4850 6200
540 417 664 481 28⁸

539 601 929 666 existimem.
1016 598 1297 665 Mirifice
1351 599 1529 662 enim
1587 606 1879 663 nostram
1921 596 2317 663 sententiam
2362 615 2478 660 ex-

538 686 851 771 primunt,
895 685 1224 768 explicant
1263 682 1544 765 denique
1585 691 1653 749 et
1692 683 2097 761 confirmant,
2142 692 2218 746 ut
2257 700 2479 764 spere·

537 793 710 852 mus,
753 770 855 837 his
899 771 1083 837 nobis
1125 769 1521 836 cordatiores
1561 767 1814 834 facilius
1869 777 1935 832 et
1977 768 2219 835 arctius
2262 767 2477 832 conci-

539 857 772 923 liatum
817 856 919 922 iri.

715 943 870 1008 Mox
913 942 980 1008 in
1026 942 1254 1008 eodem
1296 940 1448 1006 folio
1489 939 1669 1005 linea
1710 947 1749 1003 4
1796 940 2118 1023 sequitur:
2148 943 2231 1011 Η)
2281 937 2481 1003 Plane

543 1030 791 1113 mamea
856 1028 1210 1111 mabilio
1273 1031 1382 1092 est.
1486 1026 1645 1091 Pro:
1713 1027 1964 1109 ’παρίω
2035 1023 2478 1109 reponendum

541 1131 921 1199 putaremus
961 1115 1201 1198 ingens,
1247 1113 1348 1177 vel
1392 1111 1604 1177 simile
1637 1111 1966 1195 quidpiam
2002 1110 2243 1175 mitius.
2311 1110 2478 1176 Eius

541 1200 800 1285 generis
857 1209 956 1265 est
1015 1197 1184 1282 quod
1239 1195 1537 1281 sequitur
1591 1197 1697 1263 fol.
1758 1203 1831 1275 8,
1883 1195 2048 1262 facie
2110 1201 2164 1260 1.
2255 1197 2479 1278 Itaque

540 1286 705 1368 quod
746 1286 1143 1350 amionem
1173 1284 1584 1351 consecrantis
1616 1282 1963 1348 necessario
1993 1283 2322 1363 requirwnt
2355 1303 2477 1364 pa-

529 1372 758 1455 pis-tae,
795 1370 1165 1436 diabolicum
1215 1369 1566 1452 ftqmekum
1622 1388 1753 1435 esse
1805 1388 1928 1434 non
1981 1367 2360 1433 dubitamus,
2387 1370 2474 1439 ¹²)

539 1457 676 1522 Pro
727 1455 1031 1521 diabolico
1089 1474 1548 1537 reponeremus
1613 1456 1801 1519 inane
1853 1459 1912 1518 et
1968 1453 2235 1519 exitiale.
2326 1452 2473 1518 Non

540 1542 713 1625 quod
757 1545 882 1607 ista
941 1562 1072 1606 non
1135 1561 1285 1606 vere
1343 1540 1672 1619 dicautur,
1732 1539 1847 1604 scd
1888 1538 2059 1621 qnod
2104 1540 2240 1603 sint
2280 1540 2474 1604 innu-

540 1631 703 1693 meri
760 1629 936 1692 inter
991 1627 1280 1710 papistas
1335 1644 1614 1709 magnae
1671 1627 1809 1708 spei
1852 1625 2006 1701 viri,
2065 1626 2176 1707 qui
2225 1624 2477 1691 acerbis

540 1712 908 1778 huiusmodi
988 1712 1466 1795 loquutionibus
1541 1721 1655 1775 aut
1738 1711 1956 1776 verbis
2034 1710 2473 1786 offenduntur,

542 1798 780 1883 quibus
844 1799 1157 1863 hactenus
1209 1798 1384 1880 parci
1415 1798 1501 1878 ¹⁸)
1557 1806 1894 1880 putamus,
1966 1795 2170 1860 donec
2222 1794 2303 1860 ad
2359 1817 2477 1860 nos

539 1884 734 1969 plene
799 1883 1170 1950 concedant.
1273 1882 1499 1965 Neque
1560 1902 1716 1948 vero
1775 1881 1930 1946 dum
2001 1882 2262 1947 voculae
2327 1880 2477 1945 illae

540 1978 910 2047 mutantur,
965 1967 1218 2052 deperit
1272 1970 1363 2033 rei
1420 1967 1770 2051 quidpiam,
1828 1978 1939 2032 aut
1981 1968 2185 2033 ullum
2231 1969 2477 2049 patitur

543 2055 1007 2120 detrimentum
1055 2056 1315 2119 veritas.

717 2141 972 2206 Rursus
1005 2141 1109 2205 fol.
1158 2146 1215 2217 8,
1263 2141 1421 2206 facie
1476 2147 1536 2202 l:
1600 2139 1700 2204 Sit
1739 2141 1935 2222 ὁρίων
1968 2145 2076 2203 aut
2119 2138 2327 2204 Iudas
2368 2144 2480 2204 md

543 2227 896 2310 Epimm
933 2226 1166 2307 aliquis
1187 2237 1305 2291 etc.
1336 2231 1419 2292 ¹⁴)
1485 2226 1649 2290 Post
1682 2226 1810 2291 ista
1851 2238 2002 2289 ante
2043 2224 2204 2290 haec
2247 2224 2474 2289 verba:

544 2313 766 2395 Itaque
820 2313 985 2394 quod
1041 2313 1430 2377 intentionem
1483 2321 1602 2377 etc.
1663 2308 2079 2376 inserendum
2137 2319 2475 2392 putamus:

541 2397 691 2463 Non
735 2396 901 2481 quod
947 2418 1140 2463 curae
1184 2396 1369 2464 nobis
1413 2397 1581 2462 nihil
1623 2397 1729 2473 sit,
1775 2397 1980 2462 sancti
2025 2416 2108 2460 an
2155 2396 2477 2478 prophani

541 2485 678 2548 sint
731 2484 1015 2548 ministri
1083 2494 1197 2548 aut
1251 2483 1578 2566 polluatur
1631 2492 1985 2548 orneturve
2040 2482 2476 2546 ministerium

541 2582 874 2643 sanctum,
933 2567 1047 2633 sed
1089 2567 1262 2650 quod
1317 2569 1684 2653 significare
1728 2568 2047 2643 volumuS,
2104 2590 2223 2633 nos
2267 2569 2474 2634 virtu-

540 2664 672 2720 tem
717 2662 1274 2720 sacramentorum
1329 2674 1736 2738 nequaquam
1794 2654 2090 2720 derivare
2134 2675 2215 2719 ex
2260 2652 2475 2737 digni-

537 2748 672 2805 tate
714 2742 820 2805 vel
869 2740 1000 2806 indi
1054 2742 1254 2805 nitate
1301 2742 1766 2806 ministrorum.
1854 2740 2173 2805 Fatemur
2236 2739 2479 2822 alioqui

539 2827 875 2892 ministros
920 2827 989 2891 in
1035 2828 1220 2911 ignos
1264 2826 1332 2890 in
1378 2825 1676 2891 ordinem
1718 2823 2106 2909 redigendos
2161 2834 2228 2889 et
2271 2826 2328 2890 si
2371 2845 2478 2890 res

535 2912 628 2977 ita
671 2913 984 2995 flagitarit
1026 2912 1389 2977 ministerio
1434 2910 1825 2978 abdicandos
1866 2920 1987 2975 ete.

712 2996 952 3063 Eodem
999 2997 1149 3061 folio
1193 3006 1262 3062 et
1301 2998 1495 3063 facie:
1527 3001 1611 3073 ¹⁸)
1667 2998 1866 3079 Atqm·
1918 3016 2054 3061 reos
2095 3015 2216 3060 non
2255 2997 2482 3076 faceret

544 3082 793 3150 Paulus
844 3084 1122 3164 corporis
1190 3087 1246 3148 et
1298 3083 1627 3168 sanyudnis
1682 3080 1977 3159 Domini,
2046 3082 2158 3163 qui
2223 3081 2482 3165 indigem

537 3170 918 3234 manducant
959 3170 1089 3233 nisi
1133 3168 1514 3252 (legendum
1595 3178 1855 3235 utamus
1898 3171 1958 3233 ai
2005 3187 2128 3251 pro
2169 3168 2327 3240 nisi)
2366 3167 2480 3248 fie-

539 3261 675 3319 rent
715 3254 846 3336 ipsi
886 3274 1119 3336 quoque
1149 3255 1490 3338 participes
1537 3191 1793 3321 ὃῆηθύι.

711 3340 959 3406 Eodem
1019 3341 1172 3405 folio
1225 3341 1396 3406 linea
1447 3340 1712 3406 ultima:
1776 3340 2013 3422 Quando
2067 3340 2295 3404 rectius
2336 3339 2479 3403 Au·

535 3427 829 3512 ynstims
855 3430 934 3501 ¹⁶)
979 3437 1100 3492 etc.
1190 3427 1411 3492 Etiam
1455 3427 1576 3493 hoc
1617 3426 1756 3492 loco
1813 3422 2161 3492 inserenda
2203 3424 2478 3491 arbitra-

538 3533 696 3578 mur
739 3513 1057 3579 verbotim
1101 3511 1171 3579 S.
1194 3512 1558 3597 Augustini
1600 3513 1802 3579 verba
1842 3511 2013 3595 quod
2057 3509 2480 3577 vehementer

537 3607 837 3684 pugnent
870 3607 1098 3666 contra
1129 3597 1556 3676 adversarios,
1592 3598 1706 3664 sed
1741 3609 1807 3664 et
1837 3598 2063 3681 paucis
2095 3595 2262 3661 illud
2282 3597 2477 3663 Pauli

540 3685 897 3768 explicent:
946 3705 1077 3749 non
1122 3683 1487 3751 diiudicans
1528 3704 1762 3767 corpus
1803 3683 2100 3761 Domini,
2156 3682 2325 3766 quod
2371 3680 2481 3749 ad-

541 3770 816 3836 versarii
868 3771 1057 3835 aliter
1112 3773 1641 3854 interpretantur.
1745 3770 1929 3835 Haec
1993 3779 2214 3835 autem
2277 3769 2477 3833 inseri

539 3874 626 3922 cu
671 3856 872 3920 imus:
930 3855 1219 3921 Multum
1276 3857 1583 3932 interest,
1644 3878 1777 3921 nou
1831 3855 1983 3939 quid
2029 3855 2316 3938 accipiat,
2362 3853 2479 3920 sed

541 3961 688 4023 quis
731 3942 1023 4024 accipiat,
1080 3961 1200 4007 nec
1242 3942 1433 4026 quale
1488 3943 1577 4008 sit
1618 3941 1786 4025 quod
1823 3943 2042 4020 datur,
2097 3940 2211 4007 sed
2269 3940 2478 4023 qualis

541 4024 632 4093 sit
672 4026 812 4111 ipse
855 4029 958 4092 cui
1016 4027 1228 4093 datur.
1318 4028 1487 4094 Nam
1547 4039 1614 4094 et
1672 4029 1841 4094 bona
1890 4028 2131 4093 obsunt
2182 4037 2250 4091 et
2306 4025 2480 4091 mala

537 4124 828 4198 prosunt,
873 4113 1043 4178 sicut
1083 4112 1327 4179 fuerint
1370 4116 1603 4197 quibus
1644 4112 1853 4179 datur.
1932 4112 2111 4194 Quid
2155 4130 2312 4195 ergo
2354 4112 2477 4177 mi-

539 4200 711 4264 raris
768 4201 823 4263 si
865 4197 1055 4265 datus
1109 4209 1208 4265 est
1255 4198 1462 4265 Iudae
1517 4203 1706 4283 panis
1763 4199 2051 4274 Christi,
2107 4219 2225 4283 per
2280 4218 2479 4280 quem

539 4285 1022 4367 manciparetur
1064 4284 1334 4363 diabolo,
1379 4308 1578 4369 quum
1625 4285 1846 4351 videas
1888 4307 1925 4351 e
1965 4285 2311 4359 contrario,
2362 4281 2477 4348 da-

541 4377 682 4436 tum
729 4370 938 4436 Paulo
997 4370 1302 4454 angelum
1360 4371 1597 4437 diaboli
1656 4393 1776 4456 per
1815 4391 2010 4454 quem
2053 4371 2478 4453 perficeretur

537 4456 612 4521 in
654 4455 967 4522 Christo?
1053 4456 1160 4521 Ita
1205 4466 1272 4520 et
1326 4457 1498 4522 malo
1557 4460 1796 4523 bonum
1838 4457 2064 4532 obfuit,
2119 4465 2187 4520 et
2231 4454 2475 4520 malum

538 4539 708 4608 bono
752 4543 1009 4626 profuit.
1075 4541 1534 4608 Recordamiui
1580 4541 1753 4609 unde
1796 4543 1883 4609 sit
1925 4541 2270 4624 scriptum:
2314 4539 2477 4621 Qui·

537 4648 804 4782 ogque·
863 4627 1361 4780 madiiiducaverit
1425 4647 1662 4779 pangm
1726 4636 1842 4693 aut
1888 4627 2139 4775 ’bibet'it
2206 4625 2476 4727 calicem

644 4735 809 4780 mini
874 4737 940 4778 in
1013 4735 1172 4799 gne,
1251 4734 1402 4781 reus
1466 4735 1563 4780 en
1655 4733 1942 4798 corporis
2004 4734 2040 4778 e
2133 4732 2473 4796 sanguinis

543 4888 630 4902 -ο

714 4989 799 5055 ll)
835 4989 967 5046 ibid.

713 5057 807 5118 18)
843 5058 972 5114 wid.
1007 5078 1061 5129 p.
1093 5059 1164 5112 26
1196 5059 1330 5113 med.

713 5126 808 5192 18)
843 5130 953 5182 εἰσί

717 5192 807 5259 14)
839 5196 937 5252 ubo·
968 5212 1154 5317 affro,
1191 5197 1284 5252 sed
1311 5196 1429 5261 fere
1460 5198 1580 5250 init.
1614 5196 1865 5264 popinae.

714 5262 807 5396 {23
837 5278 970 5387 tit.
1073 5304 1085 5314 ·

2190 406 2651 475 linerolas
2695 412 2861 474 2034

4388 412 4516 477 284

2579 597 2863 664 Domini.
2930 597 3022 663 Et
3047 597 3130 663 de
3169 597 3274 663 his
3316 607 3459 663 erat
3499 617 3741 676 sermo,
3776 618 3980 681 quum
4023 598 4147 664 hoc
4187 597 4517 682 apostolus

2576 683 2838 761 diceret,
2882 685 2992 767 qui
3015 682 3286 749 Domini
3319 702 3553 766 corpus
3587 683 3774 749 velut
3815 682 4015 748 alium
4050 681 4267 749 cibum
4287 704 4516 766 quem·

2577 768 2734 835 libet
2772 768 3120 836 indiscrete
3159 770 3691 854 negligenterque
3734 767 4096 835 sumebant.
4183 768 4316 836 Hic
4357 790 4517 855 ergo

2577 857 2635 922 si
2676 856 3044 938 corripitur,
3089 856 3202 938 qui
3238 875 3370 919 non
3415 854 3747 930 diiudicat,
3791 854 3914 920 hoc
3954 862 4057 921 est
4096 875 4230 920 non
4272 854 4516 923 discer-

2577 941 2681 1006 nit
2738 963 2779 1007 a
2829 942 3100 1006 caeteris
3156 939 3316 1007 cibis
3370 939 3766 1008 dominicum
3806 961 4062 1024 corpus,
4127 961 4255 1025 quo
4317 941 4513 1007 modo

2577 1047 2711 1092 non
2754 1025 3140 1104 damnatur,
3196 1027 3307 1109 qui
3371 1025 3454 1091 ad
3505 1028 3645 1093 eius
3703 1046 3997 1093 mensam
4037 1028 4296 1111 fingens
4354 1026 4515 1093 ami·

2576 1134 2752 1211 cum·
2781 1112 3030 1211 accedit
3085 1111 3434 1212 inimicus?
3532 1112 3611 1177 Si
3665 1112 4168 1195 reprehensione
4187 1197 4201 1212 .
4224 1112 4518 1197 tangitur

2577 1198 3451 1364 iissssgssi'vtiffiffvffiii
3506 1218 3925 1350 {ima
3953 1207 4519 1367 ffssssuffidffi

2577 1369 2769 1435 datus
2811 1370 2935 1434 nisi
2981 1369 3463 1448 demonstratio,
3508 1370 3617 1434 cui
3649 1370 3901 1453 gratiae
3936 1370 4164 1435 fuisset
4195 1370 4513 1453 ingratus.

2576 1455 2865 1520 Intravit
2907 1468 3125 1520 autem
3172 1454 3501 1521 Sathanas
3544 1464 3694 1538 post
3748 1455 3930 1520 hunc
3986 1475 4218 1538 panem
4262 1456 4335 1519 in
4376 1453 4518 1520 Do-

2574 1542 2737 1606 mini
2782 1540 3194 1619 traditorem,
3250 1551 3325 1606 ut
3367 1542 3492 1607 sibi
3536 1541 3667 1606 iam
3712 1540 4027 1606 traditum
4069 1541 4327 1623 plenius
4367 1563 4516 1624 pos-

2576 1627 2818 1693 sideret
2833 1677 2847 1703 ,
2903 1627 2974 1691 in
3016 1646 3209 1709 quem
3253 1627 3437 1709 prius
3480 1628 3863 1703 intraverat,
3911 1640 3987 1692 ut
4028 1626 4354 1710 deciperet
4393 1637 4514 1694 etc.

2576 1713 2723 1779 Iam
2766 1711 3332 1796 subiungeremus,
3374 1732 3540 1795 quae
3583 1722 3977 1796 sequuntur:
4006 1713 4087 1791 ¹⁷)
4146 1713 4327 1779 Alibi
4368 1733 4517 1794 quo-

2576 1820 2695 1881 que
2734 1797 2960 1863 celebre
3001 1799 3171 1864 istud
3216 1796 3453 1864 Christi
3492 1799 3724 1864 dictum
3764 1808 3885 1864 etc.
3928 1806 4051 1865 etc.

2748 1885 2838 1949 Et
2880 1883 3050 1968 quod
3096 1904 3251 1948 mox
3293 1885 3620 1966 sequitur:
3686 1883 4000 1950 Desinant
4056 1904 4197 1967 erqo
4241 1885 4517 1965 imperiti

2577 1970 2852 2069 homines
2882 1990 3005 2050 pro
3051 1969 3221 2034 Iuda
3284 1969 3552 2053 litiyare,
3600 1990 3673 2069 [ιε
3712 1969 3829 2035 sub
3884 1971 4329 2121 ςίαεέονεοηα
4361 1990 4512 2052 pro·

2566 2054 3529 2239 Ρίεζΐηὲίέἕαθζιὲαῗέζαωίέῗωσ
3559 2055 4517 2224 Ροτίοᾶιιιῖιωθεὶοὴνριῗὲουᾶαω

2581 2248 2946 2292 monemus:
2992 2226 3318 2292 Desinant
3359 2247 3517 2311 ergo
3552 2228 3836 2310 imperiti
3871 2225 4166 2292 homines
4206 2247 4325 2310 pro
4346 2226 4517 2293 Iuda

2580 2314 2854 2396 litigare,
2902 2333 2987 2378 ne
3020 2312 3363 2378 Christum
3406 2316 3548 2378 sine
3592 2311 3852 2378 Christo
3896 2322 4201 2396 appetere
4244 2310 4516 2379 videan-

2578 2408 2706 2475 tur,
2749 2399 3005 2463 omissis
3048 2399 3129 2463 iis
3172 2419 3338 2481 quae
3381 2407 3538 2464 sunt
3578 2400 3649 2462 in
3692 2398 3921 2464 medio.

2748 2484 2935 2550 Folio
2981 2490 3037 2564 9,
3079 2484 3244 2548 facie
3296 2490 3358 2548 l:
3416 2484 3555 2550 Imo
3607 2485 3773 2552 nihil
3813 2487 3885 2549 in
3926 2504 4115 2551 sacra
4154 2482 4341 2567 siyna
4376 2504 4518 2549 nna-

2573 2572 2678 2670 qis
2718 2570 3218 2635 contumeliosum
3256 2569 3436 2669 finyi·
3460 2575 3657 2653 potest
3710 2590 3897 2652 quam
3951 2589 4159 2635 comm
4200 2574 4519 2635 veritatem

2578 2677 2651 2721 m
2681 2662 3001 2738 praesenta
3040 2661 3281 2721 tantum
3316 2662 3545 2722 cottone
3586 2676 3791 2738 vtqcre
3832 2666 3953 2720 etc.
3982 2659 4069 2731 η)
4153 2656 4516 2721 Praeoccu-

2624 2741 2868 2807 andum
2914 2742 3019 2807 hic
3077 2742 3347 2806 omnino
3398 2741 3653 2807 videtur
3706 2761 3789 2805 ne
3846 2741 4197 2807 adversarii
4252 2760 4337 2805 ex
4392 2741 4520 2805 hac

2578 2829 2866 2893 inferant
2904 2828 3258 2893 sententia:
3303 2828 3518 2893 Extra
3558 2848 3754 2894 usum
3796 2829 4014 2909 itaque
4048 2826 4295 2909 species
4328 2827 4518 2909 panis

2580 2924 2647 2979 et
2691 2915 2826 2979 vini
2871 2914 3089 2978 valere
3130 2922 3199 2978 et
3239 2913 3410 2979 iuste
3452 2914 3777 2980 asservari
3819 2920 3940 2978 etc.
4027 2911 4348 2996 Onpimus
4393 2912 4519 2977 ita-

2581 3019 2706 3082 que
2763 2999 3020 3082 planius
3079 3007 3146 3063 et
3202 2998 3462 3081 plenius
3515 3008 3803 3065 mentem
3857 3005 4149 3064 nostram
4204 2997 4519 3080 explicari

2583 3092 2657 3151 nt
2690 3106 2916 3150 omnes
2958 3084 3331 3170 intelligant
3367 3086 3610 3151 sentire
3630 3081 3765 3151 *nos
3801 3086 4113 3151 virtutem
4148 3103 4519 3152 sacramen-

2582 3182 2797 3237 torum
2840 3172 3508 3255 significationemque
3550 3173 3621 3235 in
3664 3193 3923 3237 omnem
3966 3191 4039 3238 se
4080 3169 4373 3236 fidelium
4412 3168 4520 3234 vi·

2582 3266 2718 3322 tam
2774 3253 3143 3321 extendere.
3227 3256 3416 3340 Ipsas
3474 3267 3691 3323 autem
3746 3258 3999 3340 species
4067 3256 4137 3322 in
4192 3277 4320 3322 usu
4374 3274 4521 3322 esse

2581 3341 2836 3425 spiritu,
2882 3339 3098 3421 verbo,
3142 3343 3550 3408 institutione
3598 3344 4052 3422 sanctificatae,
4095 3348 4285 3408 extra
4325 3362 4523 3408 usum

2581 3448 2737 3493 vero
2779 3449 2911 3492 non
2953 3428 3131 3506 item,
3174 3448 3385 3512 neque
3427 3448 3570 3494 esse
3613 3437 4022 3495 sacramenta
4075 3435 4144 3492 et
4195 3424 4341 3493 ideo
4383 3447 4521 3492 uon

2579 3521 2878 3598 oportere
2919 3513 3032 3578 illa
3072 3515 3396 3579 asservari
3438 3535 3556 3597 per
3598 3516 4138 3597 superstitionem.

2749 3599 2998 3664 Eodem
3054 3600 3234 3664 folio:
3298 3600 3513 3683 Neque
3568 3600 3734 3666 enim
3798 3600 3950 3666 dum
3999 3599 4252 3666 Paulus
4296 3596 4521 3668 chria-

2580 3685 3674 3752 tmdooethabitareincordibus
3725 3687 4117 3769 mamper
4167 3683 4526 3767 fidcmloco

2578 3790 2760 3836 verae
2780 3770 3182 3838 habitationis
3201 3772 3707 3857 intimat-ionem
3738 3770 4045 3854 supponit,
4086 3772 4195 3836 scd

2578 3858 2752 3957 tanti.
2778 3856 2921 3922 boni
2953 3859 3401 3939 possessivum
3441 3876 3766 3984 corgam
3819 3856 4003 3936 (addi
4044 3855 4520 3923 desideramus:

2750 3953 3192 4094 fissssffiqffii}
3217 3944 3399 4096 “ficio
3435 4034 3506 4093 2.
3551 3951 3776 4096 Semel
3814 4036 3884 4093 et
3923 4029 4162 4094 iterum
4207 4027 4370 4094 dicis
4410 4028 4519 4093 in-

2578 4114 2900 4179 effabilem
2958 4121 3075 4178 aut
3125 4114 3846 4197 incomprehensibilem
3911 4123 4235 4198 captuque
4288 4123 4519 4178 ποθι-ιο

2577 4199 3020 4265 sublimiorem
3082 4222 3224 4266 esse
3284 4200 3606 4266 unitatem
3673 4210 3967 4267 nostram
4021 4220 4173 4266 cum
4226 4197 4520 4265 Christo.

2578 4287 2673 4351 At
2712 4306 2833 4350 nos
2877 4289 2944 4351 in
2988 4286 3179 4350 initio
3220 4285 3691 4352 Oonseusionis
3748 4295 4012 4352 nostrae
4068 4284 4252 4350 illam
4306 4283 4523 4366 expli—

2576 4371 2887 4438 cavimus.
2976 4372 3330 4437 Videretur
3380 4392 3535 4456 ergo
3588 4371 3700 4437 ille
3751 4371 3931 4438 locus
3977 4371 4073 4439 sic
4129 4390 4270 4437 esse
4313 4390 4521 4453 expo-

2577 4454 2860 4522 nendus:
2951 4455 3223 4524 Sacram
3296 4457 3620 4524 unitatem
3694 4465 3890 4540 atque
3964 4456 4520 4534 communionem,

2576 4562 2772 4694 Ram·
2812 4542 2905 4625 pii
2946 4553 3013 4608 et
3026 4542 3276 4694 tfidelles
3332 4543 3767 4696 thentmoum
3808 4543 3941 4643 filio
3983 4543 4137 4694 lzlessie
4152 4542 4525 4709 ipoefffl

2686 4648 2864 4694 mino
2905 4649 3129 4695 nosro
3204 4650 3322 4694 esu
3472 4651 3562 4696 ns
3673 4650 3711 4693 e
3765 4650 3968 4696 sacris
4138 4649 4230 4694 ris

2576 4734 2712 4779 non
2754 4736 2835 4780 ex
2881 4713 3189 4781 humanis
3245 4716 3659 4794 commentis,
3717 4711 4032 4781 eiusmodi
4088 4713 4391 4780 novimus
4445 4721 4525 4779 et

2576 4797 2881 4866 docemus
2921 4800 3092 4884 quod
3135 4801 3248 4867 ille
3299 4823 3420 4867 nos
3478 4800 3604 4867 sibi
3647 4801 4051 4885 coniungens
4064 4851 4080 4878 ,
4137 4821 4271 4866 non
4319 4798 4527 4866 modo

2578 4886 2786 4952 vitam
2832 4884 3019 4952 nobis
3063 4908 3251 4953 suam
3294 4886 3592 4964 instillat,
3637 4886 3751 4952 sed
3786 4907 3991 4952 unum
4011 4906 4265 4970 quoque
4302 4884 4531 4952 nobis-

2750 5126 2844 5190 17)
2880 5128 2952 5182 ib.
2986 5129 3045 5181 in
3076 5129 3187 5193 fine
3216 5125 3469 5195 paam.

2752 5194 2842 5262 18)
2880 5196 3032 5251 Hace
3062 5211 3100 5248 a
3138 5195 3365 5250 Calvino
3397 5200 3607 5250 mndata
3638 5201 3781 5249 sunt.
3866 5195 3997 5251 Viae
4027 5194 4162 5251 ntia.
4195 5202 4303 5250 not.
4337 5195 4437 5250 ult.

2751 5262 2840 5326 19)
2871 5280 2997 5332 paq.
3031 5263 3100 5316 29
3133 5263 3227 5328 fin.
3259 5269 3313 5318 et
3337 5279 3467 5333 pay.
3501 5262 3572 5316 30
3602 5269 3714 5318 not.
3752 5265 3800 5319 1.

2748 5331 4070 5401 20)paa.3ossu.ubinihilmmmoidcbic.
