<?xml version="1.0" encoding="UTF-8"?>
<!DOCTYPE html PUBLIC "-//W3C//DTD XHTML 1.0 Transitional//EN"
    "http://www.w3.org/TR/xhtml1/DTD/xhtml1-transitional.dtd">
<html xmlns="http://www.w3.org/1999/xhtml" xml:lang="en" lang="en">
 <head>
  <title>
</title>
<meta http-equiv="Content-Type" content="text/html;charset=utf-8" />
  <meta name='ocr-system' content='tesseract 3.04.00' />
  <meta name='ocr-capabilities' content='ocr_page ocr_carea ocr_par ocr_line ocrx_word'/>
</head>
<body>
  <div class='ocr_page' id='page_1' title='image "./ioanniscalvinio09unkngoog_0170.png"; bbox 0 0 4850 6200; ppageno 0'>
   <div class='ocr_carea' id='block_1_1' title="bbox 489 488 619 551">
    <p class='ocr_par' dir='ltr' id='par_1_1' title="bbox 489 488 619 551">
     <span class='ocr_line' id='line_1_1' title="bbox 489 488 619 551; baseline -0.015 0"><span class='ocrx_word' id='word_1_1' title='bbox 489 488 619 551; x_wconf 77' lang='lat'><strong>343</strong></span> 
     </span>
    </p>
   </div>
   <div class='ocr_carea' id='block_1_2' title="bbox 481 669 2452 4961">
    <p class='ocr_par' dir='ltr' id='par_1_2' title="bbox 481 669 2452 1787">
     <span class='ocr_line' id='line_1_2' title="bbox 485 669 2446 759; baseline -0.003 -19"><span class='ocrx_word' id='word_1_2' title='bbox 485 672 742 759; x_wconf 77' lang='lat' dir='ltr'><strong>⁴peccati</strong></span> <span class='ocrx_word' id='word_1_3' title='bbox 768 671 1180 753; x_wconf 87' lang='lat' dir='ltr'><strong>insultnsque</strong></span> <span class='ocrx_word' id='word_1_4' title='bbox 1216 669 1446 736; x_wconf 86' lang='lat' dir='ltr'><strong>mundi</strong></span> <span class='ocrx_word' id='word_1_5' title='bbox 1489 676 1557 736; x_wconf 93' lang='lat' dir='ltr'><strong>et</strong></span> <span class='ocrx_word' id='word_1_6' title='bbox 1578 669 1836 749; x_wconf 89' lang='lat' dir='ltr'><strong>diaboli,</strong></span> <span class='ocrx_word' id='word_1_7' title='bbox 1883 678 2181 755; x_wconf 88' lang='lat' dir='ltr'><strong>atqueeo</strong></span> <span class='ocrx_word' id='word_1_8' title='bbox 2209 669 2446 735; x_wconf 87' lang='lat' dir='ltr'><strong>aetatis</strong></span> 
     </span>
     <span class='ocr_line' id='line_1_3' title="bbox 481 755 2447 840; baseline -0.003 -15"><span class='ocrx_word' id='word_1_9' title='bbox 481 759 866 825; x_wconf 80' lang='lat' dir='ltr'><strong>constitutis</strong></span> <span class='ocrx_word' id='word_1_10' title='bbox 908 758 1196 823; x_wconf 85' lang='lat' dir='ltr'><strong>maxime</strong></span> <span class='ocrx_word' id='word_1_11' title='bbox 1237 757 1558 835; x_wconf 81' lang='lat' dir='ltr'><strong>convenit,</strong></span> <span class='ocrx_word' id='word_1_12' title='bbox 1610 778 1771 840; x_wconf 85' lang='lat' dir='ltr'><strong>quos</strong></span> <span class='ocrx_word' id='word_1_13' title='bbox 1817 757 2052 840; x_wconf 88' lang='lat' dir='ltr'><strong>partim</strong></span> <span class='ocrx_word' id='word_1_14' title='bbox 2097 755 2447 821; x_wconf 88' lang='lat' dir='ltr'><strong>infirmitas</strong></span> 
     </span>
     <span class='ocr_line' id='line_1_4' title="bbox 487 840 2446 929; baseline -0.003 -18"><span class='ocrx_word' id='word_1_15' title='bbox 487 844 734 922; x_wconf 86' lang='lat' dir='ltr'><strong>carnis,</strong></span> <span class='ocrx_word' id='word_1_16' title='bbox 770 844 1010 929; x_wconf 89' lang='lat' dir='ltr'><strong>partim</strong></span> <span class='ocrx_word' id='word_1_17' title='bbox 1044 842 1275 908; x_wconf 88' lang='lat' dir='ltr'><strong>mundi</strong></span> <span class='ocrx_word' id='word_1_18' title='bbox 1310 843 1595 927; x_wconf 89' lang='lat' dir='ltr'><strong>impetus</strong></span> <span class='ocrx_word' id='word_1_19' title='bbox 1616 851 1683 908; x_wconf 93' lang='lat' dir='ltr'><strong>et</strong></span> <span class='ocrx_word' id='word_1_20' title='bbox 1705 841 1994 909; x_wconf 84' lang='lat' dir='ltr'><strong>Satanae</strong></span> <span class='ocrx_word' id='word_1_21' title='bbox 2031 840 2298 907; x_wconf 77' lang='lat' dir='ltr'><strong>fraudes</strong></span> <span class='ocrx_word' id='word_1_22' title='bbox 2331 840 2446 906; x_wconf 90' lang='lat' dir='ltr'><strong>ad-</strong></span> 
     </span>
     <span class='ocr_line' id='line_1_5' title="bbox 491 927 2447 1011; baseline -0.003 -15"><span class='ocrx_word' id='word_1_23' title='bbox 491 930 809 997; x_wconf 89' lang='lat' dir='ltr'><strong>oriantur.</strong></span> <span class='ocrx_word' id='word_1_24' title='bbox 856 929 990 996; x_wconf 72' lang='lat' dir='ltr'><strong>Sed</strong></span> <span class='ocrx_word' id='word_1_25' title='bbox 1019 951 1102 995; x_wconf 90' lang='lat' dir='ltr'><strong>ne</strong></span> <span class='ocrx_word' id='word_1_26' title='bbox 1119 928 1355 1011; x_wconf 85' lang='lat' dir='ltr'><strong>aliquis</strong></span> <span class='ocrx_word' id='word_1_27' title='bbox 1378 928 1449 993; x_wconf 90' lang='lat' dir='ltr'><strong>in</strong></span> <span class='ocrx_word' id='word_1_28' title='bbox 1472 927 1596 995; x_wconf 85' lang='lat' dir='ltr'><strong>hac</strong></span> <span class='ocrx_word' id='word_1_29' title='bbox 1618 928 2111 993; x_wconf 88' lang='lat' dir='ltr'><strong>confirmatione</strong></span> <span class='ocrx_word' id='word_1_30' title='bbox 2136 945 2322 992; x_wconf 89' lang='lat' dir='ltr'><strong>error</strong></span> <span class='ocrx_word' id='word_1_31' title='bbox 2341 927 2447 991; x_wconf 84' lang='lat' dir='ltr'><strong>in·</strong></span> 
     </span>
     <span class='ocr_line' id='line_1_6' title="bbox 491 1013 2450 1100; baseline -0.003 -17"><span class='ocrx_word' id='word_1_32' title='bbox 491 1017 582 1083; x_wconf 84' lang='lat' dir='ltr'><strong>sit</strong></span> <span class='ocrx_word' id='word_1_33' title='bbox 600 1014 1016 1100; x_wconf 72' lang='lat' dir='ltr'>rhapsodiam</span> <span class='ocrx_word' id='word_1_34' title='bbox 1034 1013 1359 1098; x_wconf 87' lang='lat' dir='ltr'><strong>quandam</strong></span> <span class='ocrx_word' id='word_1_35' title='bbox 1386 1014 1761 1080; x_wconf 74' lang='lat' dir='ltr'><strong>catechismi</strong></span> <span class='ocrx_word' id='word_1_36' title='bbox 1784 1024 2076 1080; x_wconf 88' lang='lat' dir='ltr'><strong>assuunt.</strong></span> <span class='ocrx_word' id='word_1_37' title='bbox 2101 1013 2203 1079; x_wconf 85' lang='lat' dir='ltr'><strong>Ea</strong></span> <span class='ocrx_word' id='word_1_38' title='bbox 2226 1022 2450 1078; x_wconf 87' lang='lat' dir='ltr'><strong>autem</strong></span> 
     </span>
     <span class='ocr_line' id='line_1_7' title="bbox 491 1098 2451 1179; baseline -0.004 -10"><span class='ocrx_word' id='word_1_39' title='bbox 491 1100 646 1169; x_wconf 84' lang='lat' dir='ltr'><strong>fidei</strong></span> <span class='ocrx_word' id='word_1_40' title='bbox 669 1101 985 1179; x_wconf 88' lang='lat' dir='ltr'><strong>articulis,</strong></span> <span class='ocrx_word' id='word_1_41' title='bbox 1023 1100 1318 1166; x_wconf 90' lang='lat' dir='ltr'><strong>oratione</strong></span> <span class='ocrx_word' id='word_1_42' title='bbox 1352 1099 1677 1165; x_wconf 90' lang='lat' dir='ltr'><strong>dominica</strong></span> <span class='ocrx_word' id='word_1_43' title='bbox 1700 1120 1774 1166; x_wconf 89' lang='lat' dir='ltr'><strong>ac</strong></span> <span class='ocrx_word' id='word_1_44' title='bbox 1798 1098 2144 1175; x_wconf 89' lang='lat' dir='ltr'><strong>mandatis,</strong></span> <span class='ocrx_word' id='word_1_45' title='bbox 2192 1098 2313 1165; x_wconf 90' lang='lat' dir='ltr'><strong>hoc</strong></span> <span class='ocrx_word' id='word_1_46' title='bbox 2348 1106 2451 1163; x_wconf 90' lang='lat' dir='ltr'><strong>eet</strong></span> 
     </span>
     <span class='ocr_line' id='line_1_8' title="bbox 491 1182 2451 1337; baseline -0.003 -84"><span class='ocrx_word' id='word_1_47' title='bbox 491 1186 747 1255; x_wconf 83' lang='lat' dir='ltr'><strong>duobus</strong></span> <span class='ocrx_word' id='word_1_48' title='bbox 770 1187 917 1273; x_wconf 90' lang='lat' dir='ltr'><strong>plus</strong></span> <span class='ocrx_word' id='word_1_49' title='bbox 943 1188 1161 1251; x_wconf 86' lang='lat' dir='ltr'><strong>minus</strong></span> <span class='ocrx_word' id='word_1_50' title='bbox 1196 1185 1367 1251; x_wconf 80' lang='lat' dir='ltr'><strong>foliis</strong></span> <span class='ocrx_word' id='word_1_51' title='bbox 1388 1185 1740 1270; x_wconf 87' lang='lat' dir='ltr'><strong>perficitur.</strong></span> <span class='ocrx_word' id='word_1_52' title='bbox 1794 1182 2037 1337; x_wconf 48' lang='lat' dir='ltr'><strong>{Nemo</strong></span> <span class='ocrx_word' id='word_1_53' title='bbox 2059 1184 2317 1269; x_wconf 87' lang='lat' dir='ltr'><strong>papista</strong></span> <span class='ocrx_word' id='word_1_54' title='bbox 2350 1196 2451 1249; x_wconf 89' lang='lat' dir='ltr'><strong>est</strong></span> 
     </span>
     <span class='ocr_line' id='line_1_9' title="bbox 489 1269 2452 1358; baseline -0.002 -19"><span class='ocrx_word' id='word_1_55' title='bbox 489 1280 628 1339; x_wconf 88' lang='lat' dir='ltr'><strong>tam</strong></span> <span class='ocrx_word' id='word_1_56' title='bbox 670 1282 839 1339; x_wconf 91' lang='lat' dir='ltr'><strong>teter</strong></span> <span class='ocrx_word' id='word_1_57' title='bbox 872 1272 981 1355; x_wconf 91' lang='lat' dir='ltr'><strong>qui</strong></span> <span class='ocrx_word' id='word_1_58' title='bbox 1027 1272 1107 1338; x_wconf 89' lang='lat' dir='ltr'><strong>ab</strong></span> <span class='ocrx_word' id='word_1_59' title='bbox 1151 1272 1278 1337; x_wconf 90' lang='lat' dir='ltr'><strong>isto</strong></span> <span class='ocrx_word' id='word_1_60' title='bbox 1315 1272 1709 1338; x_wconf 76' lang='lat' dir='ltr'><strong>catechismo</strong></span> <span class='ocrx_word' id='word_1_61' title='bbox 1751 1290 1789 1335; x_wconf 89' lang='lat' dir='ltr'><strong>a</strong></span> <span class='ocrx_word' id='word_1_62' title='bbox 1834 1269 2148 1358; x_wconf 74' lang='lat' dir='ltr'><strong>horreat]</strong></span> <span class='ocrx_word' id='word_1_63' title='bbox 2203 1269 2452 1352; x_wconf 90' lang='lat' dir='ltr'><strong>Incipit</strong></span> 
     </span>
     <span class='ocr_line' id='line_1_10' title="bbox 494 1355 2448 1425; baseline -0.002 -1"><span class='ocrx_word' id='word_1_64' title='bbox 494 1368 717 1425; x_wconf 91' lang='lat' dir='ltr'><strong>autem</strong></span> <span class='ocrx_word' id='word_1_65' title='bbox 801 1358 1206 1424; x_wconf 84' lang='lat' dir='ltr'><strong>confirmatio</strong></span> <span class='ocrx_word' id='word_1_66' title='bbox 1299 1356 1381 1422; x_wconf 92' lang='lat' dir='ltr'><strong>ab</strong></span> <span class='ocrx_word' id='word_1_67' title='bbox 1465 1357 1587 1424; x_wconf 90' lang='lat' dir='ltr'><strong>hac</strong></span> <span class='ocrx_word' id='word_1_68' title='bbox 1664 1357 2021 1421; x_wconf 84' lang='lat' dir='ltr'><strong>sententia:</strong></span> <span class='ocrx_word' id='word_1_69' title='bbox 2103 1355 2448 1421; x_wconf 82' lang='lat' dir='ltr'><strong>Auxilium</strong></span> 
     </span>
     <span class='ocr_line' id='line_1_11' title="bbox 490 1441 2448 1527; baseline -0.002 -18"><span class='ocrx_word' id='word_1_70' title='bbox 490 1456 791 1510; x_wconf 88' lang='lat' dir='ltr'><strong>nostrum</strong></span> <span class='ocrx_word' id='word_1_71' title='bbox 864 1466 902 1509; x_wconf 83' lang='lat' dir='ltr'><strong>a</strong></span> <span class='ocrx_word' id='word_1_72' title='bbox 973 1442 1280 1508; x_wconf 87' lang='lat' dir='ltr'><strong>Domino.</strong></span> <span class='ocrx_word' id='word_1_73' title='bbox 1385 1444 1582 1527; x_wconf 89' lang='lat' dir='ltr'><strong>Resp.</strong></span> <span class='ocrx_word' id='word_1_74' title='bbox 1664 1441 1800 1525; x_wconf 80' lang='lat' dir='ltr'><strong>Qui</strong></span> <span class='ocrx_word' id='word_1_75' title='bbox 1859 1443 2012 1507; x_wconf 85' lang='lat' dir='ltr'><strong>fecit</strong></span> <span class='ocrx_word' id='word_1_76' title='bbox 2068 1441 2321 1507; x_wconf 86' lang='lat' dir='ltr'><strong>coelum</strong></span> <span class='ocrx_word' id='word_1_77' title='bbox 2380 1452 2448 1506; x_wconf 90' lang='lat' dir='ltr'><strong>et</strong></span> 
     </span>
     <span class='ocr_line' id='line_1_12' title="bbox 489 1526 2447 1610; baseline -0.003 -14"><span class='ocrx_word' id='word_1_78' title='bbox 489 1542 739 1596; x_wconf 88' lang='lat' dir='ltr'><strong>terram</strong></span> <span class='ocrx_word' id='word_1_79' title='bbox 784 1540 902 1597; x_wconf 85' lang='lat' dir='ltr'><strong>etc.</strong></span> <span class='ocrx_word' id='word_1_80' title='bbox 995 1530 1100 1595; x_wconf 83' lang='lat' dir='ltr'><strong>Sit</strong></span> <span class='ocrx_word' id='word_1_81' title='bbox 1142 1547 1384 1593; x_wconf 90' lang='lat' dir='ltr'><strong>nomen</strong></span> <span class='ocrx_word' id='word_1_82' title='bbox 1431 1529 1705 1594; x_wconf 89' lang='lat' dir='ltr'><strong>Domini</strong></span> <span class='ocrx_word' id='word_1_83' title='bbox 1759 1526 2193 1595; x_wconf 89' lang='lat' dir='ltr'><strong>benedictum.</strong></span> <span class='ocrx_word' id='word_1_84' title='bbox 2246 1528 2447 1610; x_wconf 88' lang='lat' dir='ltr'><strong>Resp.</strong></span> 
     </span>
     <span class='ocr_line' id='line_1_13' title="bbox 497 1613 2447 1683; baseline -0.001 -2"><span class='ocrx_word' id='word_1_85' title='bbox 497 1616 604 1681; x_wconf 82' lang='lat' dir='ltr'><strong>Ex</strong></span> <span class='ocrx_word' id='word_1_86' title='bbox 651 1613 774 1683; x_wconf 90' lang='lat' dir='ltr'><strong>hoc</strong></span> <span class='ocrx_word' id='word_1_87' title='bbox 817 1636 997 1681; x_wconf 88' lang='lat' dir='ltr'><strong>nunc</strong></span> <span class='ocrx_word' id='word_1_88' title='bbox 1050 1625 1169 1679; x_wconf 86' lang='lat' dir='ltr'><strong>etc.</strong></span> <span class='ocrx_word' id='word_1_89' title='bbox 1271 1614 1552 1680; x_wconf 91' lang='lat' dir='ltr'><strong>Domine</strong></span> <span class='ocrx_word' id='word_1_90' title='bbox 1606 1617 1848 1679; x_wconf 82' lang='lat' dir='ltr'><strong>exaudi</strong></span> <span class='ocrx_word' id='word_1_91' title='bbox 1904 1614 2265 1679; x_wconf 90' lang='lat' dir='ltr'><strong>orationem</strong></span> <span class='ocrx_word' id='word_1_92' title='bbox 2324 1623 2447 1680; x_wconf 86' lang='lat' dir='ltr'><strong>etc.</strong></span> 
     </span>
     <span class='ocr_line' id='line_1_14' title="bbox 491 1697 2447 1787; baseline -0.002 -20"><span class='ocrx_word' id='word_1_93' title='bbox 491 1702 692 1784; x_wconf 81' lang='lat' dir='ltr'><strong>Resp.</strong></span> <span class='ocrx_word' id='word_1_94' title='bbox 775 1702 861 1766; x_wconf 85' lang='lat' dir='ltr'><strong>Et</strong></span> <span class='ocrx_word' id='word_1_95' title='bbox 904 1700 1147 1765; x_wconf 89' lang='lat' dir='ltr'><strong>clamor</strong></span> <span class='ocrx_word' id='word_1_96' title='bbox 1182 1708 1299 1765; x_wconf 85' lang='lat' dir='ltr'><strong>etc.</strong></span> <span class='ocrx_word' id='word_1_97' title='bbox 1359 1697 1464 1787; x_wconf 91' lang='lat' dir='ltr'><strong>[ut</strong></span> <span class='ocrx_word' id='word_1_98' title='bbox 1507 1699 1680 1782; x_wconf 87' lang='lat' dir='ltr'><strong>apud</strong></span> <span class='ocrx_word' id='word_1_99' title='bbox 1725 1703 2167 1766; x_wconf 75' lang='lat' dir='ltr'><strong>Romanenses</strong></span> <span class='ocrx_word' id='word_1_100' title='bbox 2211 1700 2447 1764; x_wconf 87' lang='lat' dir='ltr'><strong>suffra-</strong></span> 
     </span>
    </p>

    <p class='ocr_par' dir='ltr' id='par_1_3' title="bbox 495 1785 2449 2129">
     <span class='ocr_line' id='line_1_15' title="bbox 581 1785 2445 1871; baseline -0.001 -19"><span class='ocrx_word' id='word_1_101' title='bbox 581 1786 786 1869; x_wconf 91' lang='lat' dir='ltr'><strong>neos].</strong></span> <span class='ocrx_word' id='word_1_102' title='bbox 876 1787 1064 1851; x_wconf 80' lang='lat' dir='ltr'><strong>Tunc</strong></span> <span class='ocrx_word' id='word_1_103' title='bbox 1105 1805 1375 1850; x_wconf 83' lang='lat' dir='ltr'><strong>manum</strong></span> <span class='ocrx_word' id='word_1_104' title='bbox 1413 1787 1718 1869; x_wconf 85' lang='lat' dir='ltr'><strong>imponit:</strong></span> <span class='ocrx_word' id='word_1_105' title='bbox 1777 1786 2077 1871; x_wconf 89' lang='lat' dir='ltr'><strong>Protege,</strong></span> <span class='ocrx_word' id='word_1_106' title='bbox 2124 1785 2445 1868; x_wconf 87' lang='lat' dir='ltr'><strong>inquiens,</strong></span> 
     </span>
     <span class='ocr_line' id='line_1_16' title="bbox 495 1808 2447 1954; baseline -0.001 -16"><span class='ocrx_word' id='word_1_107' title='bbox 495 1808 783 1938; x_wconf 52' lang='lat' dir='ltr'><strong>{nomine</strong></span> <span class='ocrx_word' id='word_1_108' title='bbox 828 1871 1002 1937; x_wconf 89' lang='lat' dir='ltr'><strong>hunc</strong></span> <span class='ocrx_word' id='word_1_109' title='bbox 1057 1891 1329 1954; x_wconf 90' lang='lat' dir='ltr'><strong>puerum</strong></span> <span class='ocrx_word' id='word_1_110' title='bbox 1392 1884 1511 1937; x_wconf 92' lang='lat' dir='ltr'><strong>etc.</strong></span> <span class='ocrx_word' id='word_1_111' title='bbox 1612 1871 2048 1938; x_wconf 87' lang='lat' dir='ltr'><strong>Consarciens</strong></span> <span class='ocrx_word' id='word_1_112' title='bbox 2103 1870 2300 1937; x_wconf 88' lang='lat' dir='ltr'><strong>etiam</strong></span> <span class='ocrx_word' id='word_1_113' title='bbox 2361 1889 2447 1936; x_wconf 81' lang='lat' dir='ltr'><strong>ex</strong></span> 
     </span>
     <span class='ocr_line' id='line_1_17' title="bbox 499 1957 2449 2042; baseline -0.001 -19"><span class='ocrx_word' id='word_1_114' title='bbox 499 1958 706 2023; x_wconf 90' lang='lat' dir='ltr'><strong>altera</strong></span> <span class='ocrx_word' id='word_1_115' title='bbox 749 1957 1060 2041; x_wconf 87' lang='lat' dir='ltr'><strong>quadam:</strong></span> <span class='ocrx_word' id='word_1_116' title='bbox 1110 1957 1231 2023; x_wconf 91' lang='lat' dir='ltr'><strong>hoc</strong></span> <span class='ocrx_word' id='word_1_117' title='bbox 1275 1958 1463 2042; x_wconf 90' lang='lat' dir='ltr'><strong>signo</strong></span> <span class='ocrx_word' id='word_1_118' title='bbox 1512 1978 1628 2023; x_wconf 84' lang='lat' dir='ltr'><strong>nos</strong></span> <span class='ocrx_word' id='word_1_119' title='bbox 1671 1958 2152 2024; x_wconf 85' lang='lat' dir='ltr'><strong>commonefieri</strong></span> <span class='ocrx_word' id='word_1_120' title='bbox 2196 1959 2449 2042; x_wconf 90' lang='lat' dir='ltr'><strong>gratiae</strong></span> 
     </span>
     <span class='ocr_line' id='line_1_18' title="bbox 496 2042 1140 2129; baseline -0.002 -20"><span class='ocrx_word' id='word_1_121' title='bbox 496 2063 655 2129; x_wconf 87' lang='lat' dir='ltr'><strong>erga</strong></span> <span class='ocrx_word' id='word_1_122' title='bbox 701 2065 819 2108; x_wconf 86' lang='lat' dir='ltr'><strong>nos</strong></span> <span class='ocrx_word' id='word_1_123' title='bbox 862 2042 1140 2110; x_wconf 82' lang='lat' dir='ltr'><strong>divinae.</strong></span> 
     </span>
    </p>

    <p class='ocr_par' dir='ltr' id='par_1_4' title="bbox 491 2128 2450 3243">
     <span class='ocr_line' id='line_1_19' title="bbox 669 2128 2447 2214; baseline -0.001 -20"><span class='ocrx_word' id='word_1_124' title='bbox 669 2128 845 2195; x_wconf 86' lang='lat' dir='ltr'><strong>Huic</strong></span> <span class='ocrx_word' id='word_1_125' title='bbox 901 2128 1318 2213; x_wconf 86' lang='lat' dir='ltr'><strong>subiungitur</strong></span> <span class='ocrx_word' id='word_1_126' title='bbox 1373 2129 1658 2214; x_wconf 85' lang='lat' dir='ltr'><strong>coniugii</strong></span> <span class='ocrx_word' id='word_1_127' title='bbox 1727 2129 1927 2205; x_wconf 84' lang='lat' dir='ltr'><strong>rati0,</strong></span> <span class='ocrx_word' id='word_1_128' title='bbox 1988 2129 2173 2194; x_wconf 91' lang='lat' dir='ltr'><strong>cuius</strong></span> <span class='ocrx_word' id='word_1_129' title='bbox 2228 2148 2447 2193; x_wconf 84' lang='lat' dir='ltr'><strong>caere-</strong></span> 
     </span>
     <span class='ocr_line' id='line_1_20' title="bbox 494 2214 2447 2299; baseline -0.001 -19"><span class='ocrx_word' id='word_1_130' title='bbox 494 2215 750 2281; x_wconf 84' lang='lat' dir='ltr'><strong>monias</strong></span> <span class='ocrx_word' id='word_1_131' title='bbox 793 2235 869 2281; x_wconf 93' lang='lat' dir='ltr'><strong>eo</strong></span> <span class='ocrx_word' id='word_1_132' title='bbox 914 2236 1114 2298; x_wconf 89' lang='lat' dir='ltr'><strong>usque</strong></span> <span class='ocrx_word' id='word_1_133' title='bbox 1173 2216 1560 2299; x_wconf 79' lang='lat' dir='ltr'><strong>perferimus</strong></span> <span class='ocrx_word' id='word_1_134' title='bbox 1612 2214 1823 2299; x_wconf 89' lang='lat' dir='ltr'><strong>quoad</strong></span> <span class='ocrx_word' id='word_1_135' title='bbox 1879 2214 2088 2279; x_wconf 89' lang='lat' dir='ltr'><strong>risum</strong></span> <span class='ocrx_word' id='word_1_136' title='bbox 2143 2234 2277 2279; x_wconf 88' lang='lat' dir='ltr'><strong>non</strong></span> <span class='ocrx_word' id='word_1_137' title='bbox 2332 2236 2447 2279; x_wconf 88' lang='lat' dir='ltr'><strong>ex-</strong></span> 
     </span>
     <span class='ocr_line' id='line_1_21' title="bbox 496 2299 2450 2383; baseline -0.002 -17"><span class='ocrx_word' id='word_1_138' title='bbox 496 2302 716 2367; x_wconf 88' lang='lat' dir='ltr'><strong>citent.</strong></span> <span class='ocrx_word' id='word_1_139' title='bbox 818 2299 1166 2365; x_wconf 75' lang='lat' dir='ltr'><strong>Caeterum</strong></span> <span class='ocrx_word' id='word_1_140' title='bbox 1216 2301 1365 2383; x_wconf 85' lang='lat' dir='ltr'><strong>quis</strong></span> <span class='ocrx_word' id='word_1_141' title='bbox 1416 2322 1616 2366; x_wconf 88' lang='lat' dir='ltr'><strong>sanus</strong></span> <span class='ocrx_word' id='word_1_142' title='bbox 1671 2300 1904 2366; x_wconf 91' lang='lat' dir='ltr'><strong>saltem</strong></span> <span class='ocrx_word' id='word_1_143' title='bbox 1958 2300 2297 2376; x_wconf 78' lang='lat' dir='ltr'><strong>toleraret,</strong></span> <span class='ocrx_word' id='word_1_144' title='bbox 2371 2309 2450 2364; x_wconf 91' lang='lat' dir='ltr'><strong>ut</strong></span> 
     </span>
     <span class='ocr_line' id='line_1_22' title="bbox 498 2385 2446 2470; baseline -0.001 -19"><span class='ocrx_word' id='word_1_145' title='bbox 498 2386 771 2452; x_wconf 86' lang='lat' dir='ltr'><strong>maritus</strong></span> <span class='ocrx_word' id='word_1_146' title='bbox 839 2386 1151 2452; x_wconf 86' lang='lat' dir='ltr'><strong>annulum</strong></span> <span class='ocrx_word' id='word_1_147' title='bbox 1229 2407 1425 2470; x_wconf 80' lang='lat' dir='ltr'><strong>super</strong></span> <span class='ocrx_word' id='word_1_148' title='bbox 1500 2385 1742 2452; x_wconf 91' lang='lat' dir='ltr'><strong>librum</strong></span> <span class='ocrx_word' id='word_1_149' title='bbox 1828 2386 2188 2470; x_wconf 84' lang='lat' dir='ltr'><strong>deponeret</strong></span> <span class='ocrx_word' id='word_1_150' title='bbox 2251 2407 2446 2469; x_wconf 88' lang='lat' dir='ltr'><strong>quem</strong></span> 
     </span>
     <span class='ocr_line' id='line_1_23' title="bbox 494 2470 2448 2556; baseline -0.001 -18"><span class='ocrx_word' id='word_1_151' title='bbox 494 2473 822 2538; x_wconf 79' lang='lat' dir='ltr'><strong>sacrificus</strong></span> <span class='ocrx_word' id='word_1_152' title='bbox 865 2481 1197 2556; x_wconf 87' lang='lat' dir='ltr'><strong>arreptum</strong></span> <span class='ocrx_word' id='word_1_153' title='bbox 1224 2471 1425 2537; x_wconf 85' lang='lat' dir='ltr'><strong>tradit</strong></span> <span class='ocrx_word' id='word_1_154' title='bbox 1445 2474 1679 2538; x_wconf 88' lang='lat' dir='ltr'><strong>marito</strong></span> <span class='ocrx_word' id='word_1_155' title='bbox 1720 2473 1792 2537; x_wconf 89' lang='lat' dir='ltr'><strong>in</strong></span> <span class='ocrx_word' id='word_1_156' title='bbox 1818 2493 2107 2551; x_wconf 89' lang='lat' dir='ltr'><strong>manum,</strong></span> <span class='ocrx_word' id='word_1_157' title='bbox 2144 2470 2448 2556; x_wconf 89' lang='lat' dir='ltr'><strong>iubetque</strong></span> 
     </span>
     <span class='ocr_line' id='line_1_24' title="bbox 494 2556 2448 2642; baseline 0.001 -20"><span class='ocrx_word' id='word_1_158' title='bbox 494 2570 572 2623; x_wconf 92' lang='lat' dir='ltr'><strong>ut</strong></span> <span class='ocrx_word' id='word_1_159' title='bbox 613 2558 684 2623; x_wconf 90' lang='lat' dir='ltr'><strong>in</strong></span> <span class='ocrx_word' id='word_1_160' title='bbox 721 2564 1023 2642; x_wconf 89' lang='lat' dir='ltr'><strong>quartum</strong></span> <span class='ocrx_word' id='word_1_161' title='bbox 1065 2560 1286 2623; x_wconf 83' lang='lat' dir='ltr'><strong>uxoris</strong></span> <span class='ocrx_word' id='word_1_162' title='bbox 1323 2557 1384 2622; x_wconf 88' lang='lat' dir='ltr'><strong>di</strong></span> <span class='ocrx_word' id='word_1_163' title='bbox 1436 2559 1597 2623; x_wconf 89' lang='lat' dir='ltr'><strong>itum</strong></span> <span class='ocrx_word' id='word_1_164' title='bbox 1635 2558 1886 2633; x_wconf 88' lang='lat' dir='ltr'><strong>induat,</strong></span> <span class='ocrx_word' id='word_1_165' title='bbox 1935 2558 2059 2623; x_wconf 89' lang='lat' dir='ltr'><strong>hac</strong></span> <span class='ocrx_word' id='word_1_166' title='bbox 2095 2556 2448 2623; x_wconf 83' lang='lat' dir='ltr'><strong>verborum</strong></span> 
     </span>
     <span class='ocr_line' id='line_1_25' title="bbox 493 2643 2448 2726; baseline -0.001 -17"><span class='ocrx_word' id='word_1_167' title='bbox 493 2644 704 2709; x_wconf 79' lang='lat' dir='ltr'><strong>forma</strong></span> <span class='ocrx_word' id='word_1_168' title='bbox 747 2652 969 2708; x_wconf 87' lang='lat' dir='ltr'><strong>utens:</strong></span> <span class='ocrx_word' id='word_1_169' title='bbox 1019 2643 1163 2710; x_wconf 88' lang='lat' dir='ltr'><strong>Hoc</strong></span> <span class='ocrx_word' id='word_1_170' title='bbox 1208 2664 1381 2709; x_wconf 88' lang='lat' dir='ltr'><strong>annu</strong></span> <span class='ocrx_word' id='word_1_171' title='bbox 1414 2666 1452 2710; x_wconf 93' lang='lat' dir='ltr'><strong>o</strong></span> <span class='ocrx_word' id='word_1_172' title='bbox 1511 2657 1575 2710; x_wconf 88' lang='lat' dir='ltr'><strong>te</strong></span> <span class='ocrx_word' id='word_1_173' title='bbox 1620 2643 1805 2721; x_wconf 86' lang='lat' dir='ltr'><strong>duce,</strong></span> <span class='ocrx_word' id='word_1_174' title='bbox 1862 2663 2131 2726; x_wconf 88' lang='lat' dir='ltr'><strong>corpore</strong></span> <span class='ocrx_word' id='word_1_175' title='bbox 2184 2664 2331 2709; x_wconf 93' lang='lat' dir='ltr'><strong>meo</strong></span> <span class='ocrx_word' id='word_1_176' title='bbox 2381 2652 2448 2708; x_wconf 92' lang='lat' dir='ltr'><strong>te</strong></span> 
     </span>
     <span class='ocr_line' id='line_1_26' title="bbox 497 2727 2449 2807; baseline -0.001 -12"><span class='ocrx_word' id='word_1_177' title='bbox 497 2729 763 2807; x_wconf 89' lang='lat' dir='ltr'><strong>honoro,</strong></span> <span class='ocrx_word' id='word_1_178' title='bbox 824 2739 891 2794; x_wconf 92' lang='lat' dir='ltr'><strong>et</strong></span> <span class='ocrx_word' id='word_1_179' title='bbox 947 2750 1096 2794; x_wconf 90' lang='lat' dir='ltr'><strong>cum</strong></span> <span class='ocrx_word' id='word_1_180' title='bbox 1164 2729 1468 2796; x_wconf 90' lang='lat' dir='ltr'><strong>omnibus</strong></span> <span class='ocrx_word' id='word_1_181' title='bbox 1533 2730 1698 2795; x_wconf 86' lang='lat' dir='ltr'><strong>meis</strong></span> <span class='ocrx_word' id='word_1_182' title='bbox 1761 2731 1947 2797; x_wconf 89' lang='lat' dir='ltr'><strong>bonis</strong></span> <span class='ocrx_word' id='word_1_183' title='bbox 2013 2743 2077 2794; x_wconf 90' lang='lat' dir='ltr'><strong>te</strong></span> <span class='ocrx_word' id='word_1_184' title='bbox 2142 2727 2306 2795; x_wconf 86' lang='lat' dir='ltr'><strong>dito:</strong></span> <span class='ocrx_word' id='word_1_185' title='bbox 2375 2730 2449 2794; x_wconf 89' lang='lat' dir='ltr'><strong>in</strong></span> 
     </span>
     <span class='ocr_line' id='line_1_27' title="bbox 493 2815 2447 2882; baseline -0.001 -1"><span class='ocrx_word' id='word_1_186' title='bbox 493 2816 760 2881; x_wconf 90' lang='lat' dir='ltr'><strong>nomine</strong></span> <span class='ocrx_word' id='word_1_187' title='bbox 871 2817 1032 2880; x_wconf 90' lang='lat' dir='ltr'><strong>atris</strong></span> <span class='ocrx_word' id='word_1_188' title='bbox 1089 2826 1157 2880; x_wconf 88' lang='lat' dir='ltr'><strong>ct</strong></span> <span class='ocrx_word' id='word_1_189' title='bbox 1215 2816 1329 2881; x_wconf 82' lang='lat' dir='ltr'><strong>filii</strong></span> <span class='ocrx_word' id='word_1_190' title='bbox 1388 2827 1506 2882; x_wconf 88' lang='lat' dir='ltr'><strong>etc.</strong></span> <span class='ocrx_word' id='word_1_191' title='bbox 1609 2816 1736 2881; x_wconf 91' lang='lat' dir='ltr'><strong>His</strong></span> <span class='ocrx_word' id='word_1_192' title='bbox 1807 2818 1898 2879; x_wconf 83' lang='lat' dir='ltr'><strong>ita</strong></span> <span class='ocrx_word' id='word_1_193' title='bbox 1953 2815 2159 2881; x_wconf 88' lang='lat' dir='ltr'><strong>finitis</strong></span> <span class='ocrx_word' id='word_1_194' title='bbox 2227 2836 2447 2880; x_wconf 86' lang='lat' dir='ltr'><strong>coram</strong></span> 
     </span>
     <span class='ocr_line' id='line_1_28' title="bbox 492 2900 2447 2986; baseline -0.001 -19"><span class='ocrx_word' id='word_1_195' title='bbox 492 2921 720 2967; x_wconf 89' lang='lat' dir='ltr'><strong>mensa</strong></span> <span class='ocrx_word' id='word_1_196' title='bbox 847 2901 1126 2965; x_wconf 86' lang='lat' dir='ltr'><strong>ominica</strong></span> <span class='ocrx_word' id='word_1_197' title='bbox 1202 2902 1542 2984; x_wconf 86' lang='lat' dir='ltr'><strong>prostratis</strong></span> <span class='ocrx_word' id='word_1_198' title='bbox 1621 2901 1955 2968; x_wconf 88' lang='lat' dir='ltr'><strong>sacrificus</strong></span> <span class='ocrx_word' id='word_1_199' title='bbox 2034 2903 2155 2966; x_wconf 90' lang='lat' dir='ltr'><strong>ait:</strong></span> <span class='ocrx_word' id='word_1_200' title='bbox 2230 2900 2447 2986; x_wconf 78' lang='lat' dir='ltr'><strong>Kyrie</strong></span> 
     </span>
     <span class='ocr_line' id='line_1_29' title="bbox 493 2986 2446 3073; baseline 0 -20"><span class='ocrx_word' id='word_1_201' title='bbox 493 2987 765 3073; x_wconf 76' lang='lat' dir='ltr'><strong>eleyson</strong></span> <span class='ocrx_word' id='word_1_202' title='bbox 819 2998 938 3051; x_wconf 87' lang='lat' dir='ltr'><strong>etc.</strong></span> <span class='ocrx_word' id='word_1_203' title='bbox 1042 2986 1243 3051; x_wconf 89' lang='lat' dir='ltr'><strong>Pater</strong></span> <span class='ocrx_word' id='word_1_204' title='bbox 1310 2998 1553 3054; x_wconf 89' lang='lat' dir='ltr'><strong>noster.</strong></span> <span class='ocrx_word' id='word_1_205' title='bbox 1668 2988 1949 3052; x_wconf 89' lang='lat' dir='ltr'><strong>Domine</strong></span> <span class='ocrx_word' id='word_1_206' title='bbox 2017 2986 2275 3052; x_wconf 83' lang='lat' dir='ltr'><strong>salvum</strong></span> <span class='ocrx_word' id='word_1_207' title='bbox 2344 2988 2446 3053; x_wconf 85' lang='lat' dir='ltr'><strong>fac</strong></span> 
     </span>
     <span class='ocr_line' id='line_1_30' title="bbox 494 3072 2446 3157; baseline -0.001 -17"><span class='ocrx_word' id='word_1_208' title='bbox 494 3094 758 3140; x_wconf 86' lang='lat' dir='ltr'><strong>servum</strong></span> <span class='ocrx_word' id='word_1_209' title='bbox 807 3081 994 3138; x_wconf 90' lang='lat' dir='ltr'><strong>tuum</strong></span> <span class='ocrx_word' id='word_1_210' title='bbox 1041 3082 1106 3138; x_wconf 92' lang='lat' dir='ltr'><strong>et</strong></span> <span class='ocrx_word' id='word_1_211' title='bbox 1150 3072 1453 3139; x_wconf 77' lang='lat' dir='ltr'><strong>ancillam</strong></span> <span class='ocrx_word' id='word_1_212' title='bbox 1499 3084 1703 3139; x_wconf 89' lang='lat' dir='ltr'><strong>tuam.</strong></span> <span class='ocrx_word' id='word_1_213' title='bbox 1812 3076 2027 3157; x_wconf 85' lang='lat' dir='ltr'><strong>Atque</strong></span> <span class='ocrx_word' id='word_1_214' title='bbox 2084 3073 2178 3139; x_wconf 87' lang='lat' dir='ltr'><strong>ita</strong></span> <span class='ocrx_word' id='word_1_215' title='bbox 2220 3072 2446 3156; x_wconf 88' lang='lat' dir='ltr'><strong>paucis</strong></span> 
     </span>
     <span class='ocr_line' id='line_1_31' title="bbox 491 3157 2034 3243; baseline 0.001 -19"><span class='ocrx_word' id='word_1_216' title='bbox 491 3159 832 3226; x_wconf 87' lang='lat' dir='ltr'><strong>recensitis</strong></span> <span class='ocrx_word' id='word_1_217' title='bbox 868 3157 948 3223; x_wconf 80' lang='lat' dir='ltr'><strong>ad</strong></span> <span class='ocrx_word' id='word_1_218' title='bbox 986 3179 1253 3224; x_wconf 83' lang='lat' dir='ltr'><strong>coenam</strong></span> <span class='ocrx_word' id='word_1_219' title='bbox 1298 3157 1565 3243; x_wconf 87' lang='lat' dir='ltr'><strong>perduci</strong></span> <span class='ocrx_word' id='word_1_220' title='bbox 1610 3180 1720 3225; x_wconf 91' lang='lat' dir='ltr'><strong>eos</strong></span> <span class='ocrx_word' id='word_1_221' title='bbox 1762 3169 2034 3242; x_wconf 88' lang='lat' dir='ltr'><strong>oportet.</strong></span> 
     </span>
    </p>

    <p class='ocr_par' dir='ltr' id='par_1_5' title="bbox 489 3243 2448 3585">
     <span class='ocr_line' id='line_1_32' title="bbox 665 3243 2448 3330; baseline 0.002 -22"><span class='ocrx_word' id='word_1_222' title='bbox 665 3243 974 3310; x_wconf 84' lang='lat' dir='ltr'><strong>Visitatio</strong></span> <span class='ocrx_word' id='word_1_223' title='bbox 1016 3245 1428 3310; x_wconf 88' lang='lat' dir='ltr'><strong>infirmorum</strong></span> <span class='ocrx_word' id='word_1_224' title='bbox 1475 3245 1709 3330; x_wconf 88' lang='lat' dir='ltr'><strong>incipit</strong></span> <span class='ocrx_word' id='word_1_225' title='bbox 1762 3246 1960 3310; x_wconf 90' lang='lat' dir='ltr'><strong>etiam</strong></span> <span class='ocrx_word' id='word_1_226' title='bbox 2006 3245 2087 3310; x_wconf 87' lang='lat' dir='ltr'><strong>ab</strong></span> <span class='ocrx_word' id='word_1_227' title='bbox 2133 3245 2245 3310; x_wconf 90' lang='lat' dir='ltr'><strong>illa</strong></span> <span class='ocrx_word' id='word_1_228' title='bbox 2301 3266 2448 3311; x_wconf 88' lang='lat' dir='ltr'><strong>sen-</strong></span> 
     </span>
     <span class='ocr_line' id='line_1_33' title="bbox 491 3329 2448 3414; baseline 0.001 -19"><span class='ocrx_word' id='word_1_229' title='bbox 491 3330 730 3397; x_wconf 89' lang='lat' dir='ltr'><strong>tentia:</strong></span> <span class='ocrx_word' id='word_1_230' title='bbox 789 3331 936 3397; x_wconf 81' lang='lat' dir='ltr'><strong>Pax</strong></span> <span class='ocrx_word' id='word_1_231' title='bbox 992 3331 1078 3396; x_wconf 88' lang='lat' dir='ltr'><strong>sit</strong></span> <span class='ocrx_word' id='word_1_232' title='bbox 1133 3329 1284 3396; x_wconf 89' lang='lat' dir='ltr'><strong>huic</strong></span> <span class='ocrx_word' id='word_1_233' title='bbox 1339 3329 1580 3396; x_wconf 89' lang='lat' dir='ltr'><strong>domui.</strong></span> <span class='ocrx_word' id='word_1_234' title='bbox 1707 3330 1906 3414; x_wconf 87' lang='lat' dir='ltr'><strong>Resp.</strong></span> <span class='ocrx_word' id='word_1_235' title='bbox 1986 3330 2079 3396; x_wconf 85' lang='lat' dir='ltr'><strong>Et</strong></span> <span class='ocrx_word' id='word_1_236' title='bbox 2142 3331 2448 3397; x_wconf 88' lang='lat' dir='ltr'><strong>omnibus</strong></span> 
     </span>
     <span class='ocr_line' id='line_1_34' title="bbox 492 3414 2448 3502; baseline 0.001 -21"><span class='ocrx_word' id='word_1_237' title='bbox 492 3416 943 3482; x_wconf 88' lang='lat' dir='ltr'><strong>habitantibus</strong></span> <span class='ocrx_word' id='word_1_238' title='bbox 987 3416 1059 3481; x_wconf 88' lang='lat' dir='ltr'><strong>in</strong></span> <span class='ocrx_word' id='word_1_239' title='bbox 1101 3435 1196 3481; x_wconf 92' lang='lat' dir='ltr'><strong>ea.</strong></span> <span class='ocrx_word' id='word_1_240' title='bbox 1301 3414 1582 3483; x_wconf 83' lang='lat' dir='ltr'><strong>Caetera</strong></span> <span class='ocrx_word' id='word_1_241' title='bbox 1639 3427 1713 3482; x_wconf 91' lang='lat' dir='ltr'><strong>ut</strong></span> <span class='ocrx_word' id='word_1_242' title='bbox 1755 3416 1826 3480; x_wconf 91' lang='lat' dir='ltr'><strong>in</strong></span> <span class='ocrx_word' id='word_1_243' title='bbox 1871 3416 2138 3501; x_wconf 88' lang='lat' dir='ltr'><strong>reliquis</strong></span> <span class='ocrx_word' id='word_1_244' title='bbox 2195 3418 2448 3502; x_wconf 85' lang='lat' dir='ltr'><strong>praefa-</strong></span> 
     </span>
     <span class='ocr_line' id='line_1_35' title="bbox 489 3501 1280 3585; baseline 0 -17"><span class='ocrx_word' id='word_1_245' title='bbox 489 3501 781 3568; x_wconf 88' lang='lat' dir='ltr'><strong>tionibus</strong></span> <span class='ocrx_word' id='word_1_246' title='bbox 824 3511 888 3567; x_wconf 92' lang='lat' dir='ltr'><strong>et</strong></span> <span class='ocrx_word' id='word_1_247' title='bbox 933 3501 1280 3585; x_wconf 87' lang='lat' dir='ltr'><strong>responsis.</strong></span> 
     </span>
    </p>

    <p class='ocr_par' dir='ltr' id='par_1_6' title="bbox 492 3587 2447 3998">
     <span class='ocr_line' id='line_1_36' title="bbox 669 3587 2446 3675; baseline 0.001 -22"><span class='ocrx_word' id='word_1_248' title='bbox 669 3587 919 3653; x_wconf 81' lang='lat' dir='ltr'><strong>Funeri</strong></span> <span class='ocrx_word' id='word_1_249' title='bbox 980 3587 1093 3654; x_wconf 91' lang='lat' dir='ltr'><strong>dat</strong></span> <span class='ocrx_word' id='word_1_250' title='bbox 1137 3589 1396 3655; x_wconf 81' lang='lat' dir='ltr'><strong>obviam</strong></span> <span class='ocrx_word' id='word_1_251' title='bbox 1419 3588 1476 3666; x_wconf 74' lang='grc'><strong>7)</strong></span> <span class='ocrx_word' id='word_1_252' title='bbox 1532 3588 1867 3655; x_wconf 87' lang='lat' dir='ltr'><strong>sacrificus</strong></span> <span class='ocrx_word' id='word_1_253' title='bbox 1930 3587 2014 3654; x_wconf 89' lang='lat' dir='ltr'><strong>ad</strong></span> <span class='ocrx_word' id='word_1_254' title='bbox 2072 3589 2446 3675; x_wconf 87' lang='lat' dir='ltr'><strong>ingressum</strong></span> 
     </span>
     <span class='ocr_line' id='line_1_37' title="bbox 494 3673 2447 3760; baseline -0.001 -18"><span class='ocrx_word' id='word_1_255' title='bbox 494 3674 882 3750; x_wconf 85' lang='lat' dir='ltr'><strong>coemeterii,</strong></span> <span class='ocrx_word' id='word_1_256' title='bbox 928 3673 1034 3739; x_wconf 83' lang='lat' dir='ltr'><strong>vel</strong></span> <span class='ocrx_word' id='word_1_257' title='bbox 1082 3683 1370 3752; x_wconf 87' lang='lat' dir='ltr'><strong>cantans,</strong></span> <span class='ocrx_word' id='word_1_258' title='bbox 1419 3673 1525 3739; x_wconf 85' lang='lat' dir='ltr'><strong>vel</strong></span> <span class='ocrx_word' id='word_1_259' title='bbox 1570 3674 1892 3741; x_wconf 87' lang='lat' dir='ltr'><strong>submisse</strong></span> <span class='ocrx_word' id='word_1_260' title='bbox 1936 3675 2242 3741; x_wconf 87' lang='lat' dir='ltr'><strong>efferens:</strong></span> <span class='ocrx_word' id='word_1_261' title='bbox 2299 3675 2447 3760; x_wconf 86' lang='lat' dir='ltr'><strong>Ego</strong></span> 
     </span>
     <span class='ocr_line' id='line_1_38' title="bbox 492 3759 2446 3845; baseline 0.001 -20"><span class='ocrx_word' id='word_1_262' title='bbox 492 3781 639 3825; x_wconf 91' lang='lat' dir='ltr'><strong>sum</strong></span> <span class='ocrx_word' id='word_1_263' title='bbox 683 3761 1075 3826; x_wconf 81' lang='lat' dir='ltr'><strong>resurrectio</strong></span> <span class='ocrx_word' id='word_1_264' title='bbox 1119 3773 1184 3825; x_wconf 90' lang='lat' dir='ltr'><strong>et</strong></span> <span class='ocrx_word' id='word_1_265' title='bbox 1221 3762 1357 3826; x_wconf 84' lang='lat' dir='ltr'><strong>vita</strong></span> <span class='ocrx_word' id='word_1_266' title='bbox 1403 3769 1524 3827; x_wconf 90' lang='lat' dir='ltr'><strong>etc.</strong></span> <span class='ocrx_word' id='word_1_267' title='bbox 1572 3760 1717 3826; x_wconf 91' lang='lat' dir='ltr'><strong>Ioh.</strong></span> <span class='ocrx_word' id='word_1_268' title='bbox 1765 3767 1855 3826; x_wconf 89' lang='lat' dir='ltr'><strong>ll.</strong></span> <span class='ocrx_word' id='word_1_269' title='bbox 1904 3761 1963 3826; x_wconf 79' lang='lat' dir='ltr'>E</span> <span class='ocrx_word' id='word_1_270' title='bbox 2092 3761 2227 3828; x_wconf 90' lang='lat' dir='ltr'><strong>scio</strong></span> <span class='ocrx_word' id='word_1_271' title='bbox 2272 3759 2446 3845; x_wconf 88' lang='lat' dir='ltr'><strong>quod</strong></span> 
     </span>
     <span class='ocr_line' id='line_1_39' title="bbox 493 3843 2446 3930; baseline 0.001 -19"><span class='ocrx_word' id='word_1_272' title='bbox 493 3843 866 3930; x_wconf 88' lang='lat' dir='ltr'><strong>redemptor</strong></span> <span class='ocrx_word' id='word_1_273' title='bbox 930 3865 1116 3911; x_wconf 90' lang='lat' dir='ltr'><strong>meus</strong></span> <span class='ocrx_word' id='word_1_274' title='bbox 1177 3848 1356 3913; x_wconf 84' lang='lat' dir='ltr'><strong>vivit.</strong></span> <span class='ocrx_word' id='word_1_275' title='bbox 1466 3846 1604 3912; x_wconf 92' lang='lat' dir='ltr'><strong>Iob.</strong></span> <span class='ocrx_word' id='word_1_276' title='bbox 1677 3850 1771 3912; x_wconf 83' lang='lat'><strong>19.</strong></span> <span class='ocrx_word' id='word_1_277' title='bbox 1880 3847 1964 3912; x_wconf 91' lang='lat' dir='ltr'><strong>Ni</strong></span> <span class='ocrx_word' id='word_1_278' title='bbox 2022 3847 2067 3911; x_wconf 83' lang='lat'><strong>‘1</strong></span> <span class='ocrx_word' id='word_1_279' title='bbox 2129 3847 2200 3911; x_wconf 91' lang='lat' dir='ltr'><strong>in</strong></span> <span class='ocrx_word' id='word_1_280' title='bbox 2267 3846 2446 3914; x_wconf 89' lang='lat' dir='ltr'><strong>hunc</strong></span> 
     </span>
     <span class='ocr_line' id='line_1_40' title="bbox 496 3927 2444 3998; baseline 0.002 -3"><span class='ocrx_word' id='word_1_281' title='bbox 496 3927 820 3995; x_wconf 90' lang='lat' dir='ltr'><strong>mundum</strong></span> <span class='ocrx_word' id='word_1_282' title='bbox 879 3931 1221 3998; x_wconf 87' lang='lat' dir='ltr'><strong>intulimus</strong></span> <span class='ocrx_word' id='word_1_283' title='bbox 1279 3947 1398 3998; x_wconf 80' lang='lat' dir='ltr'><strong>etc.</strong></span> <span class='ocrx_word' id='word_1_284' title='bbox 1514 3939 1535 3996; x_wconf 96' lang='lat' dir='ltr'><strong>l</strong></span> <span class='ocrx_word' id='word_1_285' title='bbox 1598 3932 1746 3997; x_wconf 82' lang='lat' dir='ltr'><strong>&#39;1¹im</strong></span> <span class='ocrx_word' id='word_1_286' title='bbox 1795 3937 1850 3997; x_wconf 81' lang='grc'><strong>6.</strong></span> <span class='ocrx_word' id='word_1_287' title='bbox 1955 3931 2059 3998; x_wconf 88' lang='lat' dir='ltr'><strong>Ad</strong></span> <span class='ocrx_word' id='word_1_288' title='bbox 2116 3934 2444 3998; x_wconf 88' lang='lat' dir='ltr'><strong>tumulum</strong></span> 
     </span>
    </p>

    <p class='ocr_par' dir='ltr' id='par_1_7' title="bbox 495 4016 2449 4448">
     <span class='ocr_line' id='line_1_41' title="bbox 543 4016 2444 4085; baseline 0.002 -5"><span class='ocrx_word' id='word_1_289' title='bbox 543 4017 985 4082; x_wconf 84' lang='lat' dir='ltr'><strong>ervenientes:</strong></span> <span class='ocrx_word' id='word_1_290' title='bbox 1033 4016 1251 4084; x_wconf 87' lang='lat' dir='ltr'><strong>Homo</strong></span> <span class='ocrx_word' id='word_1_291' title='bbox 1296 4027 1490 4085; x_wconf 89' lang='lat' dir='ltr'><strong>natus</strong></span> <span class='ocrx_word' id='word_1_292' title='bbox 1535 4018 1616 4084; x_wconf 94' lang='lat' dir='ltr'><strong>de</strong></span> <span class='ocrx_word' id='word_1_293' title='bbox 1659 4019 1933 4085; x_wconf 89' lang='lat' dir='ltr'><strong>muliere</strong></span> <span class='ocrx_word' id='word_1_294' title='bbox 1977 4029 2097 4085; x_wconf 81' lang='lat' dir='ltr'><strong>etc.</strong></span> <span class='ocrx_word' id='word_1_295' title='bbox 2198 4018 2334 4085; x_wconf 92' lang='lat' dir='ltr'><strong>Iob.</strong></span> <span class='ocrx_word' id='word_1_296' title='bbox 2384 4023 2444 4084; x_wconf 85' lang='lat'><strong>9.</strong></span> 
     </span>
     <span class='ocr_line' id='line_1_42' title="bbox 495 4033 2447 4189; baseline 0.003 -24"><span class='ocrx_word' id='word_1_297' title='bbox 495 4033 724 4184; x_wconf 47' lang='lat' dir='ltr'><strong>auum</strong></span> <span class='ocrx_word' id='word_1_298' title='bbox 771 4111 949 4168; x_wconf 83' lang='lat' dir='ltr'><strong>terra</strong></span> <span class='ocrx_word' id='word_1_299' title='bbox 992 4103 1310 4169; x_wconf 86' lang='lat' dir='ltr'><strong>iniicitur:</strong></span> <span class='ocrx_word' id='word_1_300' title='bbox 1356 4105 1864 4182; x_wconf 74' lang='lat' dir='ltr'><strong>committimus,</strong></span> <span class='ocrx_word' id='word_1_301' title='bbox 1910 4105 2141 4189; x_wconf 89' lang='lat' dir='ltr'><strong>inquit,</strong></span> <span class='ocrx_word' id='word_1_302' title='bbox 2200 4115 2447 4170; x_wconf 90' lang='lat' dir='ltr'><strong>terram</strong></span> 
     </span>
     <span class='ocr_line' id='line_1_43' title="bbox 501 4188 2449 4274; baseline 0.003 -22"><span class='ocrx_word' id='word_1_303' title='bbox 501 4197 735 4263; x_wconf 89' lang='lat' dir='ltr'><strong>terrae,</strong></span> <span class='ocrx_word' id='word_1_304' title='bbox 800 4188 1138 4272; x_wconf 84' lang='lat' dir='ltr'><strong>pulverem</strong></span> <span class='ocrx_word' id='word_1_305' title='bbox 1206 4191 1461 4274; x_wconf 84' lang='lat' dir='ltr'><strong>pulveri</strong></span> <span class='ocrx_word' id='word_1_306' title='bbox 1529 4199 1652 4255; x_wconf 88' lang='lat' dir='ltr'><strong>etc.</strong></span> <span class='ocrx_word' id='word_1_307' title='bbox 1761 4190 2005 4257; x_wconf 83' lang='lat' dir='ltr'><strong>Audivi</strong></span> <span class='ocrx_word' id='word_1_308' title='bbox 2072 4210 2298 4257; x_wconf 84' lang='lat' dir='ltr'><strong>vocem</strong></span> <span class='ocrx_word' id='word_1_309' title='bbox 2365 4190 2449 4257; x_wconf 91' lang='lat' dir='ltr'><strong>de</strong></span> 
     </span>
     <span class='ocr_line' id='line_1_44' title="bbox 498 4271 2449 4361; baseline 0.001 -20"><span class='ocrx_word' id='word_1_310' title='bbox 498 4272 678 4341; x_wconf 89' lang='lat' dir='ltr'><strong>coelo</strong></span> <span class='ocrx_word' id='word_1_311' title='bbox 713 4271 1036 4340; x_wconf 85' lang='lat' dir='ltr'><strong>dicentem</strong></span> <span class='ocrx_word' id='word_1_312' title='bbox 1081 4285 1202 4342; x_wconf 89' lang='lat' dir='ltr'><strong>etc.</strong></span> <span class='ocrx_word' id='word_1_313' title='bbox 1278 4274 1562 4342; x_wconf 84' lang='lat' dir='ltr'><strong>Additur</strong></span> <span class='ocrx_word' id='word_1_314' title='bbox 1613 4281 1638 4340; x_wconf 92' lang='lat'>1</span> <span class='ocrx_word' id='word_1_315' title='bbox 1690 4277 1840 4343; x_wconf 88' lang='lat' dir='ltr'><strong>Oor.</strong></span> <span class='ocrx_word' id='word_1_316' title='bbox 1897 4282 1970 4340; x_wconf 82' lang='lat'><strong>15</strong></span> <span class='ocrx_word' id='word_1_317' title='bbox 2015 4287 2229 4361; x_wconf 89' lang='lat' dir='ltr'><strong>caput.</strong></span> <span class='ocrx_word' id='word_1_318' title='bbox 2284 4277 2449 4343; x_wconf 90' lang='lat' dir='ltr'><strong>Post</strong></span> 
     </span>
     <span class='ocr_line' id='line_1_45' title="bbox 499 4357 2128 4448; baseline 0.002 -23"><span class='ocrx_word' id='word_1_319' title='bbox 499 4357 765 4425; x_wconf 85' lang='lat' dir='ltr'><strong>deinde:</strong></span> <span class='ocrx_word' id='word_1_320' title='bbox 855 4360 1069 4445; x_wconf 79' lang='lat' dir='ltr'><strong>Kyrie</strong></span> <span class='ocrx_word' id='word_1_321' title='bbox 1114 4360 1398 4448; x_wconf 81' lang='lat' dir='ltr'><strong>eleyson.</strong></span> <span class='ocrx_word' id='word_1_322' title='bbox 1489 4363 1693 4428; x_wconf 90' lang='lat' dir='ltr'><strong>Pater</strong></span> <span class='ocrx_word' id='word_1_323' title='bbox 1735 4371 1963 4428; x_wconf 91' lang='lat' dir='ltr'><strong>noster</strong></span> <span class='ocrx_word' id='word_1_324' title='bbox 2006 4373 2128 4430; x_wconf 87' lang='lat' dir='ltr'><strong>etc.</strong></span> 
     </span>
    </p>

    <p class='ocr_par' dir='ltr' id='par_1_8' title="bbox 497 4447 2452 4961">
     <span class='ocr_line' id='line_1_46' title="bbox 670 4447 2449 4548; baseline 0.002 -36"><span class='ocrx_word' id='word_1_325' title='bbox 670 4447 1224 4524; x_wconf 81' lang='lat' dir='ltr'><strong>Purificationem‚</strong></span> <span class='ocrx_word' id='word_1_326' title='bbox 1270 4468 1439 4548; x_wconf 82' lang='lat' dir='ltr'><strong>quae</strong></span> <span class='ocrx_word' id='word_1_327' title='bbox 1493 4469 1533 4514; x_wconf 94' lang='lat' dir='ltr'><strong>a</strong></span> <span class='ocrx_word' id='word_1_328' title='bbox 1575 4449 1817 4514; x_wconf 89' lang='lat' dir='ltr'><strong>nostris</strong></span> <span class='ocrx_word' id='word_1_329' title='bbox 1866 4449 2227 4533; x_wconf 88' lang='lat' dir='ltr'><strong>gratiarum</strong></span> <span class='ocrx_word' id='word_1_330' title='bbox 2280 4449 2449 4515; x_wconf 89' lang='lat' dir='ltr'><strong>actio</strong></span> 
     </span>
     <span class='ocr_line' id='line_1_47' title="bbox 498 4531 2451 4618; baseline 0.003 -22"><span class='ocrx_word' id='word_1_331' title='bbox 498 4531 898 4617; x_wconf 87' lang='lat' dir='ltr'><strong>appellatur,</strong></span> <span class='ocrx_word' id='word_1_332' title='bbox 992 4554 1192 4617; x_wconf 89' lang='lat' dir='ltr'><strong>quum</strong></span> <span class='ocrx_word' id='word_1_333' title='bbox 1284 4535 1753 4618; x_wconf 74' lang='lat' dir='ltr'><strong>improbamus,</strong></span> <span class='ocrx_word' id='word_1_334' title='bbox 1843 4555 1962 4599; x_wconf 90' lang='lat' dir='ltr'><strong>nos</strong></span> <span class='ocrx_word' id='word_1_335' title='bbox 2056 4534 2451 4601; x_wconf 81' lang='lat' dir='ltr'><strong>calvinizare</strong></span> 
     </span>
     <span class='ocr_line' id='line_1_48' title="bbox 499 4617 2452 4703; baseline 0.002 -20"><span class='ocrx_word' id='word_1_336' title='bbox 499 4617 776 4703; x_wconf 83' lang='lat' dir='ltr'><strong>fingunt,</strong></span> <span class='ocrx_word' id='word_1_337' title='bbox 822 4627 1014 4702; x_wconf 89' lang='lat' dir='ltr'><strong>atque</strong></span> <span class='ocrx_word' id='word_1_338' title='bbox 1050 4618 1072 4682; x_wconf 95' lang='lat' dir='ltr'><strong>i</strong></span> <span class='ocrx_word' id='word_1_339' title='bbox 1122 4619 1195 4697; x_wconf 79' lang='lat' dir='ltr'><strong>si,</strong></span> <span class='ocrx_word' id='word_1_340' title='bbox 1243 4619 1399 4685; x_wconf 89' lang='lat' dir='ltr'><strong>dum</strong></span> <span class='ocrx_word' id='word_1_341' title='bbox 1443 4640 1590 4686; x_wconf 86' lang='lat' dir='ltr'><strong>eam</strong></span> <span class='ocrx_word' id='word_1_342' title='bbox 1625 4620 2006 4698; x_wconf 82' lang='lat' dir='ltr'><strong>defendunt,</strong></span> <span class='ocrx_word' id='word_1_343' title='bbox 2052 4642 2186 4686; x_wconf 89' lang='lat' dir='ltr'><strong>non</strong></span> <span class='ocrx_word' id='word_1_344' title='bbox 2225 4619 2452 4687; x_wconf 81' lang='lat' dir='ltr'><strong>vident</strong></span> 
     </span>
     <span class='ocr_line' id='line_1_49' title="bbox 498 4641 2452 4791; baseline 0.001 -21"><span class='ocrx_word' id='word_1_345' title='bbox 498 4725 570 4770; x_wconf 89' lang='lat' dir='ltr'><strong>se</strong></span> <span class='ocrx_word' id='word_1_346' title='bbox 627 4703 971 4770; x_wconf 79' lang='lat' dir='ltr'><strong>iudaizare.</strong></span> <span class='ocrx_word' id='word_1_347' title='bbox 1075 4641 1245 4770; x_wconf 55' lang='lat' dir='ltr'><strong>Ram</strong></span> <span class='ocrx_word' id='word_1_348' title='bbox 1313 4719 1769 4791; x_wconf 83' lang='lat' dir='ltr'><strong>praeterquam</strong></span> <span class='ocrx_word' id='word_1_349' title='bbox 1824 4704 1997 4789; x_wconf 88' lang='lat' dir='ltr'><strong>quod</strong></span> <span class='ocrx_word' id='word_1_350' title='bbox 2054 4727 2172 4790; x_wconf 89' lang='lat' dir='ltr'><strong>per</strong></span> <span class='ocrx_word' id='word_1_351' title='bbox 2227 4709 2452 4773; x_wconf 87' lang='lat' dir='ltr'><strong>omnia</strong></span> 
     </span>
     <span class='ocr_line' id='line_1_50' title="bbox 497 4790 2450 4877; baseline 0.002 -22"><span class='ocrx_word' id='word_1_352' title='bbox 497 4811 648 4856; x_wconf 87' lang='lat' dir='ltr'><strong>cum</strong></span> <span class='ocrx_word' id='word_1_353' title='bbox 696 4790 1223 4857; x_wconf 88' lang='lat' dir='ltr'><strong>haereticissimis</strong></span> <span class='ocrx_word' id='word_1_354' title='bbox 1269 4794 1539 4877; x_wconf 87' lang='lat' dir='ltr'><strong>papistis</strong></span> <span class='ocrx_word' id='word_1_355' title='bbox 1599 4794 2023 4867; x_wconf 85' lang='lat' dir='ltr'><strong>conveniant,</strong></span> <span class='ocrx_word' id='word_1_356' title='bbox 2081 4794 2280 4858; x_wconf 86' lang='lat' dir='ltr'><strong>etiam</strong></span> <span class='ocrx_word' id='word_1_357' title='bbox 2328 4813 2450 4877; x_wconf 88' lang='lat' dir='ltr'><strong>pro</strong></span> 
     </span>
     <span class='ocr_line' id='line_1_51' title="bbox 497 4877 2101 4961; baseline 0.004 -23"><span class='ocrx_word' id='word_1_358' title='bbox 497 4895 668 4961; x_wconf 86' lang='lat' dir='ltr'><strong>agno</strong></span> <span class='ocrx_word' id='word_1_359' title='bbox 712 4885 825 4942; x_wconf 91' lang='lat' dir='ltr'><strong>aut</strong></span> <span class='ocrx_word' id='word_1_360' title='bbox 859 4885 1119 4943; x_wconf 86' lang='lat' dir='ltr'><strong>turture</strong></span> <span class='ocrx_word' id='word_1_361' title='bbox 1154 4877 1415 4944; x_wconf 88' lang='lat' dir='ltr'><strong>iubetur</strong></span> <span class='ocrx_word' id='word_1_362' title='bbox 1460 4899 1802 4945; x_wconf 90' lang='lat' dir='ltr'><strong>nummum</strong></span> <span class='ocrx_word' id='word_1_363' title='bbox 1847 4878 2101 4944; x_wconf 87' lang='lat' dir='ltr'><strong>offerre.</strong></span> 
     </span>
    </p>
   </div>
   <div class='ocr_carea' id='block_1_3' title="bbox 673 5046 2449 5135">
    <p class='ocr_par' dir='ltr' id='par_1_9' title="bbox 673 5046 2449 5135">
     <span class='ocr_line' id='line_1_52' title="bbox 673 5046 2449 5135; baseline 0.003 -24"><span class='ocrx_word' id='word_1_364' title='bbox 673 5046 853 5120; x_wconf 69' lang='lat'>131⁸)</span> <span class='ocrx_word' id='word_1_365' title='bbox 892 5049 1114 5115; x_wconf 82' lang='lat' dir='ltr'><strong>multis</strong></span> <span class='ocrx_word' id='word_1_366' title='bbox 1159 5071 1234 5116; x_wconf 88' lang='lat' dir='ltr'><strong>ac</strong></span> <span class='ocrx_word' id='word_1_367' title='bbox 1279 5072 1485 5135; x_wconf 90' lang='lat' dir='ltr'><strong>paene</strong></span> <span class='ocrx_word' id='word_1_368' title='bbox 1531 5049 1805 5116; x_wconf 85' lang='lat' dir='ltr'><strong>infinitis</strong></span> <span class='ocrx_word' id='word_1_369' title='bbox 1861 5068 2068 5135; x_wconf 87' lang='lat' dir='ltr'><strong>pauca</strong></span> <span class='ocrx_word' id='word_1_370' title='bbox 2109 5069 2230 5134; x_wconf 88' lang='lat' dir='ltr'><strong>pro</strong></span> <span class='ocrx_word' id='word_1_371' title='bbox 2287 5061 2449 5117; x_wconf 90' lang='lat' dir='ltr'><strong>tem-</strong></span> 
     </span>
    </p>
   </div>
   <div class='ocr_carea' id='block_1_4' title="bbox 487 5265 2445 5391">
    <p class='ocr_par' dir='ltr' id='par_1_10' title="bbox 487 5265 2445 5391">
     <span class='ocr_line' id='line_1_53' title="bbox 706 5265 2445 5343; baseline 0.004 -21"><span class='ocrx_word' id='word_1_372' title='bbox 706 5265 762 5334; x_wconf 83' lang='grc'><strong>7)</strong></span> <span class='ocrx_word' id='word_1_373' title='bbox 801 5267 986 5323; x_wconf 69' lang='lat' dir='ltr'><strong>Lectio</strong></span> <span class='ocrx_word' id='word_1_374' title='bbox 1022 5268 1206 5324; x_wconf 69' lang='lat' dir='ltr'><strong>dubia.</strong></span> <span class='ocrx_word' id='word_1_375' title='bbox 1263 5271 1478 5342; x_wconf 67' lang='lat' dir='ltr'><strong>Anytus</strong></span> <span class='ocrx_word' id='word_1_376' title='bbox 1507 5272 1761 5341; x_wconf 75' lang='lat' dir='ltr'><strong>praebet.-</strong></span> <span class='ocrx_word' id='word_1_377' title='bbox 1814 5271 1930 5327; x_wconf 88' lang='lat' dir='ltr'><strong>The</strong></span> <span class='ocrx_word' id='word_1_378' title='bbox 1966 5274 2139 5343; x_wconf 75' lang='lat' dir='ltr'><strong>priest</strong></span> <span class='ocrx_word' id='word_1_379' title='bbox 2172 5274 2445 5329; x_wconf 85' lang='lat' dir='ltr'><strong>meetethe</strong></span> 
     </span>
     <span class='ocr_line' id='line_1_54' title="bbox 487 5333 908 5391; baseline -0.01 -1"><span class='ocrx_word' id='word_1_380' title='bbox 487 5333 595 5390; x_wconf 61' lang='lat' dir='ltr'><strong>alie</strong></span> <span class='ocrx_word' id='word_1_381' title='bbox 628 5349 780 5390; x_wconf 77' lang='lat' dir='ltr'><strong>corso</strong></span> <span class='ocrx_word' id='word_1_382' title='bbox 814 5343 908 5391; x_wconf 71' lang='lat' dir='ltr'><strong>aec.</strong></span> 
     </span>
    </p>
   </div>
   <div class='ocr_carea' id='block_1_5' title="bbox 703 5377 2501 5480">
    <p class='ocr_par' dir='ltr' id='par_1_11' title="bbox 703 5377 2501 5480">
     <span class='ocr_line' id='line_1_55' title="bbox 703 5377 2501 5480; baseline 0.006 -22"><span class='ocrx_word' id='word_1_383' title='bbox 703 5403 762 5468; x_wconf 83' lang='lat' dir='ltr'><strong>s)</strong></span> <span class='ocrx_word' id='word_1_384' title='bbox 803 5404 874 5459; x_wconf 74' lang='grc' dir='ltr'><strong>ιι.</strong></span> <span class='ocrx_word' id='word_1_385' title='bbox 909 5405 1047 5460; x_wconf 66' lang='lat' dir='ltr'><strong>mm</strong></span> <span class='ocrx_word' id='word_1_386' title='bbox 1085 5407 1258 5461; x_wconf 69' lang='lat' dir='ltr'><strong>arsen*</strong></span> <span class='ocrx_word' id='word_1_387' title='bbox 1295 5408 1540 5465; x_wconf 71' lang='lat' dir='ltr'><strong>discours</strong></span> <span class='ocrx_word' id='word_1_388' title='bbox 1587 5423 1811 5480; x_wconf 57' lang='lat' dir='ltr'><strong>mum</strong></span> <span class='ocrx_word' id='word_1_389' title='bbox 1843 5411 2188 5468; x_wconf 61' lang='lat' dir='ltr'><strong>corolum</strong></span> <span class='ocrx_word' id='word_1_390' title='bbox 2232 5415 2316 5469; x_wconf 67' lang='lat' dir='ltr'><strong>aa</strong></span> <span class='ocrx_word' id='word_1_391' title='bbox 2361 5429 2445 5469; x_wconf 78' lang='grc' dir='ltr'><strong>ω-</strong></span> <span class='ocrx_word' id='word_1_392' title='bbox 2492 5377 2501 5449; x_wconf 70' lang='lat'><em>²</em></span> 
     </span>
    </p>
   </div>
   <div class='ocr_carea' id='block_1_6' title="bbox 1994 480 2983 549">
    <p class='ocr_par' dir='ltr' id='par_1_12' title="bbox 1994 480 2983 549">
     <span class='ocr_line' id='line_1_56' title="bbox 1994 480 2983 549; baseline -0.006 1"><span class='ocrx_word' id='word_1_393' title='bbox 1994 480 2519 549; x_wconf 70' lang='lat' dir='ltr'>EPISTOLAB</span> <span class='ocrx_word' id='word_1_394' title='bbox 2565 482 2983 546; x_wconf 80' lang='lat'><strong>2059-2061</strong></span> 
     </span>
    </p>
   </div>
   <div class='ocr_carea' id='block_1_7' title="bbox 2495 670 2509 5348">
    <p class='ocr_par' dir='ltr' id='par_1_13' title="bbox 2495 670 2509 5348">
     <span class='ocr_line' id='line_1_57' title="bbox 2495 670 2509 5348; baseline 0 0"><span class='ocrx_word' id='word_1_395' title='bbox 2495 670 2509 5348; x_wconf 95' lang='lat' dir='ltr'><strong> </strong></span> 
     </span>
    </p>
   </div>
   <div class='ocr_carea' id='block_1_8' title="bbox 4375 480 4498 543">
    <p class='ocr_par' dir='ltr' id='par_1_14' title="bbox 4375 480 4498 543">
     <span class='ocr_line' id='line_1_58' title="bbox 4375 480 4498 543; baseline 0 -1"><span class='ocrx_word' id='word_1_396' title='bbox 4375 480 4498 543; x_wconf 74' lang='lat'><strong>344</strong></span> 
     </span>
    </p>
   </div>
   <div class='ocr_carea' id='block_1_9' title="bbox 2550 664 4502 2269">
    <p class='ocr_par' dir='ltr' id='par_1_15' title="bbox 2552 664 4502 839">
     <span class='ocr_line' id='line_1_59' title="bbox 2552 664 4497 820; baseline -0.001 -88"><span class='ocrx_word' id='word_1_397' title='bbox 2552 667 2730 820; x_wconf 64' lang='lat' dir='ltr'><strong>geris</strong></span> <span class='ocrx_word' id='word_1_398' title='bbox 2771 668 3027 733; x_wconf 92' lang='lat' dir='ltr'><strong>ratione</strong></span> <span class='ocrx_word' id='word_1_399' title='bbox 3071 668 3481 734; x_wconf 86' lang='lat' dir='ltr'><strong>corrasimus.</strong></span> <span class='ocrx_word' id='word_1_400' title='bbox 3545 667 3789 735; x_wconf 87' lang='lat' dir='ltr'><strong>Omnia</strong></span> <span class='ocrx_word' id='word_1_401' title='bbox 3830 669 4006 735; x_wconf 90' lang='lat' dir='ltr'><strong>enim</strong></span> <span class='ocrx_word' id='word_1_402' title='bbox 4051 668 4197 752; x_wconf 88' lang='lat' dir='ltr'><strong>quis</strong></span> <span class='ocrx_word' id='word_1_403' title='bbox 4239 664 4497 752; x_wconf 71' lang='lat' dir='ltr'><strong>potest?</strong></span> 
     </span>
     <span class='ocr_line' id='line_1_60' title="bbox 2764 751 4502 839; baseline 0.001 -21"><span class='ocrx_word' id='word_1_404' title='bbox 2764 774 2913 819; x_wconf 85' lang='lat' dir='ltr'><strong>mus</strong></span> <span class='ocrx_word' id='word_1_405' title='bbox 2954 751 3218 837; x_wconf 86' lang='lat' dir='ltr'><strong>quidem</strong></span> <span class='ocrx_word' id='word_1_406' title='bbox 3260 775 3337 821; x_wconf 90' lang='lat' dir='ltr'><strong>ac</strong></span> <span class='ocrx_word' id='word_1_407' title='bbox 3380 755 3572 821; x_wconf 84' lang='lat' dir='ltr'><strong>valde</strong></span> <span class='ocrx_word' id='word_1_408' title='bbox 3613 774 3925 839; x_wconf 78' lang='lat' dir='ltr'><strong>rogamus</strong></span> <span class='ocrx_word' id='word_1_409' title='bbox 3984 758 4177 839; x_wconf 88' lang='lat' dir='ltr'><strong>(quae</strong></span> <span class='ocrx_word' id='word_1_410' title='bbox 4232 762 4346 819; x_wconf 84' lang='lat' dir='ltr'><strong>tua</strong></span> <span class='ocrx_word' id='word_1_411' title='bbox 4400 762 4502 819; x_wconf 78' lang='lat' dir='ltr'><strong>est</strong></span> 
     </span>
    </p>

    <p class='ocr_par' dir='ltr' id='par_1_16' title="bbox 2550 839 4499 925">
     <span class='ocr_line' id='line_1_61' title="bbox 2550 839 4499 925; baseline 0.001 -20"><span class='ocrx_word' id='word_1_412' title='bbox 2550 841 2597 906; x_wconf 87' lang='lat' dir='ltr'><strong>fi</strong></span> <span class='ocrx_word' id='word_1_413' title='bbox 2644 859 2715 904; x_wconf 87' lang='lat' dir='ltr'><strong>es</strong></span> <span class='ocrx_word' id='word_1_414' title='bbox 2756 860 2831 905; x_wconf 89' lang='lat' dir='ltr'><strong>ac</strong></span> <span class='ocrx_word' id='word_1_415' title='bbox 2875 839 3164 905; x_wconf 86' lang='lat' dir='ltr'><strong>studium</strong></span> <span class='ocrx_word' id='word_1_416' title='bbox 3199 839 3282 905; x_wconf 88' lang='lat' dir='ltr'><strong>ad</strong></span> <span class='ocrx_word' id='word_1_417' title='bbox 3326 841 3897 925; x_wconf 85' lang='lat' dir='ltr'><strong>amplificationem</strong></span> <span class='ocrx_word' id='word_1_418' title='bbox 3931 840 4229 907; x_wconf 85' lang='lat' dir='ltr'><strong>coelestis</strong></span> <span class='ocrx_word' id='word_1_419' title='bbox 4262 841 4499 923; x_wconf 84' lang='lat' dir='ltr'><strong>regni),</strong></span> 
     </span>
    </p>

    <p class='ocr_par' dir='ltr' id='par_1_17' title="bbox 2552 925 4502 1010">
     <span class='ocr_line' id='line_1_62' title="bbox 2552 925 4502 1010; baseline -0.001 -19"><span class='ocrx_word' id='word_1_420' title='bbox 2552 935 2666 991; x_wconf 91' lang='lat' dir='ltr'><strong>tuo</strong></span> <span class='ocrx_word' id='word_1_421' title='bbox 2709 933 2787 990; x_wconf 88' lang='grc' dir='ltr'><strong>ιιι</strong></span> <span class='ocrx_word' id='word_1_422' title='bbox 2829 926 3100 991; x_wconf 87' lang='lat' dir='ltr'><strong>consilio</strong></span> <span class='ocrx_word' id='word_1_423' title='bbox 3134 946 3210 993; x_wconf 87' lang='lat' dir='ltr'><strong>ac</strong></span> <span class='ocrx_word' id='word_1_424' title='bbox 3243 926 3611 993; x_wconf 89' lang='lat' dir='ltr'><strong>rationibus</strong></span> <span class='ocrx_word' id='word_1_425' title='bbox 3648 926 4062 1010; x_wconf 85' lang='lat' dir='ltr'><strong>circumsepti</strong></span> <span class='ocrx_word' id='word_1_426' title='bbox 4097 925 4502 992; x_wconf 85' lang='lat' dir='ltr'><strong>constantius</strong></span> 
     </span>
    </p>

    <p class='ocr_par' dir='ltr' id='par_1_18' title="bbox 2552 1010 4498 1097">
     <span class='ocr_line' id='line_1_63' title="bbox 2552 1010 4498 1097; baseline -0.001 -21"><span class='ocrx_word' id='word_1_427' title='bbox 2552 1011 2993 1096; x_wconf 86' lang='lat' dir='ltr'><strong>propellamus</strong></span> <span class='ocrx_word' id='word_1_428' title='bbox 3035 1011 3363 1078; x_wconf 88' lang='lat' dir='ltr'><strong>humanae</strong></span> <span class='ocrx_word' id='word_1_429' title='bbox 3407 1014 3762 1097; x_wconf 85' lang='lat' dir='ltr'><strong>sapientiae</strong></span> <span class='ocrx_word' id='word_1_430' title='bbox 3805 1013 3955 1093; x_wconf 88' lang='lat' dir='ltr'><strong>tela,</strong></span> <span class='ocrx_word' id='word_1_431' title='bbox 3999 1032 4168 1095; x_wconf 88' lang='lat' dir='ltr'><strong>quae</strong></span> <span class='ocrx_word' id='word_1_432' title='bbox 4224 1012 4377 1078; x_wconf 89' lang='lat' dir='ltr'><strong>licet</strong></span> <span class='ocrx_word' id='word_1_433' title='bbox 4428 1010 4498 1075; x_wconf 83' lang='lat' dir='ltr'><strong>in</strong></span> 
     </span>
    </p>

    <p class='ocr_par' dir='ltr' id='par_1_19' title="bbox 2554 1097 4499 1183">
     <span class='ocr_line' id='line_1_64' title="bbox 2554 1097 4499 1183; baseline 0 -21"><span class='ocrx_word' id='word_1_434' title='bbox 2554 1098 2766 1181; x_wconf 87' lang='lat' dir='ltr'><strong>specie</strong></span> <span class='ocrx_word' id='word_1_435' title='bbox 2822 1105 3158 1163; x_wconf 85' lang='lat' dir='ltr'><strong>amentata</strong></span> <span class='ocrx_word' id='word_1_436' title='bbox 3177 1101 3230 1176; x_wconf 62' lang='grc' dir='ltr'><strong>θ)</strong></span> <span class='ocrx_word' id='word_1_437' title='bbox 3287 1097 3604 1166; x_wconf 87' lang='lat' dir='ltr'><strong>adversus</strong></span> <span class='ocrx_word' id='word_1_438' title='bbox 3661 1109 3882 1165; x_wconf 88' lang='lat' dir='ltr'><strong>tamen</strong></span> <span class='ocrx_word' id='word_1_439' title='bbox 3941 1098 4499 1183; x_wconf 81' lang='lat' dir='ltr'><strong>propugnaculum</strong></span> 
     </span>
    </p>

    <p class='ocr_par' dir='ltr' id='par_1_20' title="bbox 2553 1181 4498 1335">
     <span class='ocr_line' id='line_1_65' title="bbox 2553 1181 4498 1333; baseline 0.001 -86"><span class='ocrx_word' id='word_1_440' title='bbox 2553 1181 2763 1333; x_wconf 48' lang='lat' dir='ltr'><strong>blivigi</strong></span> <span class='ocrx_word' id='word_1_441' title='bbox 2842 1182 3029 1249; x_wconf 84' lang='lat' dir='ltr'><strong>verbi</strong></span> <span class='ocrx_word' id='word_1_442' title='bbox 3097 1192 3392 1251; x_wconf 90' lang='lat' dir='ltr'><strong>contorta</strong></span> <span class='ocrx_word' id='word_1_443' title='bbox 3453 1194 3763 1270; x_wconf 89' lang='lat' dir='ltr'><strong>tanquam</strong></span> <span class='ocrx_word' id='word_1_444' title='bbox 3846 1184 4083 1251; x_wconf 86' lang='lat' dir='ltr'><strong>obtusa</strong></span> <span class='ocrx_word' id='word_1_445' title='bbox 4156 1192 4225 1249; x_wconf 92' lang='lat' dir='ltr'><strong>et</strong></span> <span class='ocrx_word' id='word_1_446' title='bbox 4298 1185 4498 1249; x_wconf 76' lang='lat' dir='ltr'><strong>hacta</strong></span> 
     </span>
     <span class='ocr_line' id='line_1_66' title="bbox 2598 1270 2880 1335; baseline 0 0"><span class='ocrx_word' id='word_1_447' title='bbox 2598 1270 2691 1335; x_wconf 89' lang='lat' dir='ltr'><strong>eci</strong></span> <span class='ocrx_word' id='word_1_448' title='bbox 2740 1279 2880 1335; x_wconf 90' lang='lat' dir='ltr'><strong>unt.</strong></span> 
     </span>
    </p>

    <p class='ocr_par' dir='ltr' id='par_1_21' title="bbox 2551 1354 4501 1940">
     <span class='ocr_line' id='line_1_67' title="bbox 2724 1354 4501 1442; baseline 0 -23"><span class='ocrx_word' id='word_1_449' title='bbox 2724 1354 2867 1420; x_wconf 89' lang='lat' dir='ltr'><strong>Iam</strong></span> <span class='ocrx_word' id='word_1_450' title='bbox 2919 1366 3248 1440; x_wconf 86' lang='lat' dir='ltr'><strong>postremo</strong></span> <span class='ocrx_word' id='word_1_451' title='bbox 3282 1367 3580 1440; x_wconf 89' lang='lat' dir='ltr'><strong>superest</strong></span> <span class='ocrx_word' id='word_1_452' title='bbox 3620 1369 3693 1422; x_wconf 92' lang='lat' dir='ltr'><strong>ut</strong></span> <span class='ocrx_word' id='word_1_453' title='bbox 3727 1367 3995 1442; x_wconf 89' lang='lat' dir='ltr'><strong>propter</strong></span> <span class='ocrx_word' id='word_1_454' title='bbox 4026 1357 4501 1423; x_wconf 85' lang='lat' dir='ltr'><strong>humanitatem</strong></span> 
     </span>
     <span class='ocr_line' id='line_1_68' title="bbox 2554 1441 4499 1523; baseline -0.001 -17"><span class='ocrx_word' id='word_1_455' title='bbox 2554 1450 2741 1506; x_wconf 88' lang='lat' dir='ltr'><strong>tuam</strong></span> <span class='ocrx_word' id='word_1_456' title='bbox 2765 1441 2890 1507; x_wconf 87' lang='lat' dir='ltr'><strong>hoe</strong></span> <span class='ocrx_word' id='word_1_457' title='bbox 2933 1460 3298 1521; x_wconf 88' lang='lat' dir='ltr'><strong>commune,</strong></span> <span class='ocrx_word' id='word_1_458' title='bbox 3341 1452 3409 1508; x_wconf 93' lang='lat' dir='ltr'><strong>et</strong></span> <span class='ocrx_word' id='word_1_459' title='bbox 3449 1443 3533 1508; x_wconf 92' lang='lat' dir='ltr'><strong>D.</strong></span> <span class='ocrx_word' id='word_1_460' title='bbox 3557 1441 3801 1510; x_wconf 78' lang='lat' dir='ltr'><strong>Knokei</strong></span> <span class='ocrx_word' id='word_1_461' title='bbox 3844 1455 3912 1509; x_wconf 92' lang='lat' dir='ltr'><strong>et</strong></span> <span class='ocrx_word' id='word_1_462' title='bbox 3930 1464 4170 1523; x_wconf 89' lang='lat' dir='ltr'><strong>meum,</strong></span> <span class='ocrx_word' id='word_1_463' title='bbox 4206 1441 4499 1508; x_wconf 87' lang='lat' dir='ltr'><strong>studium</strong></span> 
     </span>
     <span class='ocr_line' id='line_1_69' title="bbox 2554 1527 4501 1612; baseline -0.001 -21"><span class='ocrx_word' id='word_1_464' title='bbox 2554 1547 2758 1611; x_wconf 87' lang='lat' dir='ltr'><strong>aequo</strong></span> <span class='ocrx_word' id='word_1_465' title='bbox 2803 1527 3021 1593; x_wconf 89' lang='lat' dir='ltr'><strong>animo</strong></span> <span class='ocrx_word' id='word_1_466' title='bbox 3057 1528 3243 1607; x_wconf 84' lang='lat' dir='ltr'><strong>feras,</strong></span> <span class='ocrx_word' id='word_1_467' title='bbox 3279 1549 3483 1612; x_wconf 87' lang='lat' dir='ltr'><strong>quum</strong></span> <span class='ocrx_word' id='word_1_468' title='bbox 3509 1530 3863 1596; x_wconf 89' lang='lat' dir='ltr'><strong>necessitas</strong></span> <span class='ocrx_word' id='word_1_469' title='bbox 3897 1528 4213 1596; x_wconf 89' lang='lat' dir='ltr'><strong>eiusmodi</strong></span> <span class='ocrx_word' id='word_1_470' title='bbox 4248 1528 4501 1595; x_wconf 89' lang='lat' dir='ltr'><strong>incum-</strong></span> 
     </span>
     <span class='ocr_line' id='line_1_70' title="bbox 2551 1613 4499 1691; baseline -0.001 -14"><span class='ocrx_word' id='word_1_471' title='bbox 2551 1613 2664 1678; x_wconf 89' lang='lat' dir='ltr'><strong>bat</strong></span> <span class='ocrx_word' id='word_1_472' title='bbox 2717 1623 2794 1678; x_wconf 89' lang='lat' dir='ltr'><strong>ut</strong></span> <span class='ocrx_word' id='word_1_473' title='bbox 2859 1620 2975 1678; x_wconf 90' lang='lat' dir='ltr'><strong>aut</strong></span> <span class='ocrx_word' id='word_1_474' title='bbox 3036 1623 3151 1679; x_wconf 87' lang='lat' dir='ltr'><strong>tua</strong></span> <span class='ocrx_word' id='word_1_475' title='bbox 3226 1617 3575 1680; x_wconf 86' lang='lat' dir='ltr'><strong>autoritate</strong></span> <span class='ocrx_word' id='word_1_476' title='bbox 3640 1617 3875 1681; x_wconf 90' lang='lat' dir='ltr'><strong>muniti</strong></span> <span class='ocrx_word' id='word_1_477' title='bbox 3945 1615 4317 1691; x_wconf 84' lang='lat' dir='ltr'><strong>vincamus,</strong></span> <span class='ocrx_word' id='word_1_478' title='bbox 4383 1619 4499 1678; x_wconf 90' lang='lat' dir='ltr'><strong>aut</strong></span> 
     </span>
     <span class='ocr_line' id='line_1_71' title="bbox 2554 1698 4497 1785; baseline -0.001 -22"><span class='ocrx_word' id='word_1_479' title='bbox 2554 1698 2890 1765; x_wconf 89' lang='lat' dir='ltr'><strong>doctrinae</strong></span> <span class='ocrx_word' id='word_1_480' title='bbox 2945 1719 3019 1765; x_wconf 89' lang='lat' dir='ltr'><strong>ac</strong></span> <span class='ocrx_word' id='word_1_481' title='bbox 3073 1701 3384 1767; x_wconf 84' lang='lat' dir='ltr'><strong>scientiae</strong></span> <span class='ocrx_word' id='word_1_482' title='bbox 3440 1703 3741 1784; x_wconf 89' lang='lat' dir='ltr'><strong>opinione</strong></span> <span class='ocrx_word' id='word_1_483' title='bbox 3797 1701 4082 1767; x_wconf 85' lang='lat' dir='ltr'><strong>confossi</strong></span> <span class='ocrx_word' id='word_1_484' title='bbox 4137 1716 4497 1785; x_wconf 89' lang='lat' dir='ltr'><strong>pereamus.</strong></span> 
     </span>
     <span class='ocr_line' id='line_1_72' title="bbox 2553 1783 4497 1870; baseline -0.002 -21"><span class='ocrx_word' id='word_1_485' title='bbox 2553 1783 2741 1850; x_wconf 89' lang='lat' dir='ltr'><strong>Deus</strong></span> <span class='ocrx_word' id='word_1_486' title='bbox 2785 1794 2851 1850; x_wconf 91' lang='lat' dir='ltr'><strong>te</strong></span> <span class='ocrx_word' id='word_1_487' title='bbox 2896 1785 3010 1850; x_wconf 90' lang='lat' dir='ltr'><strong>diu</strong></span> <span class='ocrx_word' id='word_1_488' title='bbox 3033 1785 3113 1851; x_wconf 88' lang='lat' dir='ltr'><strong>ad</strong></span> <span class='ocrx_word' id='word_1_489' title='bbox 3160 1786 3469 1852; x_wconf 88' lang='lat' dir='ltr'><strong>ecclesiae</strong></span> <span class='ocrx_word' id='word_1_490' title='bbox 3493 1788 3842 1853; x_wconf 88' lang='lat' dir='ltr'><strong>utilitatem</strong></span> <span class='ocrx_word' id='word_1_491' title='bbox 3866 1795 4086 1853; x_wconf 84' lang='lat' dir='ltr'><strong>servet</strong></span> <span class='ocrx_word' id='word_1_492' title='bbox 4119 1807 4196 1853; x_wconf 89' lang='lat' dir='ltr'><strong>ac</strong></span> <span class='ocrx_word' id='word_1_493' title='bbox 4239 1785 4497 1870; x_wconf 88' lang='lat' dir='ltr'><strong>dirigat.</strong></span> 
     </span>
     <span class='ocr_line' id='line_1_73' title="bbox 2552 1870 3653 1940; baseline 0.004 -5"><span class='ocrx_word' id='word_1_494' title='bbox 2552 1870 3057 1938; x_wconf 82' lang='lat' dir='ltr'><strong>Francofordiae</strong></span> <span class='ocrx_word' id='word_1_495' title='bbox 3107 1878 3204 1938; x_wconf 84' lang='lat'><strong>11.</strong></span> <span class='ocrx_word' id='word_1_496' title='bbox 3252 1873 3653 1940; x_wconf 88' lang='lat' dir='ltr'><strong>Decembris.</strong></span> 
     </span>
    </p>

    <p class='ocr_par' dir='ltr' id='par_1_22' title="bbox 3198 2008 4380 2269">
     <span class='ocr_line' id='line_1_74' title="bbox 3198 2008 4380 2097; baseline 0 -22"><span class='ocrx_word' id='word_1_497' title='bbox 3198 2010 3326 2076; x_wconf 77' lang='lat' dir='ltr'><strong>Tui</strong></span> <span class='ocrx_word' id='word_1_498' title='bbox 3370 2008 3790 2077; x_wconf 87' lang='lat' dir='ltr'><strong>demisissimi</strong></span> <span class='ocrx_word' id='word_1_499' title='bbox 3834 2010 4129 2095; x_wconf 88' lang='lat' dir='ltr'><strong>discipuli</strong></span> <span class='ocrx_word' id='word_1_500' title='bbox 4174 2011 4380 2097; x_wconf 80' lang='lat' dir='ltr'><strong>Angli</strong></span> 
     </span>
     <span class='ocr_line' id='line_1_75' title="bbox 3371 2095 3990 2182; baseline 0.005 -22"><span class='ocrx_word' id='word_1_501' title='bbox 3371 2095 3465 2171; x_wconf 65' lang='lat'><strong>10,</strong></span> <span class='ocrx_word' id='word_1_502' title='bbox 3511 2095 3884 2182; x_wconf 84' lang='lat' dir='ltr'><strong>Knokeyus</strong></span> <span class='ocrx_word' id='word_1_503' title='bbox 3904 2098 3990 2179; x_wconf 84' lang='lat'><strong>¹⁰)</strong></span> 
     </span>
     <span class='ocr_line' id='line_1_76' title="bbox 3373 2181 4252 2269; baseline -0.001 -21"><span class='ocrx_word' id='word_1_504' title='bbox 3373 2181 3528 2248; x_wconf 84' lang='lat' dir='ltr'><strong>Gul.</strong></span> <span class='ocrx_word' id='word_1_505' title='bbox 3577 2182 4124 2268; x_wconf 83' lang='lat' dir='ltr'><strong>Whitinghamus</strong></span> <span class='ocrx_word' id='word_1_506' title='bbox 4150 2182 4252 2269; x_wconf 81' lang='lat'><strong>¹¹).</strong></span> 
     </span>
    </p>
   </div>
   <div class='ocr_carea' id='block_1_10' title="bbox 3331 2477 3382 2485">
    <p class='ocr_par' dir='ltr' id='par_1_23' title="bbox 3331 2477 3382 2485">
     <span class='ocr_line' id='line_1_77' title="bbox 3331 2477 3382 2485; baseline -0.02 0"><span class='ocrx_word' id='word_1_507' title='bbox 3331 2477 3382 2485; x_wconf 61' lang='grc'><strong>.-</strong></span> 
     </span>
    </p>
   </div>
   <div class='ocr_carea' id='block_1_11' title="bbox 2906 2695 4156 2919">
    <p class='ocr_par' dir='ltr' id='par_1_24' title="bbox 2906 2695 4156 2919">
     <span class='ocr_line' id='line_1_78' title="bbox 3421 2695 3616 2765; baseline -0.01 0"><span class='ocrx_word' id='word_1_508' title='bbox 3421 2695 3616 2765; x_wconf 72' lang='grc'><strong>2060.</strong></span> 
     </span>
     <span class='ocr_line' id='line_1_79' title="bbox 2906 2849 4156 2919; baseline 0.003 -6"><span class='ocrx_word' id='word_1_509' title='bbox 2906 2849 3474 2917; x_wconf 80' lang='lat' dir='ltr'><strong>BLAURERUS</strong></span> <span class='ocrx_word' id='word_1_510' title='bbox 3520 2849 4156 2919; x_wconf 82' lang='lat' dir='ltr'><strong>BULLINGERO.</strong></span> 
     </span>
    </p>
   </div>
   <div class='ocr_carea' id='block_1_12' title="bbox 2854 3018 4216 3105">
    <p class='ocr_par' dir='ltr' id='par_1_25' title="bbox 2854 3018 4216 3105">
     <span class='ocr_line' id='line_1_80' title="bbox 2854 3018 4216 3105; baseline 0 -17"><span class='ocrx_word' id='word_1_511' title='bbox 2854 3018 3108 3088; x_wconf 65' lang='lat' dir='ltr'><strong>calvini</strong></span> <span class='ocrx_word' id='word_1_512' title='bbox 3142 3019 3586 3105; x_wconf 68' lang='lat' dir='ltr'><strong>Defensionm</strong></span> <span class='ocrx_word' id='word_1_513' title='bbox 3628 3021 3924 3089; x_wconf 74' lang='lat' dir='ltr'><strong>laudibus</strong></span> <span class='ocrx_word' id='word_1_514' title='bbox 3966 3023 4216 3090; x_wconf 77' lang='lat' dir='ltr'><strong>extollit.</strong></span> 
     </span>
    </p>
   </div>
   <div class='ocr_carea' id='block_1_13' title="bbox 2555 3192 4504 3332">
    <p class='ocr_par' dir='ltr' id='par_1_26' title="bbox 2555 3192 4504 3332">
     <span class='ocr_line' id='line_1_81' title="bbox 2555 3192 4504 3263; baseline 0.003 -16"><span class='ocrx_word' id='word_1_515' title='bbox 2555 3193 2668 3260; x_wconf 81' lang='lat' dir='ltr'><strong>(Ex</strong></span> <span class='ocrx_word' id='word_1_516' title='bbox 2703 3197 2930 3262; x_wconf 86' lang='lat' dir='ltr'><strong>autogra</strong></span> <span class='ocrx_word' id='word_1_517' title='bbox 2967 3192 3039 3249; x_wconf 90' lang='lat' dir='ltr'><strong>ho</strong></span> <span class='ocrx_word' id='word_1_518' title='bbox 3085 3193 3252 3248; x_wconf 81' lang='lat' dir='ltr'><strong>Arch.</strong></span> <span class='ocrx_word' id='word_1_519' title='bbox 3288 3194 3466 3248; x_wconf 80' lang='lat' dir='ltr'><strong>Turio.</strong></span> <span class='ocrx_word' id='word_1_520' title='bbox 3512 3193 3652 3249; x_wconf 90' lang='lat' dir='ltr'><strong>Plut.</strong></span> <span class='ocrx_word' id='word_1_521' title='bbox 3690 3195 3777 3249; x_wconf 89' lang='lat' dir='ltr'><strong>VI.</strong></span> <span class='ocrx_word' id='word_1_522' title='bbox 3829 3196 3953 3250; x_wconf 90' lang='lat' dir='ltr'><strong>Vol.</strong></span> <span class='ocrx_word' id='word_1_523' title='bbox 4004 3194 4116 3263; x_wconf 81' lang='lat'><strong>163,</strong></span> <span class='ocrx_word' id='word_1_524' title='bbox 4153 3197 4281 3250; x_wconf 88' lang='lat' dir='ltr'><strong>olim</strong></span> <span class='ocrx_word' id='word_1_525' title='bbox 4328 3197 4504 3253; x_wconf 75' lang='lat' dir='ltr'><strong>Sci-in.</strong></span> 
     </span>
     <span class='ocr_line' id='line_1_82' title="bbox 2789 3210 4259 3332; baseline -0.001 -17"><span class='ocrx_word' id='word_1_526' title='bbox 2789 3262 2855 3315; x_wconf 90' lang='lat' dir='ltr'><strong>B.</strong></span> <span class='ocrx_word' id='word_1_527' title='bbox 2890 3210 3033 3332; x_wconf 49' lang='lat' dir='ltr'><strong>Expp.</strong></span> <span class='ocrx_word' id='word_1_528' title='bbox 3065 3262 3217 3318; x_wconf 83' lang='lat' dir='ltr'><strong>Tom.</strong></span> <span class='ocrx_word' id='word_1_529' title='bbox 3250 3260 3321 3316; x_wconf 75' lang='lat'><strong>28</strong></span> <span class='ocrx_word' id='word_1_530' title='bbox 3355 3263 3447 3318; x_wconf 76' lang='lat' dir='ltr'><strong>fol.</strong></span> <span class='ocrx_word' id='word_1_531' title='bbox 3481 3262 3602 3317; x_wconf 78' lang='lat'><strong>423.</strong></span> <span class='ocrx_word' id='word_1_532' title='bbox 3642 3293 3706 3304; x_wconf 91' lang='lat'><strong>——</strong></span> <span class='ocrx_word' id='word_1_533' title='bbox 3743 3264 3954 3320; x_wconf 82' lang='lat' dir='ltr'><strong>Simler.</strong></span> <span class='ocrx_word' id='word_1_534' title='bbox 3994 3265 4110 3320; x_wconf 86' lang='lat' dir='ltr'><strong>Vol.</strong></span> <span class='ocrx_word' id='word_1_535' title='bbox 4145 3263 4259 3329; x_wconf 84' lang='lat'><strong>83.)</strong></span> 
     </span>
    </p>
   </div>
   <div class='ocr_carea' id='block_1_14' title="bbox 2552 3430 4503 3674">
    <p class='ocr_par' dir='ltr' id='par_1_27' title="bbox 2552 3430 4503 3674">
     <span class='ocr_line' id='line_1_83' title="bbox 2554 3430 4502 3519; baseline 0.002 -21"><span class='ocrx_word' id='word_1_536' title='bbox 2554 3430 2830 3498; x_wconf 81' lang='lat' dir='ltr'><strong>Summa</strong></span> <span class='ocrx_word' id='word_1_537' title='bbox 2916 3432 3211 3499; x_wconf 91' lang='lat' dir='ltr'><strong>doctrina</strong></span> <span class='ocrx_word' id='word_1_538' title='bbox 3296 3435 3665 3519; x_wconf 87' lang='lat' dir='ltr'><strong>pietateque</strong></span> <span class='ocrx_word' id='word_1_539' title='bbox 3750 3436 3895 3502; x_wconf 82' lang='lat' dir='ltr'><strong>viro</strong></span> <span class='ocrx_word' id='word_1_540' title='bbox 3970 3434 4057 3502; x_wconf 93' lang='lat' dir='ltr'><strong>D.</strong></span> <span class='ocrx_word' id='word_1_541' title='bbox 4138 3436 4502 3506; x_wconf 88' lang='lat' dir='ltr'><strong>Heinricho</strong></span> 
     </span>
     <span class='ocr_line' id='line_1_84' title="bbox 2552 3517 4503 3622; baseline 0.004 -39"><span class='ocrx_word' id='word_1_542' title='bbox 2552 3517 2940 3603; x_wconf 86' lang='lat' dir='ltr'><strong>Bullingero</strong></span> <span class='ocrx_word' id='word_1_543' title='bbox 2983 3518 3246 3585; x_wconf 90' lang='lat' dir='ltr'><strong>domino</strong></span> <span class='ocrx_word' id='word_1_544' title='bbox 3283 3540 3362 3621; x_wconf 77' lang='lat' dir='ltr'><strong>ac</strong></span> <span class='ocrx_word' id='word_1_545' title='bbox 3399 3521 3585 3586; x_wconf 88' lang='lat' dir='ltr'><strong>fratri</strong></span> <span class='ocrx_word' id='word_1_546' title='bbox 3630 3540 3750 3622; x_wconf 73' lang='lat' dir='ltr'><strong>suo</strong></span> <span class='ocrx_word' id='word_1_547' title='bbox 3789 3520 4157 3589; x_wconf 88' lang='lat' dir='ltr'><strong>venerando</strong></span> <span class='ocrx_word' id='word_1_548' title='bbox 4177 3522 4503 3609; x_wconf 87' lang='lat' dir='ltr'><strong>longeque</strong></span> 
     </span>
     <span class='ocr_line' id='line_1_85' title="bbox 3188 3626 3875 3674; baseline 0.001 -3"><span class='ocrx_word' id='word_1_549' title='bbox 3188 3627 3481 3672; x_wconf 79' lang='lat' dir='ltr'><strong>omnium</strong></span> <span class='ocrx_word' id='word_1_550' title='bbox 3524 3626 3875 3674; x_wconf 76' lang='lat' dir='ltr'><strong>carissimo.</strong></span> 
     </span>
    </p>
   </div>
   <div class='ocr_carea' id='block_1_15' title="bbox 2551 3863 4505 4116">
    <p class='ocr_par' dir='ltr' id='par_1_28' title="bbox 2551 3863 4505 4116">
     <span class='ocr_line' id='line_1_86' title="bbox 2552 3863 4505 3950; baseline 0.003 -23"><span class='ocrx_word' id='word_1_551' title='bbox 2552 3900 2636 3911; x_wconf 95' lang='lat'>—</span> <span class='ocrx_word' id='word_1_552' title='bbox 2684 3899 2760 3909; x_wconf 91' lang='lat'><strong>—-</strong></span> <span class='ocrx_word' id='word_1_553' title='bbox 2811 3864 3100 3949; x_wconf 84' lang='lat' dir='ltr'><strong>Legisti,</strong></span> <span class='ocrx_word' id='word_1_554' title='bbox 3161 3863 3330 3930; x_wconf 87' lang='lat' dir='ltr'><strong>nihil</strong></span> <span class='ocrx_word' id='word_1_555' title='bbox 3376 3863 3636 3941; x_wconf 88' lang='lat' dir='ltr'><strong>dubito,</strong></span> <span class='ocrx_word' id='word_1_556' title='bbox 3699 3863 3952 3932; x_wconf 74' lang='lat' dir='ltr'><strong>Caluini</strong></span> <span class='ocrx_word' id='word_1_557' title='bbox 4007 3866 4323 3950; x_wconf 89' lang='lat' dir='ltr'><strong>scriptum</strong></span> <span class='ocrx_word' id='word_1_558' title='bbox 4384 3866 4505 3934; x_wconf 85' lang='lat' dir='ltr'><strong>ad-</strong></span> 
     </span>
     <span class='ocr_line' id='line_1_87' title="bbox 2551 3950 4501 4037; baseline 0.002 -24"><span class='ocrx_word' id='word_1_559' title='bbox 2551 3970 2781 4016; x_wconf 84' lang='lat' dir='ltr'><strong>versus</strong></span> <span class='ocrx_word' id='word_1_560' title='bbox 2842 3950 3003 4016; x_wconf 85' lang='lat' dir='ltr'><strong>istos</strong></span> <span class='ocrx_word' id='word_1_561' title='bbox 3064 3950 3454 4035; x_wconf 86' lang='lat' dir='ltr'><strong>irrequietos</strong></span> <span class='ocrx_word' id='word_1_562' title='bbox 3517 3952 3631 4034; x_wconf 93' lang='lat' dir='ltr'><strong>(ne</strong></span> <span class='ocrx_word' id='word_1_563' title='bbox 3696 3950 3851 4034; x_wconf 90' lang='lat' dir='ltr'><strong>quid</strong></span> <span class='ocrx_word' id='word_1_564' title='bbox 3918 3952 4186 4037; x_wconf 78' lang='lat' dir='ltr'><strong>gravius</strong></span> <span class='ocrx_word' id='word_1_565' title='bbox 4255 3952 4501 4037; x_wconf 86' lang='lat' dir='ltr'><strong>dicam)</strong></span> 
     </span>
     <span class='ocr_line' id='line_1_88' title="bbox 2552 4034 4505 4116; baseline 0.002 -16"><span class='ocrx_word' id='word_1_566' title='bbox 2552 4036 3211 4102; x_wconf 87' lang='lat' dir='ltr'><strong>sacramentariorum</strong></span> <span class='ocrx_word' id='word_1_567' title='bbox 3278 4045 3346 4101; x_wconf 93' lang='lat' dir='ltr'><strong>et</strong></span> <span class='ocrx_word' id='word_1_568' title='bbox 3419 4034 4058 4116; x_wconf 81' lang='lat' dir='ltr'><strong>Schwermerorum,</strong></span> <span class='ocrx_word' id='word_1_569' title='bbox 4140 4047 4215 4104; x_wconf 92' lang='lat' dir='ltr'><strong>ut</strong></span> <span class='ocrx_word' id='word_1_570' title='bbox 4258 4048 4505 4105; x_wconf 80' lang='lat' dir='ltr'><strong>vocant</strong></span> 
     </span>
    </p>
   </div>
   <div class='ocr_carea' id='block_1_16' title="bbox 2554 4175 2961 4187">
    <p class='ocr_par' dir='ltr' id='par_1_29' title="bbox 2554 4175 2961 4187">
     <span class='ocr_line' id='line_1_89' title="bbox 2554 4175 2961 4187; baseline 0 2013"><span class='ocrx_word' id='word_1_571' title='bbox 2554 4175 2961 4187; x_wconf 95' lang='lat' dir='ltr'><strong> </strong></span> 
     </span>
    </p>
   </div>
   <div class='ocr_carea' id='block_1_17' title="bbox 2551 4240 4509 5072">
    <p class='ocr_par' dir='ltr' id='par_1_30' title="bbox 2551 4240 4509 5072">
     <span class='ocr_line' id='line_1_90' title="bbox 2551 4240 4505 4311; baseline 0.002 -15"><span class='ocrx_word' id='word_1_572' title='bbox 2551 4247 2679 4296; x_wconf 72' lang='lat' dir='ltr'><strong>nat.-</strong></span> <span class='ocrx_word' id='word_1_573' title='bbox 2725 4241 2898 4296; x_wconf 84' lang='lat' dir='ltr'><strong>Other</strong></span> <span class='ocrx_word' id='word_1_574' title='bbox 2948 4240 3163 4311; x_wconf 74' lang='lat' dir='ltr'><strong>thinge·</strong></span> <span class='ocrx_word' id='word_1_575' title='bbox 3210 4249 3308 4296; x_wconf 89' lang='lat' dir='ltr'><strong>not</strong></span> <span class='ocrx_word' id='word_1_576' title='bbox 3342 4258 3403 4295; x_wconf 91' lang='lat' dir='ltr'><strong>so</strong></span> <span class='ocrx_word' id='word_1_577' title='bbox 3438 4243 3631 4297; x_wconf 83' lang='lat' dir='ltr'><strong>muchs</strong></span> <span class='ocrx_word' id='word_1_578' title='bbox 3674 4240 3859 4296; x_wconf 80' lang='lat' dir='ltr'><strong>shame</strong></span> <span class='ocrx_word' id='word_1_579' title='bbox 3892 4243 4054 4310; x_wconf 78' lang='lat' dir='ltr'><strong>itself,</strong></span> <span class='ocrx_word' id='word_1_580' title='bbox 4102 4260 4162 4297; x_wconf 85' lang='lat' dir='ltr'><strong>as</strong></span> <span class='ocrx_word' id='word_1_581' title='bbox 4196 4261 4230 4296; x_wconf 79' lang='lat' dir='ltr'><strong>a</strong></span> <span class='ocrx_word' id='word_1_582' title='bbox 4261 4245 4505 4304; x_wconf 62' lang='lat' dir='ltr'><strong>carteiae</strong></span> 
     </span>
     <span class='ocr_line' id='line_1_91' title="bbox 2552 4309 4503 4380; baseline 0.001 -15"><span class='ocrx_word' id='word_1_583' title='bbox 2552 4310 2717 4365; x_wconf 83' lang='lat' dir='ltr'><strong>kinds</strong></span> <span class='ocrx_word' id='word_1_584' title='bbox 2767 4310 2829 4363; x_wconf 75' lang='lat' dir='ltr'><strong>of</strong></span> <span class='ocrx_word' id='word_1_585' title='bbox 2910 4310 3006 4364; x_wconf 90' lang='lat' dir='ltr'><strong>itie</strong></span> <span class='ocrx_word' id='word_1_586' title='bbox 3059 4309 3385 4380; x_wconf 85' lang='lat' dir='ltr'><strong>compelleth</strong></span> <span class='ocrx_word' id='word_1_587' title='bbox 3432 4326 3496 4363; x_wconf 81' lang='lat' dir='ltr'><strong>us</strong></span> <span class='ocrx_word' id='word_1_588' title='bbox 3543 4316 3602 4365; x_wconf 89' lang='lat' dir='ltr'><strong>to</strong></span> <span class='ocrx_word' id='word_1_589' title='bbox 3650 4311 3822 4380; x_wconf 82' lang='lat' dir='ltr'><strong>keeps</strong></span> <span class='ocrx_word' id='word_1_590' title='bbox 3868 4311 4028 4380; x_wconf 85' lang='lat' dir='ltr'><strong>close,</strong></span> <span class='ocrx_word' id='word_1_591' title='bbox 4076 4313 4133 4366; x_wconf 89' lang='lat' dir='ltr'><strong>in</strong></span> <span class='ocrx_word' id='word_1_592' title='bbox 4179 4311 4274 4366; x_wconf 87' lang='lat' dir='ltr'><strong>the</strong></span> <span class='ocrx_word' id='word_1_593' title='bbox 4309 4328 4503 4367; x_wconf 77' lang='lat' dir='ltr'><strong>meane</strong></span> 
     </span>
     <span class='ocr_line' id='line_1_92' title="bbox 2553 4328 4506 4460; baseline 0.001 -26"><span class='ocrx_word' id='word_1_594' title='bbox 2553 4396 2745 4434; x_wconf 83' lang='lat' dir='ltr'><strong>season</strong></span> <span class='ocrx_word' id='word_1_595' title='bbox 2794 4328 2979 4433; x_wconf 58' lang='lat' dir='ltr'><strong>notphin</strong></span> <span class='ocrx_word' id='word_1_596' title='bbox 3095 4378 3479 4460; x_wconf 83' lang='lat' dir='ltr'><strong>diminishinge</strong></span> <span class='ocrx_word' id='word_1_597' title='bbox 3523 4379 3618 4433; x_wconf 90' lang='lat' dir='ltr'><strong>the</strong></span> <span class='ocrx_word' id='word_1_598' title='bbox 3665 4380 3838 4434; x_wconf 88' lang='lat' dir='ltr'><strong>honor</strong></span> <span class='ocrx_word' id='word_1_599' title='bbox 3885 4381 3991 4435; x_wconf 89' lang='lat' dir='ltr'><strong>due</strong></span> <span class='ocrx_word' id='word_1_600' title='bbox 4038 4386 4098 4437; x_wconf 90' lang='lat' dir='ltr'><strong>to</strong></span> <span class='ocrx_word' id='word_1_601' title='bbox 4144 4381 4300 4438; x_wconf 84' lang='lat' dir='ltr'><strong>those</strong></span> <span class='ocrx_word' id='word_1_602' title='bbox 4346 4398 4506 4436; x_wconf 80' lang='lat' dir='ltr'><strong>reve·</strong></span> 
     </span>
     <span class='ocr_line' id='line_1_93' title="bbox 2553 4395 4506 4521; baseline 0.001 -19"><span class='ocrx_word' id='word_1_603' title='bbox 2553 4448 2720 4503; x_wconf 86' lang='lat' dir='ltr'><strong>rende</strong></span> <span class='ocrx_word' id='word_1_604' title='bbox 2754 4464 2894 4514; x_wconf 83' lang='lat' dir='ltr'><strong>men,</strong></span> <span class='ocrx_word' id='word_1_605' title='bbox 2933 4395 3055 4502; x_wconf 51' lang='grc' dir='ltr'><strong>νέξ</strong></span> <span class='ocrx_word' id='word_1_606' title='bbox 3090 4449 3303 4518; x_wconf 83' lang='lat' dir='ltr'><strong>partely</strong></span> <span class='ocrx_word' id='word_1_607' title='bbox 3348 4448 3543 4518; x_wconf 74' lang='lat' dir='ltr'><strong>beinge</strong></span> <span class='ocrx_word' id='word_1_608' title='bbox 3589 4447 3822 4503; x_wconf 84' lang='lat' dir='ltr'><strong>hindred</strong></span> <span class='ocrx_word' id='word_1_609' title='bbox 3869 4451 3943 4521; x_wconf 74' lang='lat' dir='ltr'><strong>by</strong></span> <span class='ocrx_word' id='word_1_610' title='bbox 3977 4449 4133 4504; x_wconf 83' lang='lat' dir='ltr'><strong>those</strong></span> <span class='ocrx_word' id='word_1_611' title='bbox 4178 4451 4339 4506; x_wconf 83' lang='lat' dir='ltr'><strong>times</strong></span> <span class='ocrx_word' id='word_1_612' title='bbox 4392 4450 4506 4505; x_wconf 85' lang='lat' dir='ltr'><strong>and</strong></span> 
     </span>
     <span class='ocr_line' id='line_1_94' title="bbox 2554 4516 4505 4589; baseline 0.001 -16"><span class='ocrx_word' id='word_1_613' title='bbox 2554 4519 2625 4589; x_wconf 81' lang='lat' dir='ltr'><strong>by</strong></span> <span class='ocrx_word' id='word_1_614' title='bbox 2661 4517 2757 4573; x_wconf 85' lang='lat' dir='ltr'><strong>the</strong></span> <span class='ocrx_word' id='word_1_615' title='bbox 2789 4516 3089 4571; x_wconf 87' lang='lat' dir='ltr'><strong>obstinacie</strong></span> <span class='ocrx_word' id='word_1_616' title='bbox 3124 4517 3233 4572; x_wconf 87' lang='lat' dir='ltr'><strong>and</strong></span> <span class='ocrx_word' id='word_1_617' title='bbox 3268 4517 3383 4571; x_wconf 82' lang='lat' dir='ltr'><strong>aleo</strong></span> <span class='ocrx_word' id='word_1_618' title='bbox 3412 4517 3699 4571; x_wconf 82' lang='lat' dir='ltr'><strong>multitude</strong></span> <span class='ocrx_word' id='word_1_619' title='bbox 3732 4517 3796 4573; x_wconf 85' lang='lat' dir='ltr'><strong>of</strong></span> <span class='ocrx_word' id='word_1_620' title='bbox 3825 4519 4165 4574; x_wconf 78' lang='lat' dir='ltr'><strong>adversaries</strong></span> <span class='ocrx_word' id='word_1_621' title='bbox 4196 4520 4284 4588; x_wconf 88' lang='lat' dir='ltr'><strong>(to</strong></span> <span class='ocrx_word' id='word_1_622' title='bbox 4320 4519 4505 4574; x_wconf 75' lang='lat' dir='ltr'><strong>whom</strong></span> 
     </span>
     <span class='ocr_line' id='line_1_95' title="bbox 2554 4585 4506 4656; baseline 0.004 -15"><span class='ocrx_word' id='word_1_623' title='bbox 2554 4585 2818 4656; x_wconf 82' lang='lat' dir='ltr'><strong>nothinge</strong></span> <span class='ocrx_word' id='word_1_624' title='bbox 2854 4603 2965 4639; x_wconf 76' lang='lat' dir='ltr'><strong>was</strong></span> <span class='ocrx_word' id='word_1_625' title='bbox 3001 4602 3132 4640; x_wconf 85' lang='lat' dir='ltr'><strong>ever</strong></span> <span class='ocrx_word' id='word_1_626' title='bbox 3164 4586 3233 4641; x_wconf 89' lang='lat' dir='ltr'><strong>de</strong></span> <span class='ocrx_word' id='word_1_627' title='bbox 3260 4585 3272 4599; x_wconf 88' lang='grc'><em>“</em></span> <span class='ocrx_word' id='word_1_628' title='bbox 3311 4586 3473 4639; x_wconf 81' lang='lat' dir='ltr'><strong>htfull</strong></span> <span class='ocrx_word' id='word_1_629' title='bbox 3508 4586 3721 4641; x_wconf 76' lang='lat' dir='ltr'><strong>besides</strong></span> <span class='ocrx_word' id='word_1_630' title='bbox 3757 4587 3900 4641; x_wconf 87' lang='lat' dir='ltr'><strong>their</strong></span> <span class='ocrx_word' id='word_1_631' title='bbox 3935 4604 4093 4642; x_wconf 79' lang='lat' dir='ltr'><strong>owne</strong></span> <span class='ocrx_word' id='word_1_632' title='bbox 4127 4604 4288 4644; x_wconf 75' lang='lat' dir='ltr'><strong>oon-u</strong></span> <span class='ocrx_word' id='word_1_633' title='bbox 4326 4591 4506 4654; x_wconf 61' lang='lat' dir='ltr'><strong>donn)</strong></span> 
     </span>
     <span class='ocr_line' id='line_1_96' title="bbox 2555 4654 4507 4726; baseline 0.002 -17"><span class='ocrx_word' id='word_1_634' title='bbox 2555 4656 2746 4726; x_wconf 83' lang='lat' dir='ltr'><strong>beiuge</strong></span> <span class='ocrx_word' id='word_1_635' title='bbox 2782 4672 2842 4709; x_wconf 85' lang='lat' dir='ltr'><strong>as</strong></span> <span class='ocrx_word' id='word_1_636' title='bbox 2876 4655 2923 4709; x_wconf 88' lang='lat' dir='ltr'><strong>it</strong></span> <span class='ocrx_word' id='word_1_637' title='bbox 2944 4671 3091 4709; x_wconf 80' lang='lat' dir='ltr'><strong>were</strong></span> <span class='ocrx_word' id='word_1_638' title='bbox 3126 4670 3227 4709; x_wconf 85' lang='lat' dir='ltr'><strong>ove</strong></span> <span class='ocrx_word' id='word_1_639' title='bbox 3295 4671 3467 4721; x_wconf 80' lang='lat' dir='ltr'><strong>owen,</strong></span> <span class='ocrx_word' id='word_1_640' title='bbox 3504 4654 3598 4708; x_wconf 84' lang='lat' dir='ltr'><strong>did</strong></span> <span class='ocrx_word' id='word_1_641' title='bbox 3634 4656 3855 4710; x_wconf 78' lang='lat' dir='ltr'><strong>alwaies</strong></span> <span class='ocrx_word' id='word_1_642' title='bbox 3889 4656 3944 4709; x_wconf 92' lang='lat' dir='ltr'><strong>in</strong></span> <span class='ocrx_word' id='word_1_643' title='bbox 3980 4656 4125 4710; x_wconf 84' lang='lat' dir='ltr'><strong>their</strong></span> <span class='ocrx_word' id='word_1_644' title='bbox 4156 4658 4270 4712; x_wconf 88' lang='lat' dir='ltr'><strong>min</strong></span> <span class='ocrx_word' id='word_1_645' title='bbox 4310 4675 4341 4711; x_wconf 87' lang='lat' dir='ltr'><strong>e</strong></span> <span class='ocrx_word' id='word_1_646' title='bbox 4373 4674 4507 4714; x_wconf 83' lang='lat' dir='ltr'><strong>con·</strong></span> 
     </span>
     <span class='ocr_line' id='line_1_97' title="bbox 2553 4723 4507 4797; baseline 0.002 -20"><span class='ocrx_word' id='word_1_647' title='bbox 2553 4724 2783 4795; x_wconf 81' lang='lat' dir='ltr'><strong>tinually</strong></span> <span class='ocrx_word' id='word_1_648' title='bbox 2837 4740 2897 4778; x_wconf 84' lang='lat' dir='ltr'><strong>as</strong></span> <span class='ocrx_word' id='word_1_649' title='bbox 2949 4723 3140 4778; x_wconf 81' lang='lat' dir='ltr'><strong>mucha</strong></span> <span class='ocrx_word' id='word_1_650' title='bbox 3193 4741 3253 4776; x_wconf 84' lang='lat' dir='ltr'><strong>as</strong></span> <span class='ocrx_word' id='word_1_651' title='bbox 3313 4725 3444 4794; x_wconf 83' lang='lat' dir='ltr'><strong>they</strong></span> <span class='ocrx_word' id='word_1_652' title='bbox 3500 4723 3691 4777; x_wconf 85' lang='lat' dir='ltr'><strong>coulde</strong></span> <span class='ocrx_word' id='word_1_653' title='bbox 3751 4726 3923 4779; x_wconf 78' lang='lat' dir='ltr'><strong>strive</strong></span> <span class='ocrx_word' id='word_1_654' title='bbox 3975 4733 4033 4779; x_wconf 90' lang='lat' dir='ltr'><strong>to</strong></span> <span class='ocrx_word' id='word_1_655' title='bbox 4085 4743 4238 4781; x_wconf 88' lang='lat' dir='ltr'><strong>more</strong></span> <span class='ocrx_word' id='word_1_656' title='bbox 4292 4727 4507 4797; x_wconf 75' lang='lat' dir='ltr'><strong>perfect</strong></span> 
     </span>
     <span class='ocr_line' id='line_1_98' title="bbox 2551 4793 4509 4864; baseline -0.001 -17"><span class='ocrx_word' id='word_1_657' title='bbox 2551 4794 2779 4864; x_wconf 79' lang='lat' dir='ltr'><strong>thinges.</strong></span> <span class='ocrx_word' id='word_1_658' title='bbox 2857 4793 2969 4848; x_wconf 73' lang='lat' dir='ltr'><strong>Hic</strong></span> <span class='ocrx_word' id='word_1_659' title='bbox 3014 4794 3211 4858; x_wconf 63' lang='lat' dir='ltr'><strong>finiunt·</strong></span> <span class='ocrx_word' id='word_1_660' title='bbox 3262 4793 3653 4848; x_wconf 64' lang='lat' dir='ltr'><strong>documentum.</strong></span> <span class='ocrx_word' id='word_1_661' title='bbox 3723 4794 3903 4849; x_wconf 69' lang='lat' dir='ltr'><strong>Autor</strong></span> <span class='ocrx_word' id='word_1_662' title='bbox 3953 4795 4084 4851; x_wconf 71' lang='lat' dir='ltr'><strong>libri</strong></span> <span class='ocrx_word' id='word_1_663' title='bbox 4132 4796 4267 4851; x_wconf 70' lang='lat' dir='ltr'><strong>haec</strong></span> <span class='ocrx_word' id='word_1_664' title='bbox 4312 4795 4471 4851; x_wconf 61' lang='lat' dir='ltr'><strong>affl</strong></span> <span class='ocrx_word' id='word_1_665' title='bbox 4492 4816 4509 4846; x_wconf 65' lang='grc' dir='ltr'>ι</span> 
     </span>
     <span class='ocr_line' id='line_1_99' title="bbox 2552 4861 4509 4933; baseline 0.002 -17"><span class='ocrx_word' id='word_1_666' title='bbox 2552 4863 2694 4917; x_wconf 81' lang='lat' dir='ltr'><strong>That</strong></span> <span class='ocrx_word' id='word_1_667' title='bbox 2743 4861 2856 4916; x_wconf 81' lang='lat' dir='ltr'><strong>this</strong></span> <span class='ocrx_word' id='word_1_668' title='bbox 2904 4861 3246 4932; x_wconf 81' lang='lat' dir='ltr'><strong>Description</strong></span> <span class='ocrx_word' id='word_1_669' title='bbox 3296 4861 3342 4915; x_wconf 88' lang='lat' dir='ltr'><strong>is</strong></span> <span class='ocrx_word' id='word_1_670' title='bbox 3394 4878 3555 4932; x_wconf 78' lang='lat' dir='ltr'><strong>verye</strong></span> <span class='ocrx_word' id='word_1_671' title='bbox 3604 4861 3921 4933; x_wconf 75' lang='lat' dir='ltr'><strong>favourably</strong></span> <span class='ocrx_word' id='word_1_672' title='bbox 4007 4870 4070 4918; x_wconf 84' lang='lat' dir='ltr'><strong>ut</strong></span> <span class='ocrx_word' id='word_1_673' title='bbox 4112 4863 4307 4919; x_wconf 74' lang='lat' dir='ltr'><strong>dom</strong></span> <span class='ocrx_word' id='word_1_674' title='bbox 4469 4881 4509 4918; x_wconf 80' lang='lat' dir='ltr'><strong>e</strong></span> 
     </span>
     <span class='ocr_line' id='line_1_100' title="bbox 2552 4881 4507 5011; baseline 0.001 -25"><span class='ocrx_word' id='word_1_675' title='bbox 2552 4931 2799 4987; x_wconf 76' lang='lat' dir='ltr'><strong>conferre</strong></span> <span class='ocrx_word' id='word_1_676' title='bbox 2853 4931 2899 4985; x_wconf 93' lang='lat' dir='ltr'><strong>it</strong></span> <span class='ocrx_word' id='word_1_677' title='bbox 2944 4930 3077 4984; x_wconf 74' lang='lat' dir='ltr'><strong>with</strong></span> <span class='ocrx_word' id='word_1_678' title='bbox 3124 4931 3220 4984; x_wconf 86' lang='lat' dir='ltr'><strong>the</strong></span> <span class='ocrx_word' id='word_1_679' title='bbox 3250 4931 3441 5011; x_wconf 36' lang='lat' dir='ltr'><strong>‘Booke</strong></span> <span class='ocrx_word' id='word_1_680' title='bbox 3475 4931 3538 4984; x_wconf 79' lang='lat' dir='ltr'><strong>of</strong></span> <span class='ocrx_word' id='word_1_681' title='bbox 3564 4930 3741 4985; x_wconf 81' lang='lat' dir='ltr'><strong>Order</strong></span> <span class='ocrx_word' id='word_1_682' title='bbox 3794 4933 3850 4986; x_wconf 90' lang='lat' dir='ltr'><strong>in</strong></span> <span class='ocrx_word' id='word_1_683' title='bbox 3903 4881 4005 4987; x_wconf 76' lang='lat' dir='ltr'><strong>allp</strong></span> <span class='ocrx_word' id='word_1_684' title='bbox 4026 4934 4208 5000; x_wconf 83' lang='lat' dir='ltr'><strong>points</strong></span> <span class='ocrx_word' id='word_1_685' title='bbox 4260 4951 4293 4987; x_wconf 87' lang='lat' dir='ltr'><strong>a</strong></span> <span class='ocrx_word' id='word_1_686' title='bbox 4404 4882 4507 4998; x_wconf 45' lang='lat' dir='ltr'><strong>xe</strong></span> 
     </span>
     <span class='ocr_line' id='line_1_101' title="bbox 2553 4998 4507 5072; baseline -0.002 -17"><span class='ocrx_word' id='word_1_687' title='bbox 2553 5000 2733 5072; x_wconf 80' lang='lat' dir='ltr'><strong>Usage</strong></span> <span class='ocrx_word' id='word_1_688' title='bbox 2783 4998 2846 5053; x_wconf 76' lang='lat' dir='ltr'><strong>os</strong></span> <span class='ocrx_word' id='word_1_689' title='bbox 2883 4998 2979 5052; x_wconf 88' lang='lat' dir='ltr'><strong>the</strong></span> <span class='ocrx_word' id='word_1_690' title='bbox 3018 4999 3199 5054; x_wconf 85' lang='lat' dir='ltr'><strong>Booke</strong></span> <span class='ocrx_word' id='word_1_691' title='bbox 3245 5016 3301 5053; x_wconf 88' lang='lat' dir='ltr'><strong>m</strong></span> <span class='ocrx_word' id='word_1_692' title='bbox 3336 5017 3497 5070; x_wconf 80' lang='lat' dir='ltr'><strong>many</strong></span> <span class='ocrx_word' id='word_1_693' title='bbox 3543 4999 3804 5055; x_wconf 82' lang='lat' dir='ltr'><strong>churches</strong></span> <span class='ocrx_word' id='word_1_694' title='bbox 3849 5002 3905 5055; x_wconf 73' lang='lat' dir='ltr'><strong>oi</strong></span> <span class='ocrx_word' id='word_1_695' title='bbox 3951 5000 4063 5056; x_wconf 83' lang='lat' dir='ltr'><strong>this</strong></span> <span class='ocrx_word' id='word_1_696' title='bbox 4108 5003 4326 5068; x_wconf 76' lang='lat' dir='ltr'><strong>realme,</strong></span> <span class='ocrx_word' id='word_1_697' title='bbox 4375 5017 4507 5069; x_wconf 65' lang='lat' dir='ltr'><strong>Jove</strong></span> 
     </span>
    </p>
   </div>
   <div class='ocr_carea' id='block_1_18' title="bbox 2547 5067 4509 5411">
    <p class='ocr_par' dir='ltr' id='par_1_31' title="bbox 2547 5067 4509 5263">
     <span class='ocr_line' id='line_1_102' title="bbox 2550 5067 4509 5126; baseline 0.001 -2"><span class='ocrx_word' id='word_1_698' title='bbox 2550 5086 2648 5124; x_wconf 82' lang='lat' dir='ltr'><strong>can</strong></span> <span class='ocrx_word' id='word_1_699' title='bbox 2695 5067 2938 5122; x_wconf 77' lang='lat' dir='ltr'><strong>confesse</strong></span> <span class='ocrx_word' id='word_1_700' title='bbox 2988 5084 3058 5122; x_wconf 90' lang='lat' dir='ltr'><strong>no</strong></span> <span class='ocrx_word' id='word_1_701' title='bbox 3102 5068 3256 5123; x_wconf 75' lang='lat' dir='ltr'><strong>lesse.</strong></span> <span class='ocrx_word' id='word_1_702' title='bbox 3325 5068 3447 5122; x_wconf 84' lang='lat' dir='ltr'><strong>And</strong></span> <span class='ocrx_word' id='word_1_703' title='bbox 3495 5068 3692 5124; x_wconf 74' lang='lat' dir='ltr'><strong>hereos</strong></span> <span class='ocrx_word' id='word_1_704' title='bbox 3764 5085 3794 5123; x_wconf 88' lang='lat' dir='ltr'><strong>e</strong></span> <span class='ocrx_word' id='word_1_705' title='bbox 3828 5070 3970 5125; x_wconf 88' lang='lat' dir='ltr'><strong>maie</strong></span> <span class='ocrx_word' id='word_1_706' title='bbox 4082 5070 4206 5125; x_wconf 83' lang='lat' dir='ltr'><strong>ther</strong></span> <span class='ocrx_word' id='word_1_707' title='bbox 4242 5071 4390 5124; x_wconf 73' lang='lat' dir='ltr'><strong>what</strong></span> <span class='ocrx_word' id='word_1_708' title='bbox 4425 5071 4509 5126; x_wconf 71' lang='lat' dir='ltr'><strong>M.</strong></span> 
     </span>
     <span class='ocr_line' id='line_1_103' title="bbox 2549 5136 4507 5208; baseline 0.001 -15"><span class='ocrx_word' id='word_1_709' title='bbox 2549 5138 2741 5193; x_wconf 80' lang='lat' dir='ltr'><strong>Oalvin</strong></span> <span class='ocrx_word' id='word_1_710' title='bbox 2774 5136 2983 5190; x_wconf 70' lang='lat' dir='ltr'><strong>vonlde</strong></span> <span class='ocrx_word' id='word_1_711' title='bbox 3017 5136 3156 5190; x_wconf 80' lang='lat' dir='ltr'><strong>have</strong></span> <span class='ocrx_word' id='word_1_712' title='bbox 3193 5137 3414 5190; x_wconf 79' lang='lat' dir='ltr'><strong>written</strong></span> <span class='ocrx_word' id='word_1_713' title='bbox 3452 5137 3518 5208; x_wconf 75' lang='lat' dir='ltr'><strong>ys</strong></span> <span class='ocrx_word' id='word_1_714' title='bbox 3554 5137 3687 5208; x_wconf 75' lang='lat' dir='ltr'><strong>they</strong></span> <span class='ocrx_word' id='word_1_715' title='bbox 3865 5155 3934 5194; x_wconf 90' lang='lat' dir='ltr'><strong>no</strong></span> <span class='ocrx_word' id='word_1_716' title='bbox 4065 5141 4136 5194; x_wconf 86' lang='lat' dir='ltr'><strong>all</strong></span> <span class='ocrx_word' id='word_1_717' title='bbox 4172 5140 4267 5194; x_wconf 90' lang='lat' dir='ltr'><strong>the</strong></span> <span class='ocrx_word' id='word_1_718' title='bbox 4302 5141 4507 5194; x_wconf 70' lang='lat' dir='ltr'><strong>abu-ea</strong></span> 
     </span>
     <span class='ocr_line' id='line_1_104' title="bbox 2547 5206 2931 5263; baseline -0.013 0"><span class='ocrx_word' id='word_1_719' title='bbox 2547 5208 2610 5263; x_wconf 65' lang='lat' dir='ltr'><strong>os</strong></span> <span class='ocrx_word' id='word_1_720' title='bbox 2634 5206 2732 5261; x_wconf 82' lang='lat' dir='ltr'><strong>the</strong></span> <span class='ocrx_word' id='word_1_721' title='bbox 2765 5222 2931 5259; x_wconf 77' lang='lat' dir='ltr'><strong>same.</strong></span> 
     </span>
    </p>

    <p class='ocr_par' dir='ltr' id='par_1_32' title="bbox 2751 5272 2948 5336">
     <span class='ocr_line' id='line_1_105' title="bbox 2751 5272 2948 5336; baseline 0 -9"><span class='ocrx_word' id='word_1_722' title='bbox 2751 5272 2813 5336; x_wconf 78' lang='lat'><strong>9)</strong></span> <span class='ocrx_word' id='word_1_723' title='bbox 2847 5274 2948 5329; x_wconf 73' lang='lat' dir='ltr'><strong>sic.</strong></span> 
     </span>
    </p>

    <p class='ocr_par' dir='ltr' id='par_1_33' title="bbox 2718 5341 3120 5411">
     <span class='ocr_line' id='line_1_106' title="bbox 2718 5341 3120 5411; baseline 0.007 -17"><span class='ocrx_word' id='word_1_724' title='bbox 2718 5341 2812 5409; x_wconf 87' lang='lat'><strong>10)</strong></span> <span class='ocrx_word' id='word_1_725' title='bbox 2847 5357 3017 5397; x_wconf 63' lang='lat' dir='ltr'><strong>nanu</strong></span> <span class='ocrx_word' id='word_1_726' title='bbox 3043 5357 3120 5411; x_wconf 75' lang='lat' dir='ltr'><strong>pr</strong></span> 
     </span>
    </p>
   </div>
   <div class='ocr_carea' id='block_1_19' title="bbox 2721 5357 3727 5483">
    <p class='ocr_par' dir='ltr' id='par_1_34' title="bbox 2721 5357 3727 5483">
     <span class='ocr_line' id='line_1_107' title="bbox 2721 5357 3727 5483; baseline 0.004 -20"><span class='ocrx_word' id='word_1_727' title='bbox 2721 5410 2812 5476; x_wconf 87' lang='lat'><strong>11)</strong></span> <span class='ocrx_word' id='word_1_728' title='bbox 2848 5413 2946 5481; x_wconf 70' lang='lat' dir='ltr'><strong>qni</strong></span> <span class='ocrx_word' id='word_1_729' title='bbox 2978 5357 3401 5483; x_wconf 49' lang='lat' dir='ltr'><strong>totamoprcripsit</strong></span> <span class='ocrx_word' id='word_1_730' title='bbox 3433 5413 3727 5482; x_wconf 63' lang='lat' dir='ltr'><strong>epatolam.</strong></span> 
     </span>
    </p>
   </div>
  </div>
 </body>
</html>
