4850 6200
516 465 638 527 119

1385 647 1579 720 1⁹44.

928 784 1599 856 BULLINGERUS
1643 785 2077 853 OALVINO.

700 963 1012 1027 Rumores
1057 958 1255 1025 bellici
1308 980 1386 1025 ex
1441 959 1681 1026 Gallia.
1775 958 2044 1025 Helvetii
2102 960 2473 1026 mercenarii

516 1050 615 1114 in·
636 1049 855 1114 varias
896 1047 1177 1131 regiones
1217 1046 1477 1113 diducti.
1572 1044 1769 1111 Curio
1826 1052 2006 1129 neyat
2054 1065 2119 1111 se
2150 1066 2274 1128 pro
2321 1043 2469 1111 Ser·

514 1139 655 1201 veto
693 1134 1039 1216 scripsisse.
1145 1131 1501 1215 Westphalo
1542 1151 1662 1196 non
1698 1133 2211 1213 respondendum.

524 1304 633 1373 (Ex
670 1304 1008 1375 autographo
1044 1302 1175 1357 Cod.
1211 1302 1414 1357 Gener.
1452 1300 1570 1369 114,
1614 1301 1710 1359 fol.
1744 1299 1826 1356 74.
1866 1330 1929 1341 -
1966 1302 2162 1357 Simler
2197 1303 2316 1359 Vol.
2351 1301 2470 1371 81.)

520 1474 908 1545 Clarissimo
964 1476 1106 1541 viro
1150 1476 1235 1541 D.
1280 1475 1516 1542 Ioanni
1562 1475 1841 1542 Calvino
1899 1473 2308 1542 Genevensis
2365 1495 2470 1541 ee-

522 1561 761 1629 clesiae
825 1561 954 1626 fido
1017 1562 1265 1645 pastori
1342 1561 1603 1626 domino
1668 1570 1736 1626 et
1796 1559 1989 1626 fratri
2048 1583 2193 1627 meo
2252 1560 2471 1628 colen·

1353 1647 1637 1713 dissime.

696 1782 768 1851 S.
814 1785 900 1850 D.
986 1785 1311 1850 Dominus
1356 1782 1691 1850 benedicat
1739 1784 2048 1851 eeclesiae
2097 1792 2362 1851 nostrae
2405 1793 2474 1849 et

516 1871 867 1938 coherceat
924 1868 1213 1936 Satanae
1278 1879 1579 1948 conatus,
1658 1878 1733 1935 ut
1792 1893 1826 1935 a
1919 1871 2002 1935 tis
2059 1872 2127 1936 in
2186 1890 2346 1954 pace
2406 1880 2473 1934 et

522 1957 887 2033 honestate,
932 1977 1142 2040 neque
1188 1954 1540 2038 dissipetur
1580 1954 1760 2020 loeus
1804 1956 1846 2019 il
1878 1978 1915 2021 e
1957 1956 2071 2039 qui
2108 1964 2205 2022 tot
2238 1956 2475 2040 recipit

520 2053 592 2110 et
634 2054 886 2107 recreat
929 2042 1206 2108 exsules.
1295 2042 1506 2107 Miror
1552 2039 1632 2106 de
1676 2061 1803 2124 quo
1850 2041 2137 2124 loquaris
2182 2043 2472 2127 legato¹)

519 2150 725 2212 quum
769 2127 836 2194 in
884 2127 1014 2193 tuis
1057 2126 1140 2192 ad
1184 2148 1288 2192 me
1334 2127 1542 2193 literis
1587 2126 1850 2202 scribis,
1910 2137 1979 2193 et
2033 2128 2207 2193 hune
2250 2128 2470 2194 obser-

517 2236 678 2281 vare
724 2213 928 2279 veluti
971 2235 1052 2278 ex
1097 2213 1358 2296 specula
1401 2212 1679 2296 quadam
1726 2216 2061 2280 venientes
2107 2214 2188 2280 ad
2228 2235 2342 2279 vos
2386 2236 2473 2279 ex

521 2299 747 2367 Gallia
788 2298 871 2364 ad
918 2299 1478 2382 participationem
1523 2318 1778 2364 coenae.
1870 2300 2107 2382 Copias
2151 2322 2307 2366 sane
2351 2321 2468 2365 rex

520 2385 946 2461 conscribit2)
990 2407 1166 2450 nune
1208 2383 1377 2468 apud
1423 2384 1910 2451 confoederatos
1957 2396 2232 2451 nostros.
2324 2386 2469 2451 Ma-

517 2472 833 2557 gistratus
869 2481 1088 2537 noster
1122 2482 1497 2537 constanter
1531 2470 1787 2537 inhibet
1825 2473 1961 2538 suis
1997 2472 2469 2536 mercenariam

516 2557 701 2621 illam
757 2557 1092 2637 militiam,
1162 2578 1281 2622 nee
1346 2557 1550 2621 ullum
1612 2559 1751 2642 regi
1817 2558 2090 2623 militem
2153 2557 2467 2625 coneedit.

520 2641 772 2726 Sponte
815 2652 1038 2709 tamen
1085 2664 1201 2708 sna
1257 2643 1474 2726 plures
1531 2652 1811 2709 currunt
1909 2665 2060 2708 uam
2118 2644 2472 2709 conveniat

515 2728 678 2812 ipsis
732 2729 999 2813 inquam
1057 2729 1489 2796 currentibus
1588 2730 1680 2793 Et
1743 2665 2004 2811 quidem
2060 2729 2471 2795 Rhaetorum

517 2819 687 2878 4000
724 2814 917 2881 ducet
958 2816 1029 2880 in
1054 2816 1332 2880 Italiam.
1400 2815 1608 2897 Legio
1644 2814 1969 2882 helvetiea
2012 2815 2360 2882 descendet
2400 2818 2470 2880 in

517 2900 910 2966 Pieardiam.
1001 2900 1323 2966 Cohortes
1384 2900 1631 2982 aliquot
1688 2900 2029 2964 intrabunt
2086 2903 2345 2966 solitam
2391 2903 2471 2965 il-

514 2986 645 3051 lam
695 2985 1271 3052 Pedemontanam.
1366 2986 1567 3067 Atqui
1622 3006 1845 3050 rarum
1890 2996 1988 3051 est
2032 2988 2200 3068 quod
2244 2986 2470 3052 helve-

514 3072 686 3140 ticus
731 3074 1057 3139 exereitus
1101 3072 1172 3136 in
1219 3082 1315 3137 tot
1357 3070 1687 3136 diducitur
1727 3082 1965 3154 partes.
2056 3071 2363 3156 Plerique
2406 3082 2472 3138 et

514 3160 672 3225 huic
713 3171 779 3222 et
824 3161 962 3242 regi
1009 3157 1181 3223 male
1224 3159 1618 3223 ominantur.
1708 3158 2035 3222 Dominus
2077 3159 2471 3223 misereatur

516 3244 932 3311 afflictissimi
976 3243 1200 3327 populi
1258 3255 1326 3308 et
1385 3244 1525 3327 regi
1570 3243 1788 3308 oeulos
1834 3247 2087 3328 aperiat
2129 3255 2204 3308 ut
2246 3244 2471 3310 videat

517 3332 671 3415 quid
717 3333 804 3395 sit
853 3330 1195 3396 innoxium
1250 3329 1525 3394 fundere
1580 3343 1957 3395 sanctorum
2013 3351 2341 3408 cruorem,
2404 3339 2472 3396 et

513 3427 911 3500 quantopere
966 3417 1175 3483 bonus
1235 3417 1541 3499 princeps
1599 3437 1717 3500 pro
1776 3437 1931 3499 paee
1990 3416 2361 3499 reparanda
2403 3427 2470 3480 et

513 3505 964 3570 conservanda
997 3503 1297 3567 laborare
1341 3501 1595 3567 debeat.

686 3588 967 3654 Librum
1024 3587 1214 3652 illum
1282 3587 1362 3652 de
1428 3609 1560 3652 non
1628 3587 2053 3654 cohercendis
2122 3589 2469 3655 haereticis

514 3697 649 3742 non
707 3672 867 3739 vidi:
936 3675 1228 3756 suspicor
1299 3686 1515 3739 tamen
1577 3671 1763 3739 illum
1819 3696 1959 3740 esse
2015 3695 2209 3759 quem
2284 3674 2470 3740 aiunt

517 3762 601 3825 D.
650 3761 925 3826 Petrum
978 3761 1249 3825 Pernam
1291 3781 1513 3825 seeum
1558 3760 1854 3825 attulisse
1900 3783 1981 3824 ex
2026 3760 2225 3826 Italia
2264 3783 2466 3843 quum

517 3845 935 3910 descenderet
990 3845 1623 3927 Francofordiam.⁸)
1724 3845 1801 3910 ld
1860 3845 2029 3928 quod
2090 3868 2322 3911 moneo
2384 3869 2469 3912 ne

514 3933 812 3996 fortassis
856 3932 1204 4014 suspiceris
1248 3943 1510 3996 autores
1557 3954 1699 3996 esse
1758 3931 1902 3995 libri
1960 3934 2068 4014 qui
2115 3954 2247 3997 non
2292 3941 2465 3998 sunt.

520 4019 798 4084 Delatus
841 4018 1055 4083 fuerat
1103 4017 1487 4084 Gualtherus
1545 4027 1769 4082 noster
1826 4017 1999 4102 apud
2058 4020 2140 4082 D.
2193 4018 2468 4086 Coelium

517 4102 691 4186 quod
736 4102 1008 4169 dixisset
1033 4103 1307 4169 Coelium
1345 4103 1717 4169 huiusmodi
1762 4126 2068 4186 spargere
2110 4117 2469 4170 venenatos

512 4189 733 4254 libros.
824 4188 1013 4255 Unde
1056 4190 1115 4253 is
1156 4213 1225 4254 se
1270 4190 1492 4254 multis
1549 4190 1721 4271 apud
1782 4212 1899 4256 nos
1954 4194 2290 4275 purgavit,
2352 4213 2465 4255 ne-

653 4297 685 4340 s
727 4277 991 4339 omnino
1046 4297 1117 4340 se
1160 4275 1510 4360 quidquam
1570 4275 1765 4340 huius
1826 4299 2109 4359 unquam
2169 4277 2465 4343 edidisse.

518 4298 747 4445 ἔξω)
793 4359 875 4425 D.
906 4361 1285 4427 Gualtherus
1325 4361 1391 4426 id
1438 4362 1604 4444 quod
1653 4361 1760 4426 ille
1805 4362 2147 4427 obiiciebat
2192 4362 2464 4428 dixerat.

518 4447 828 4514 Arbitrer
870 4469 1026 4530 ergo
1069 4448 1136 4511 in
1182 4448 1376 4512 Italia
1419 4468 1561 4513 esse
1615 4461 1942 4512 venenata
2000 4450 2264 4532 ingenia
2309 4451 2470 4532 qui*

408 4557 423 4571 ·
518 4532 894 4599 huiusmodi
940 4531 1256 4597 exhalent
1298 4533 1597 4599 foetores.

690 4620 1023 4686 Ioachimo
1084 4618 1426 4700 Westphalo
1484 4615 1623 4684 non'
1678 4619 1957 4683 arbitror
2003 4640 2144 4684 esse
2201 4641 2468 4703 respon·

517 4705 823 4771 dandum.
846 4710 900 4782 ⁴)
989 4703 1121 4770 Sed
1182 4706 1235 4770 si
1296 4705 1414 4769 tibi
1474 4717 1541 4770 et
1584 4706 1728 4769 aliis
1772 4705 1898 4788 piis
1944 4707 2102 4770 viris
2147 4705 2321 4769 aliud
2373 4707 2470 4771 vi-

517 4791 772 4868 deatur,
818 4795 933 4857 fiat
978 4790 1148 4875 quod
1184 4791 1614 4857 aedificationi
1652 4792 1940 4856 maxime
1976 4792 2195 4856 servit.
2255 4791 2470 4857 Audio

513 4877 944 4942 Lntheranos
968 4879 1032 4942 in
1079 4900 1198 4943 noe
1222 4880 1313 4943 ita
1336 4879 1711 4960 petulanter
1753 4879 1884 4942 imo
1927 4876 2339 4943 truculenter
2366 4878 2469 4941 in-

516 5117 705 5172 104⁴.
733 5116 790 5184 l)
825 5116 903 5200 N.
948 5116 1092 5172 1985.

724 5185 787 5318 {i
824 5186 981 5309 &aa
1010 5256 1270 5308 miranda
1302 5256 1552 5322 confusio
1576 5272 1695 5310 cum
1722 5256 1964 5309 versibus
1985 5254 2060 5308 N.
2087 5252 2217 5307 1938
2250 5257 2470 5308 normis.

723 5322 787 5389 4)
827 5325 910 5389 Cf.
953 5324 1024 5376 N.
1073 5322 1225 5377 1981.
1299 5322 1630 5379 &nentia-⁸
1676 5339 1795 5377 eum
1840 5339 1966 5377 nox
2014 5329 2251 5378 mutuae
2296 5323 2471 5380 disces

510 5411 587 5449 a·
620 5395 795 5450 Ueris
828 5411 896 5448 m.
937 5392 1098 5447 Maio
1132 5393 1365 5460 scriptis.

2020 459 2544 529 EPIS'POLAE
2592 463 3012 526 1944-1946

4401 463 4528 525 120

2572 649 2856 715 vehere·
2912 657 2990 716 ut
3030 650 3200 715 nihil
3253 646 3550 716 dubitem
3593 650 3815 716 Deum
3868 650 4117 715 iustum
4169 648 4523 716 iniustissi-

2572 755 2714 801 mos
2775 735 3054 801 istorum
3110 735 3361 803 furores
3418 734 3916 802 coherciturum.
4019 733 4348 800 Dominus
4412 734 4526 801 det

2570 820 2704 887 illis
2759 823 3064 905 spiritum
3120 822 3478 906 sapientiae
3543 830 3613 887 et
3668 820 4115 887 humanitatis.
4222 819 4394 887 Vale
4450 820 4522 886 in

2572 906 2870 985 Christo,
2929 907 3190 974 domine
3253 906 3707 974 colendissime
3770 915 3839 973 et
3901 908 4105 972 frater
4164 907 4522 973 carissime.

2670 992 2979 1059 mmenda
3035 1016 3140 1060 me
3203 994 3505 1077 precibus
3554 992 3862 1059 fratrum:
3941 1013 4102 1077 quos
4165 991 4392 1058 ordine
4455 1002 4529 1058 et

2571 1078 2732 1230 ffihi
2778 1091 2848 1144 et
2890 1083 3274 1166 symmystis
3316 1080 3483 1146 meis
3529 1077 3859 1144 salutabis.
3928 1079 4158 1164 'l'ignri
4197 1080 4298 1145 22.
4322 1080 4522 1162 Apri·

2603 1165 2656 1230 ‘s
2710 1170 2889 1229 1554.

3701 1249 4128 1334 Bullingerus
4178 1262 4349 1315 tuus.

3521 1563 3764 1572 ---—-..——-

3459 1798 3646 1870 1845.

3038 1939 3046 1947 ⁸
3085 1955 3576 2023 FARELLUS
3622 1950 3990 2021 VIRETO.

2751 2128 3132 2194 Gratulatur
3194 2129 3255 2194 ei
3296 2149 3566 2210 puerum
3607 2134 3838 2195 natum.
3948 2125 4114 2192 Tum
4154 2124 4345 2192 obiter
4385 2125 4530 2191 Mo·-

2573 2212 2877 2293 linaeum,
2947 2213 3271 2279 Albertum
3343 2214 3793 2291 Marchionem,
3869 2213 4152 2298 reyinam
4215 2210 4526 2291 Marion,

2577 2300 2832 2381 Betam,
2878 2298 3159 2365 Bellium
3201 2301 3273 2365 in
3316 2320 3564 2367 scenam
3596 2299 3908 2382 producit.

2576 2471 2688 2535 (Ex
2723 2470 3061 2593 autographo
3108 2471 3272 2525 Areh.
3316 2471 3498 2527 Tur-ie.
3544 2472 3686 2525 Plnt.
3737 2469 3832 2524 VI.
3882 2469 4006 2525 Vol.
4053 2468 4180 2533 166,
4215 2471 4345 2524 olim
4382 2471 4528 2539 Epp.

2997 2558 3103 2594 om.
3140 2539 3226 2603 24,
3266 2541 3356 2595 rol.
3394 2539 3511 2595 833.
3549 2568 3615 2580 -
3645 2539 3855 2595 simler.
3896 2538 4018 2593 Vol.
4054 2537 4167 2607 82.)

2575 2711 2824 2777 Ohristi
2883 2732 3071 2778 servo
3135 2711 3487 2778 admodum
3538 2711 3783 2796 insigni
3841 2712 3923 2777 D.
3983 2710 4216 2776 Vireto
4275 2711 4526 2794 pastori

3118 2797 3427 2865 ecclesiae
3471 2797 3984 2864 Lausannensis.

2747 2934 2820 3001 S.
2902 2935 3229 3000 Dominus
3287 2935 3478 3001 Iesus
3540 2936 3733 3020 plene
3790 2934 3962 3000 adsit
4016 2932 4300 2999 famulae
4342 2955 4524 3014 snae,

2577 3030 2774 3104 teque
2831 3039 2976 3085 enm
3036 3022 3164 3086 ista
3222 3041 3354 3085 non
3420 3021 3641 3086 minus
3701 3018 3984 3106 gaudere
4042 3018 4267 3097 faeiat,
4325 3040 4526 3104 quam

2575 3105 3029 3172 Abrahamum
3075 3117 3142 3171 et
3185 3106 3423 3173 Saram
3466 3109 3535 3172 in
3582 3121 3775 3190 partu
3822 3106 4006 3173 Isaei.
4037 3110 4089 3188 ¹)
4179 3109 4380 3173 Recte
4423 3106 4524 3172 fa-

2575 3192 2667 3257 cis
2711 3191 2882 3275 quod
2926 3193 2996 3257 in
3041 3203 3333 3276 tempore
3367 3215 3499 3259 non
3538 3193 3801 3270 deseris,
3849 3205 3916 3258 et
3958 3193 4128 3276 quod
4159 3214 4278 3276 per
4313 3203 4379 3258 te
4413 3191 4526 3258 hic

2573 3277 3013 3360 sperabamus,
3057 3279 3299 3344 efficiat
3341 3280 3686 3357 Dominus,
3747 3278 3901 3344 lieet
3942 3298 4172 3361 parum
4228 3278 4394 3344 mihi
4438 3280 4526 3345 sit

2573 3363 2730 3446 spei.
2821 3364 2990 3429 Nam
3032 3366 3140 3447 qui
3185 3385 3436 3430 meeum
3476 3367 3688 3432 facere
3733 3363 4065 3444 deberent,
4108 3363 4233 3430 sibi
4267 3372 4336 3429 et
4378 3363 4527 3431 aliis

2574 3450 2854 3533 sapiunt.
2924 3448 3054 3531 Qui
3094 3469 3320 3516 ansam
3366 3450 3666 3535 praebuit
3708 3450 3871 3530 aliis,
3916 3461 3996 3515 ut
4038 3450 4341 3516 ecelesias
4374 3471 4526 3534 pre-

2570 3553 2828 3601 merent
2868 3536 2938 3601 in
2984 3535 3439 3601 observatione
3484 3537 3728 3602 rituum
3774 3548 3842 3603 et
3886 3536 4250 3616 verborum,
4297 3536 4524 3602 melio-

2572 3620 2754 3686 ribus
2799 3621 3164 3705 prohibitis,
3207 3625 3427 3707 pergit
3479 3621 3672 3690 valde
3730 3642 3852 3688 sua
3895 3621 4177 3706 probans
4223 3622 4526 3688 consilia:

2571 3709 2788 3774 nescio
2831 3707 2987 3791 quid
3045 3708 3312 3774 tandem
3369 3711 3593 3792 pariet.
3682 3709 3886 3773 Faxit
3928 3707 4263 3788 Christus,
4321 3715 4396 3772 nt
4449 3716 4526 3773 tu

2571 3792 2700 3859 huc
2743 3793 3016 3860 veniens
3060 3794 3307 3861 efficias
3349 3795 3590 3877 aliquid
3632 3793 3700 3858 in
3746 3794 4019 3879 gloriam
4069 3794 4357 3859 Domini.

2743 3880 3012 3945 Lubens
3091 3882 3228 3945 vidi
3303 3882 3561 3947 initium
3641 3879 3955 3945 orationis
4025 3877 4388 3958 Molinei,‘²)
4456 3889 4526 3946 et

2570 3964 2688 4030 tibi
2734 3969 3011 4049 gratiam
3058 3966 3285 4045 habeo,
3332 3966 3504 4051 quod
3550 3965 3807 4032 miseris
3849 3965 3931 4030 ad
3971 3987 4093 4031 me.
4164 3966 4525 4032 Germania

2571 4072 2727 4116 vere
2768 4072 2993 4117 omnes
3038 4050 3122 4117 ad
3167 4054 3488 4138 lacrymas
3534 4072 3918 4135 promovere
3962 4050 4169 4118 debet.
4235 4052 4522 4136 Magnus

2570 4149 2673 4203 est
2726 4137 2905 4202 furor
2953 4138 3252 4214 Domini,
3319 4139 3488 4222 quod
3555 4140 3746 4203 toties
3801 4147 4200 4222 prostratum
4251 4159 4524 4222 surgere

2569 4244 2799 4288 rursus
2855 4224 3050 4290 faeiat
3105 4226 3438 4309 potentius
3492 4224 3835 4290 Alternum.
3863 4228 3916 4300 ³)
4008 4223 4140 4289 Sed
4196 4223 4341 4307 quis
4387 4245 4519 4289 non

2571 4310 2957 4376 conficiatur
3015 4334 3210 4394 super
3279 4323 3450 4376 sorte
3516 4309 3846 4395 Angliae?
3946 4308 4112 4391 Quis
4177 4332 4311 4375 non
4369 4330 4519 4374 cnm

2571 4395 2912 4461 Hieremia
2950 4409 3226 4462 mortem
3283 4398 3371 4481 pii
3419 4399 3591 4481 regis
3634 4406 3703 4461 et
3738 4395 4075 4462 Ehrazetae
4094 4397 4152 4479 ⁴)
4212 4407 4342 4460 tam
4401 4395 4520 4460 du·-

2571 4501 2713 4545 ram
2756 4484 3345 4566 persequutionem,
3393 4483 3855 4564 miseriamque
3912 4483 4166 4564 piorum
4225 4482 4520 4547 omnium

2573 4565 2809 4632 defleat
2852 4589 3048 4651 quam
3094 4569 3515 4635 amarissime.
3606 4567 3798 4646 Vide,
3840 4589 3878 4633 o
3915 4568 4194 4633 Domine
4239 4567 4410 4646 Iesu,
4456 4579 4530 4633 et

2572 4654 2681 4735 qui
2728 4675 2842 4736 pro
2888 4667 3022 4719 tam
3067 4655 3355 4721 cruentis
3400 4654 3756 4739 parricidis,
3797 4654 3909 4737 qui
3955 4667 4022 4718 te
4050 4674 4245 4736 quam
4290 4653 4525 4720 crude—

2570 4738 2859 4805 lissimae
2899 4743 3098 4805 morti
3140 4741 3584 4820 tradiderunt,
3644 4754 3897 4824 patrem
3942 4742 4243 4816 exorasti,
4303 4741 4523 4822 propi·

2573 4827 2705 4891 tius
2750 4835 2889 4891 esto
2935 4829 3082 4900 tuis,
3130 4839 3199 4892 et
3243 4828 3395 4894 tolle
3439 4837 3655 4912 pestes
3698 4826 4107 4893 incurabiles.
4523 4874 4538 4880 -

2759 5002 2926 5010 *mov-*—

2569 5115 2836 5246 βὶιθὶῒδὲὧ)
2851 5117 3052 5244 agg-5⁸
3109 5118 3290 5173 Vireto
3339 5131 3570 5186 puerum
3613 5123 3801 5171 namn
3846 5119 4036 5184 fuisse.
4119 5115 4361 5171 Famula
4411 5131 4526 5171 ao·

2777 5257 2838 5317 2)
2875 5254 2952 5311 N.
2979 5254 3140 5338 jesa.

2778 5323 2842 5459 ἒξ
2873 5324 3157 5450 ἕῗῗιῖαζ
3191 5323 3451 5452 &meermlw'
3486 5394 3628 5463 ιῳει.
