4850 6200
470 401 596 464 ⁷99

474 586 697 652 simus.
777 584 1126 667 Nunquam
1187 594 1318 647 tam
1371 582 1641 648 feliciter
1683 582 2031 649 cohaerent
2075 580 2402 658 foederati,

473 681 548 738 ut
591 691 723 736 non
773 671 1140 753 frequenter
1180 690 1310 735 non
1356 669 1535 734 leves
1578 670 1880 751 utrinqne
1914 667 2269 733 videantur
2303 668 2404 730 in—

473 757 634 822 ferri
689 756 983 820 iniuriae.
1070 754 1297 838 Neque
1341 775 1494 820 vero
1551 753 1674 820 hac
1718 754 1798 818 de
1862 775 2061 819 causa
2106 753 2408 818 dissuunt

473 842 735 907 foedera
786 843 1128 925 sapientes,
1185 839 1299 905 sed
1344 838 1688 922 aliqnando
1746 838 2232 917 dissimulando,
2289 837 2406 903 ali-

473 927 735 1011 quando
803 925 1089 991 modeste
1154 924 1628 1009 interpellando
1692 925 1960 991 dissidia
2020 925 2126 989 vel
2184 923 2410 989 oborta

472 1014 579 1080 vel
624 1013 955 1078 oboritura
988 1022 1103 1076 aut
1145 1020 1544 1094 componunt
1586 1020 1698 1075 aut
1740 1011 2188 1094 praeveniunt.
2279 1010 2407 1074 Co-

475 1101 686 1183 gitant
748 1100 820 1163 in
883 1098 1241 1162 mutatione
1307 1106 1422 1163 aut
1464 1098 1916 1181 abrogratione
1959 1096 2152 1180 longe
2195 1096 2407 1160 maius

473 1185 611 1249 fore
670 1183 1031 1267 periculum
1080 1204 1274 1265 quam
1335 1184 1391 1247 si
1428 1183 1652 1247 foedus
1696 1183 2140 1265 qualecunque
2183 1202 2407 1264 proro-

477 1268 684 1356 gent.]
713 1270 762 1350 ε5)
817 1268 1308 1335 Confoederatio
1351 1268 1465 1332 illa
1507 1279 1729 1333 vestra
1771 1288 1916 1334 cum
1962 1268 2408 1332 Bernensibus

475 1376 610 1420 non
654 1356 878 1420 infelix
923 1355 1047 1419 fuit
1088 1354 1422 1419 hactenus.
1494 1356 1709 1419 Aucta
1752 1364 1851 1418 est
1895 1353 1974 1417 ad
2021 1352 2408 1419 miraculum

476 1462 683 1524 usque
728 1441 994 1506 ecclesia
1041 1439 1464 1505 Genevensis.
1522 1441 1610 1504 Et
1655 1441 1778 1504 fnit
1821 1439 2173 1522 hucusque,
2221 1449 2412 1521 atquc

478 1537 703 1592 manet
745 1526 976 1603 adhuc,
1033 1525 1334 1590 exsulum
1381 1524 1629 1589 Christi
1673 1545 1866 1590 causa
1910 1526 2184 1608 asylum.
2247 1523 2413 1588 Inde

479 1633 596 1696 per
652 1613 1027 1677 universam
1090 1611 1374 1677 Galliam
1433 1613 1763 1694 spargitur
1808 1612 2222 1692 praeconium
2257 1610 2412 1675 Iesu

480 1697 726 1763 Christi
782 1707 857 1763 ut
921 1697 1000 1761 de
1054 1697 1198 1762 aliis
1253 1696 1625 1761 nationibus
1680 1697 1846 1761 nihil
1895 1716 2410 1762 commemorem

478 1782 707 1849 Potest
772 1783 1027 1865 quidem
1095 1781 1319 1846 divina
1385 1782 1635 1847 bonitas
1700 1792 1768 1846 et
1831 1784 2118 1865 potentia
2174 1782 2414 1863 absque

481 1868 1040 1935 confoederatione
1089 1868 1315 1932 urbem
1373 1879 1657 1931 vestram
1720 1888 1999 1946 servare,
2045 1877 2112 1931 et
2154 1867 2414 1949 quidem

481 1963 689 2039 turpe,
735 1956 864 2018 imo
908 1955 1176 2035 impium
1200 1962 1368 2018 esset
1388 1954 1897 2018 incolumitatem
1943 1952 2122 2018 urbis
2160 1963 2415 2018 vestrae

482 2039 985 2104 considerationi
1011 2039 1278 2121 alligare
1303 2038 1644 2103 humanae.
1708 2038 2115 2117 Maledictus,
2152 2040 2245 2102 ait
2264 2060 2412 2122 pro—

482 2126 699 2206 pheta,
726 2129 836 2205 qui
863 2126 1042 2208 ponit
1079 2144 1338 2188 carnem
1371 2123 1706 2189 brachium
1741 2145 1950 2189 suum.
1973 2127 2026 2203 θ)
2087 2124 2410 2205 Quoniam

483 2232 637 2275 vero
703 2208 886 2275 Deus
955 2232 1083 2274 non
1149 2231 1402 2291 semper
1449 2210 1829 2275 miraculose
1894 2210 2007 2273 sed
2052 2231 2166 2292 per
2200 2210 2414 2274 media

484 2298 621 2379 agit
665 2297 969 2379 legitima,
1017 2316 1226 2377 neque
1270 2294 1560 2360 humana
1600 2297 1668 2359 in
1731 2297 2110 2360 universum
2150 2295 2416 2360 damnat

485 2383 746 2457 auxilia,
792 2404 999 2463 neque
1043 2380 1212 2445 male
1236 2380 1546 2445 hactenus
1590 2383 1853 2446 cesserit
1890 2381 2071 2447 vobis
2115 2382 2229 2446 illa
2263 2404 2412 2447 con—

480 2466 853 2532 foederatio:
925 2489 1052 2531 non
1119 2482 1364 2530 temere
1429 2467 1877 2549 prudentiores
1940 2467 2229 2532 iudicant
2283 2489 2414 2531 non

482 2551 697 2618 deberi
743 2553 1365 2619 confoederationem
1410 2552 1588 2616 illam
1628 2552 1921 2627 discindi,
1968 2561 2035 2617 et
2077 2555 2133 2618 si
2178 2552 2414 2618 discin-

483 2638 673 2703 datur
737 2661 866 2703 non
933 2660 1117 2720 posse
1176 2637 1242 2701 id
1302 2638 1560 2720 quidem
1610 2639 1752 2702 fieri
1795 2639 1959 2704 citra
2012 2639 2416 2703 luculentum

478 2726 732 2806 piorum
778 2725 1260 2788 detrimentum.
1329 2724 1462 2787 Res
1498 2738 1670 2788 certe
1712 2725 1841 2789 ista
1873 2746 1979 2789 me
2023 2733 2201 2789 tenet
2224 2723 2417 2789 valde

481 2810 849 2887 sollicitum,
914 2811 1164 2893 quoties
1219 2809 1433 2893 cogito
1497 2810 1835 2874 Genavam
1901 2818 1996 2874 tot
2079 2810 2419 2876 exsulibus

481 2904 748 2979 propter
794 2894 1130 2961 Christum
1173 2895 1482 2978 praebere
1525 2895 1823 2979 hospitia,
1867 2898 1976 2977 qui
2020 2907 2242 2961 tamen
2286 2895 2417 2962 dis-

483 2990 929 3064 pergerentur,
1004 2988 1244 3052 metuo,
1313 2980 1369 3044 si
1445 2981 1553 3044 vel
1629 2981 1874 3046 bellum
1937 2981 2421 3048 recrudesceret

483 3066 993 3152 Allobrogicum,
1039 3066 1147 3131 vel
1201 3065 1439 3131 itinera
1482 3065 1947 3147 obsiderentur,
2012 3068 2116 3134 vel
2161 3069 2215 3134 si
2260 3068 2418 3152 qnid

484 3155 777 3219 eveniret
835 3153 1290 3230 calamitosius,
1355 3151 1463 3216 vel
1525 3153 1721 3217 etiam
1769 3152 1935 3218 bello
1977 3154 2196 3219 sociali
2239 3154 2419 3220 colli·

486 3237 818 3304 deremini.
915 3239 1143 3302 Potest
1208 3237 1466 3320 quidem
1535 3238 1717 3304 Deus
1780 3259 1932 3304 snos
1995 3239 2297 3324 colligere
2354 3247 2421 3305 et

480 3343 714 3406 parare
779 3324 914 3389 suis
959 3322 1274 3405 hospitia:
1317 3343 1545 3388 verum
1590 3325 1647 3390 si
1679 3334 1910 3408 parata
1940 3325 2072 3389 iam
2113 3328 2248 3390 sint
2285 3348 2418 3390 non

482 3418 639 3492 puto
680 3418 921 3474 temere
962 3409 1066 3473 vel
1103 3408 1415 3473 mutanda
1459 3430 1598 3475 esse
1642 3410 1750 3474 vel
1793 3409 2229 3476 disturbanda.
2293 3410 2420 3476 Ve-

486 3516 634 3560 rum
677 3494 840 3561 haec
881 3495 1029 3578 ipsa
1071 3495 1242 3579 apud
1287 3504 1354 3559 te
1387 3497 1632 3578 cogitas
1668 3496 1842 3561 haud
1889 3495 2114 3576 dubie3
2158 3504 2232 3561 ut
2287 3507 2415 3562 sto-

485 3580 695 3646 lidum
750 3601 857 3645 me
902 3581 1008 3646 hic
1031 3581 1143 3645 tibi
1181 3579 1520 3646 exhibeam
1566 3582 1676 3664 qui
1720 3583 2212 3666 occupatissimo
2256 3582 2417 3649 alias

488 3666 616 3732 ista
680 3676 775 3730 tot
838 3667 1054 3731 verbis
1119 3667 1456 3731 inculcem.
1546 3667 1679 3733 Sed
1745 3666 1927 3732 dabis
1985 3672 2098 3735 hoc
2140 3669 2415 3735 sollicito

488 3753 710 3817 amori.
800 3754 1053 3817 Censeo
1098 3753 1362 3816 omnino
1406 3753 1476 3815 in
1520 3754 1601 3817 iis
1635 3773 1797 3835 quae
1841 3768 1996 3818 sunt
2038 3755 2416 3820 indifferen-

486 3838 583 3902 tia
624 3837 982 3904 cedendum
1023 3859 1162 3902 esse
1209 3838 1498 3903 nonnihil
1545 3839 2005 3919 Beruensibus‚
2069 3851 2135 3906 et
2189 3862 2417 3906 rursus

482 3922 603 3988 hos
647 3945 774 3989 non
820 3922 1167 4005 praeduros
1211 3945 1352 3988 esse
1381 3935 1695 4007 oportere,
1741 3936 1812 3988 ut
1853 3925 2079 3991 foedus
2101 3926 2417 3992 hactenus

480 4028 742 4092 pactum
789 4021 1171 4092 prorogetur
1215 4010 1503 4086 ulterius,
1562 4009 1764 4076 donec
1808 4011 2077 4078 meliora
2119 4014 2416 4095 experia-

480 4116 631 4160 mur
689 4106 1000 4178 tempora.
1092 4094 1410 4174 Quamvis
1469 4117 1620 4160 vero
1676 4096 1973 4175 arbitrer,
2021 4107 2088 4162 te
2146 4120 2260 4180 pro
2303 4109 2419 4163 tua

481 4181 834 4264 prudentia
901 4181 1041 4244 istis
1102 4181 1405 4246 civilibus
1427 4181 1481 4265 ⁷)
1549 4203 1681 4247 non
1727 4183 2078 4258 innectere,
2124 4184 2277 4264 qnia
2321 4195 2415 4247 ta·

482 4288 635 4331 men
677 4287 808 4330 non
854 4266 1081 4333 dubito
1125 4266 1471 4348 aliquando
1515 4288 1553 4331 a
1596 4270 1716 4350 piis
1761 4280 2061 4351 rogatum
2099 4281 2280 4334 tuam
2326 4271 2418 4334 eis

482 4353 725 4416 referre
782 4353 1171 4417 sententiam
1234 4363 1301 4415 et
1352 4352 1645 4417 conferre
1703 4354 1781 4417 de
1823 4355 2018 4420 rebus
2056 4356 2416 4439 praesenti-

484 4434 623 4513 bus,
671 4438 986 4503 admoneo
1034 4445 1098 4502 et
1121 4438 1347 4501 hortor
1389 4445 1473 4514 te,
1520 4440 1610 4502 mi
1653 4439 1873 4514 frater,
1910 4441 2042 4506 tuis
2065 4447 2251 4506 autor
2274 4461 2415 4506 esse

480 4525 647 4590 velis
692 4534 756 4588 et
788 4524 1118 4589 consultor
1159 4535 1234 4586 ut
1267 4524 1553 4589 societati
1580 4524 2012 4590 Bernensium
2056 4548 2125 4590 se
2169 4547 2415 4592 accom—

484 4608 770 4686 modent,
827 4631 911 4673 ne
959 4610 1083 4673 hae
1128 4609 1292 4673 dnae
1334 4610 1733 4692 respublicae
1772 4631 1812 4673 a
1854 4631 1923 4675 se
1967 4611 2247 4676 invicem
2292 4612 2417 4676 dis·

484 4695 708 4760 siliunt
750 4695 1035 4760 maximo
1077 4694 1434 4759 multorum
1477 4696 1795 4761 bonorum
1839 4695 2075 4776 dolore,
2126 4698 2414 4762 infirmo·

480 4801 626 4846 rum
663 4781 860 4846 etiam
897 4782 1249 4845 offensione
1289 4790 1355 4846 et
1390 4781 1793 4861 detrimento,
1839 4802 2097 4848 summa
2140 4780 2415 4865 denique

485 4887 632 4932 cum
693 4867 1126 4931 exsultatione
1184 4867 1580 4932 nebulonum
1622 4868 1929 4932 omnium.
2020 4868 2255 4946 Vigila,
2302 4868 2412 4932 ob·

487 4972 684 5028 secr0,
752 4953 965 5036 cogita
1030 4973 1108 5016 ea
1163 4973 1327 5034 quae
1392 4953 1568 5035 pacis
1635 4967 1698 5017 et
1744 4950 2206 5018 aedificationis
2240 4961 2412 5030 sunt,

688 5172 749 5294 ἓ)
801 5173 988 5227 Verum
1025 5189 1114 5294 '7⁰8
1147 5175 1259 5229 iam
1293 5176 1353 5227 in
1387 5175 1543 5229 aliud
1578 5175 1812 5230 stadium
1844 5190 2137 5244 promes-sa
2172 5182 2302 5229 erat.

695 5245 754 5376 7))
785 5241 1004 5379 inme:
1024 5244 1098 5365 ιη’
1131 5242 1185 5365 g.
1242 5311 1432 5365 Etiam
1466 5314 1743 5382 sequentia
1775 5313 2147 5371 emendatione
2180 5321 2346 5383 egent.

1968 391 2488 460 EPISTOLAE
2527 394 2949 458 2307-2308

4321 395 4452 459 890

2514 580 2729 647 sciens
2774 590 3069 663 tempora
3109 600 3249 646 esse
3292 579 3481 644 mala.
3551 581 3873 645 Dominus
3908 579 4093 645 Iesus
4137 581 4453 647 concedat

2513 666 2698 731 vobis
2742 675 2919 731 recte
2965 686 3192 749 sapere
3232 665 3305 730 in
3348 666 3455 730 his
3498 675 3565 730 et
3607 667 3677 730 in
3718 665 3985 749 reliquis
4029 667 4346 748 omnibus,
4382 675 4450 732 et

2512 772 2589 816 ea
2646 772 2809 835 quae
2870 750 3158 816 salubria
3213 763 3369 817 sunt
3421 752 3655 818 sectari
3699 752 4007 834 consequi
4039 761 4106 817 et
4147 753 4448 833 retinere,

2510 836 2796 921 adeoque
2839 844 2907 901 et
2948 834 3215 901 modum
3260 849 3484 903 tenere
3525 837 3600 901 in
3634 836 3952 903 omnibus.
4019 841 4194 903 Ante
4233 840 4453 904 omnia

2511 945 2664 988 vero
2707 943 2967 987 oremus
3012 921 3371 988 Dominum
3412 931 3491 987 ut
3533 925 3591 988 is
3639 923 4010 1005 praeluceat
4053 924 4237 990 vobis
4279 934 4348 989 et
4380 926 4448 990 in

2513 1010 2641 1074 viis
2674 1009 2811 1073 suis
2857 1029 2973 1072 vos
3020 1009 3294 1074 retineat
3338 1029 3610 1092 semper.

2687 1092 2791 1158 De
2859 1096 2939 1159 D.
3014 1093 3311 1176 Philippo
3326 1098 3381 1173 ⁸)
3449 1116 3584 1159 non
3663 1094 3872 1160 ausim
3952 1105 4134 1158 tanta
4188 1115 4452 1177 sperare

2516 1189 2761 1263 quanta
2796 1179 3043 1243 videris
3089 1181 3154 1244 in
3173 1181 3304 1246 tuis
3349 1180 3641 1263 polliceri
3663 1179 3888 1245 literis.
3947 1180 4109 1245 Pius
4153 1190 4254 1246 est
4295 1202 4452 1246 sane

2516 1276 2583 1330 et
2642 1265 2867 1331 doctus
2925 1265 3035 1330 sed
3094 1266 3399 1331 abhorret
3457 1267 3731 1330 nimium
3787 1266 3867 1330 ab
3910 1265 4453 1348 disputationibus

2518 1352 2717 1416 etiam
2762 1351 3164 1416 necessariis.
3244 1352 3438 1418 Unde
3481 1372 3614 1416 non
3658 1372 3922 1434 possum
3966 1352 4130 1416 mihi
4186 1373 4456 1435 persua·

2518 1436 2671 1502 dere
2729 1437 2915 1501 illum
2979 1458 3265 1519 unquam
3320 1448 3612 1503 nostram
3656 1438 4045 1502 sententiam
4091 1437 4195 1501 vel
4283 1439 4455 1504 alam

2519 1523 2620 1587 vel
2645 1524 2887 1606 scripto
2909 1531 3137 1588 contra
3158 1523 3436 1606 aliquem
3461 1523 3727 1607 vulgato
3748 1523 4186 1589 defensurum.
4284 1546 4456 1590 enex

2521 1619 2619 1673 est
2663 1620 2729 1673 et
2806 1609 2951 1675 vult
2994 1610 3062 1672 in
3098 1630 3272 1691 pace,
3318 1610 3374 1674 si
3419 1609 3561 1673 fieri
3604 1609 3822 1691 possit,
3873 1610 4156 1693 migrare
4191 1608 4275 1674 ad
4317 1611 4454 1675 Do-

2520 1696 2795 1759 minum.
2866 1694 3189 1779 Intelligit
3233 1696 3405 1760 inter
3447 1716 3607 1777 quos
3629 1695 3881 1759 habitet
3923 1703 3989 1759 et
4031 1704 4273 1777 quanto
4305 1717 4456 1762 cum

2521 1781 2807 1863 periculo
2853 1780 3051 1844 telam
3097 1780 3278 1845 illam
3325 1780 3666 1845 ordiretur.
3736 1780 3916 1846 Satis
3960 1780 4164 1865 igitur
4206 1779 4457 1847 videbi-

2518 1876 2628 1930 tur
2672 1868 2900 1932 fecisse
2945 1866 3068 1931 sibi
3105 1867 3159 1930 si
3195 1888 3323 1931 non
3351 1866 3705 1950 coniungat
3747 1887 3817 1931 se
3862 1866 4156 1932 hostibus
4191 1867 4453 1946 nostris,

2520 1953 2632 2018 sed
2676 1952 2932 2017 furores
2976 1953 3266 2034 ipsorum
3310 1950 3607 2018 cohibeat
3648 1960 3767 2017 etc.
3853 1951 4113 2034 Alioqui
4159 1973 4292 2018 non
4335 1952 4458 2018 du-

2518 2040 2652 2105 bito
2718 2037 2901 2102 illum
2964 2038 3182 2102 favere
3239 2037 3425 2103 nobis
3489 2046 3555 2102 et
3617 2040 3859 2102 sentire
3924 2038 4281 2115 nobiscum,
4325 2040 4457 2104 imo

2519 2126 2641 2191 hoc
2682 2125 2814 2190 scio
2850 2145 2980 2188 non
3026 2122 3281 2188 levibus
3305 2124 3710 2206 argumentis
3758 2123 4073 2206 (adeoque
4116 2125 4273 2206 ipsis
4314 2126 4457 2191 eius

2521 2210 2603 2276 ad
2658 2231 2762 2274 me
2815 2209 3022 2273 literis
3087 2209 3285 2277 datis)
3353 2209 3635 2275 edoctus.
3722 2209 3879 2275 Misi
3942 2209 4071 2273 iam
4131 2210 4211 2275 ad
4264 2209 4456 2276 illum

2519 2318 2726 2361 unum
2775 2317 2856 2360 ex
2902 2295 3055 2360 filiis
3099 2296 3261 2360 meis
3285 2299 3337 2374 ⁹)
3385 2304 3460 2358 ut
3505 2305 3572 2359 et
3616 2296 3833 2377 ipsum
3879 2296 4102 2360 audiat
4145 2305 4211 2360 et
4252 2295 4457 2362 bonas

2521 2383 2743 2446 literas
2788 2381 3260 2465 Witenbergae
3304 2379 3527 2446 discat.
3610 2379 3801 2461 Quod
3846 2391 3919 2445 ut
3963 2381 4233 2446 feliciter
4268 2380 4457 2447 cadat

2523 2468 2875 2531 Dominum
2916 2487 3088 2550 rogo.

2694 2553 3073 2637 [Contentio
3103 2556 3181 2627 ¹⁰)
3207 2552 3396 2617 valde
3435 2553 3600 2617 acris
3624 2562 3687 2617 et
3710 2554 3929 2617 odiosa
3964 2554 4252 2618 exercita
4284 2554 4457 2619 inter

2521 2639 2857 2703 Helvetios
2901 2639 3030 2702 iam
3076 2638 3542 2722 propemodum
3587 2658 3702 2719 per
3754 2658 3959 2703 annos
4015 2648 4280 2721 septem,
4338 2640 4455 2705 sed

2524 2727 2736 2808 sopita
2770 2725 3028 2788 interim
3055 2723 3416 2805 aliquoties,
3453 2723 3575 2789 hac
3612 2732 3856 2788 aestate
3893 2746 4119 2789 rursus
4155 2733 4457 2808 reparata

2524 2821 2642 2875 est.
2725 2810 3102 2892 Requirunt
3144 2809 3451 2873 foederati
3499 2812 3700 2874 nostri
3760 2810 4315 2875 confirmationem
4370 2833 4456 2876 ex

2524 2918 2703 2962 more
2784 2896 2988 2960 veteri
3054 2895 3549 2960 Helveticorum
3616 2894 3948 2960 foederum
4012 2916 4129 2979 per
4192 2896 4457 2962 solenne

2522 2983 2979 3058 iuramentum,
3017 2980 3187 3063 quod
3232 3002 3429 3063 quum
3475 2982 3545 3043 in
3603 2980 3933 3045 foederum
3986 2981 4226 3047 tabulis
4268 3003 4456 3065 prae-

2522 3069 2835 3152 scriptum
2859 3067 2964 3144 sit,
3010 3087 3126 3150 per
3149 3067 3364 3133 Deum
3401 3076 3470 3131 et
3500 3076 3751 3132 sanctos
3775 3068 3933 3146 eius,
3979 3065 4203 3133 eadem
4249 3068 4459 3135 forma

2522 3154 2840 3237 praestari
2884 3153 3301 3218 contendunt.
3392 3153 3607 3218 Verae
3664 3164 3879 3217 autem
3935 3154 4266 3237 religionis
4302 3176 4457 3221 con-

2520 3253 2747 3317 sortes,
2770 3240 3068 3323 Tigurini
3114 3247 3181 3303 et
3202 3239 3522 3305 Bernates
3566 3241 3870 3318 maxime,
3915 3260 4101 3304 suam
4145 3242 4456 3305 confiten-

2524 3337 2623 3390 tes
2669 3325 3052 3409 religionem
3098 3337 3488 3390 aversantur
3510 3325 3708 3408 vulgo
3730 3335 4057 3408 receptam
4102 3324 4284 3390 illam
4327 3326 4458 3391 for-

2522 3432 2716 3475 mam.
2807 3410 3196 3491 Sequestres
3250 3410 3363 3492 qui
3422 3411 3832 3474 intercedunt
3886 3420 4204 3493 putarunt
4260 3412 4459 3478 rebus

2521 3495 2890 3563 consultum
2931 3496 3255 3575 omnibus,
3302 3498 3356 3560 si
3401 3495 3606 3560 libera
3622 3496 4036 3580 permittatur
4077 3498 4145 3562 in
4188 3497 4459 3565 urbibus

2521 3582 2919 3665 evangelicis
2976 3581 3090 3645 illa
3149 3581 3445 3660 formula,
3490 3582 3586 3646 ita
3622 3588 3695 3646 ut
3740 3584 3794 3647 si
3835 3583 3948 3664 qui
3993 3582 4199 3647 velint
4241 3585 4459 3650 iurare

2521 3690 2635 3751 per
2658 3670 2872 3733 Deum
2918 3676 2984 3733 et
3027 3679 3284 3733 sanctos
3327 3669 3467 3732 eius
3512 3668 3778 3751 possint,
3821 3668 3878 3731 si
3966 3669 4030 3733 ni
4076 3669 4290 3732 nolint
4323 3690 4457 3734 non

2520 3753 2884 3838 adigantur.
2944 3753 3156 3819 Urbes
3178 3774 3330 3818 vero
3356 3775 3437 3817 ne
3471 3753 3595 3819 hoc
3630 3753 3891 3836 quidem
3960 3776 4069 3819 are
4093 3754 4454 3821 voluerunt.

2518 3839 2661 3904 Iam
2719 3840 2912 3905 audio
2968 3840 3036 3904 in
3102 3839 3417 3921 proximis
3475 3841 3751 3905 comitiis
3806 3837 4029 3905 Badae
4090 3849 4459 3923 sequestres

2521 3927 3033 3991 conciliationem
3076 3925 3411 3990 intulissse
3453 3923 3842 4002 huiusmodi,
3897 3934 3972 3990 ut
4015 3926 4273 4010 ubique,
4319 3935 4459 3992 tam

2519 4012 2590 4075 in
2621 4012 2892 4077 urbibus
2918 4031 3112 4093 quam
3158 4011 3224 4074 in
3250 4011 3452 4095 pagis,
3498 4011 3723 4076 eadem
3765 4012 4115 4077 iuramenti
4157 4020 4461 4077 servetur

2523 4098 2712 4162 iuxta
2771 4098 3026 4161 literam
3085 4097 3363 4162 formula
3416 4118 3531 4179 per
3589 4098 3807 4161 Deum
3862 4105 3930 4161 et
3993 4111 4254 4164 sanctos
4297 4100 4456 4164 eius.

2525 4181 2661 4249 Sed
2726 4182 3082 4265 evangelici
3150 4182 3331 4246 illam
3398 4183 3740 4247 formulam
3805 4204 3936 4247 non
4003 4182 4295 4260 reddant,
4341 4183 4459 4249 sed

2522 4268 2842 4333 duntaxat
2883 4288 2998 4349 per
3021 4268 3238 4332 Deum
3281 4269 3515 4344 iurent,
3554 4268 3838 4351 reliquae
3883 4277 4099 4334 autem
4135 4268 4457 4353 respubli-

2523 4375 2634 4419 cae
2671 4374 2788 4419 suo
2833 4374 3012 4418 more
3054 4353 3272 4418 iurent
3295 4374 3411 4436 per
3433 4353 3651 4419 Deum
3687 4362 3754 4419 et
3776 4363 4039 4419 sanctos
4073 4356 4229 4433 eius,
4274 4355 4461 4421 salva

2524 4439 2866 4522 utriusque
2920 4440 3124 4522 partis
3180 4439 3496 4523 religione
3551 4449 3616 4505 et
3659 4440 4080 4506 confessione.
4167 4440 4339 4505 Item
4383 4450 4460 4505 ut

2521 4525 2779 4608 legatus
2801 4524 3159 4590 Beruensis
3200 4525 3454 4610 vulgari
3492 4525 3622 4589 ista
3662 4526 3871 4590 forma
3909 4526 4139 4611 Tiguri
4178 4535 4459 4610 praeeat,

2722 4761 2779 4828 8)
2817 4762 2891 4816 N.
2926 4761 3082 4815 2204.
3114 4762 3266 4817 2275.

2722 4830 2782 4899 9)
2815 4830 2895 4886 N.
2927 4830 3080 4884 2277.
3116 4831 3269 4887 2295.

2696 4899 2784 4964 10)
2824 4900 3042 4955 Halteri
3078 4899 3301 4969 Ephem.
3331 4917 3390 4970 p.
3430 4899 3554 4955 108.-
3597 4901 3771 4955 Multa
3804 4902 3948 4955 inter
3983 4918 4040 4955 se
4075 4903 4177 4956 hoc
4212 4909 4459 4972 tempor·

2520 4968 2757 5023 Helvetii
2804 4985 2964 5037 egere
3011 4970 3081 5023 de
3129 4970 3437 5024 renovando
3481 4987 3580 5039 per
3625 4971 3993 5024 iusiurandum
4027 4988 4127 5041 pro
4162 4988 4312 5025 more
4346 4972 4459 5026 foe-

2518 5039 2662 5104 dere,
2698 5038 2795 5091 scd
2831 5056 2994 5107 quum
3042 5038 3110 5091 de
3145 5039 3318 5092 forma
3364 5040 3715 5093 iurisiurandi
3758 5040 4042 5094 convenire
4079 5056 4187 5093 non
4233 5045 4459 5108 poscent

2518 5107 2655 5160 nihil
2702 5115 2881 5160 actum
2927 5113 3029 5160 est.
3098 5108 3174 5160 Et
3209 5108 3323 5161 eius
3366 5110 3447 5161 rei
3491 5110 3666 5178 gratia
3699 5127 3797 5162 nos
3835 5125 4050 5178 quoque
4095 5117 4337 5164 senatum
4370 5125 4456 5162 ac-

2519 5176 2790 5229 cessimus.
2865 5176 3245 5229 Convenerunt
3279 5177 3442 5230 etiam
3519 5186 3714 5231 uatuor
3748 5196 3881 5231 evan
3924 5178 4088 5231 elicae
4122 5179 4285 5232 urbes
4313 5178 4457 5233 Aro-

2520 5245 2639 5297 viae
2686 5245 2843 5298 huius
2891 5247 2970 5298 rei
3018 5246 3251 5298 nomine.
3323 5244 3434 5312 (Of.
3532 5263 3630 5312 σεε,
3682 5246 3825 5300 Bull.
3861 5248 3929 5301 1.
3966 5245 4065 5299 ‘267
4101 5262 4173 5301 σε.

4251 5247 4457 5318 Meyer.

2520 5314 2778 5369 Locamo
2812 5314 2882 5367 11.
2917 5312 2987 5366 48
3020 5314 3118 5380 ss.)
