4850 6200
316 420 423 484 31⁷

313 605 821 674 benevolentiam
877 625 1017 672 non
1071 605 1170 671 ita
1222 605 1295 671 iu
1351 603 1538 671 nobis
1593 602 1758 688 ipsis
1814 602 2008 668 tacite
2069 602 2249 669 elau·-

311 692 555 771 damus,
615 712 848 759 verum
905 693 1088 759 illam
1143 691 1396 757 mutuis
1445 690 1819 773 crebrisque
1861 688 2136 774 posthae
2177 697 2249 754 et

311 779 504 845 literis
563 789 633 843 et
689 779 1196 846 salutationibus
1249 777 1559 843 colamus.
1659 776 1802 841 Abs
1858 784 1927 839 te
1979 772 2244 858 quidem

310 865 416 931 hoe
467 863 984 949 pulcherrimum
1043 872 1114 929 et
1165 862 1710 929 iucundissimum
1770 860 2245 961 coniunctionis

307 959 1688 1122 ἕὲῗωῖωῗῖιῆἒᾙῃέῗίωᾍῗῗω
1700 948 2081 1117 ‘3¹32ssth
2111 967 2245 1116 53:

305 1141 413 1206 ptr
451 1132 600 1189 erat
638 1123 885 1206 excepi,
930 1132 997 1189 et
1038 1131 1116 1186 ut
1155 1122 1576 1188 continuetur
1607 1139 1789 1185 nunc
1828 1138 2037 1202 pauca
2079 1118 2242 1184 haec

307 1209 576 1276 seribere
631 1210 840 1287 volui,
909 1228 1038 1291 quo
1093 1207 1216 1272 tibi
1268 1208 1557 1290 primum
1611 1206 1809 1270 istam
1862 1205 2242 1270 felicitatem

305 1295 442 1372 stili,
489 1294 825 1361 doetrinae
867 1294 1235 1360 ubertatem
1290 1313 1366 1359 ac
1407 1292 1850 1357 sinceritatem
1892 1290 2048 1356 fidei

307 1381 478 1446 mler.
572 1379 763 1462 Quae
806 1380 980 1445 dona
1033 1398 1228 1464 porro
1281 1378 1547 1464 egregia
1642 1398 1801 1442 uum
1847 1377 1969 1443 tibi
2013 1397 2056 1442 a

306 1466 534 1533 collata
573 1466 659 1533 ad
700 1465 1049 1534 utilitatem
1093 1464 1405 1532 ecclesiae
1458 1466 1595 1530 inte
1652 1464 1665 1476 '
1801 1514 1816 1541 ,
1876 1462 2009 1528 illis
2063 1483 2242 1529 nunc

305 1551 518 1620 sedulo
582 1554 809 1632 utitor,
873 1550 1131 1636 quaudo
1187 1551 1376 1636 gregi
1434 1549 1684 1617 Christi
1740 1549 2030 1614 maxime
2087 1556 2243 1614 sunt

297 1640 684 1717 neucesaria,
743 1648 814 1703 et
869 1639 1028 1703 dum
1084 1647 1265 1703 oetas
1322 1636 1407 1702 ad
1448 1635 1518 1701 id
1561 1635 1935 1702 faciendum
1976 1635 2243 1718 integra

297 1734 404 1791 est
471 1723 614 1792 Sed
646 1745 799 1791 eum
833 1745 1102 1791 monere
1133 1724 1245 1807 qui
1287 1743 1406 1807 per
1447 1742 1520 1788 ee
1561 1723 1781 1806 ipsum
1823 1721 1986 1786 eatis
2027 1720 2243 1804 sapiat

297 1812 437 1895 quia
497 1818 604 1879 est
659 1810 1270 1896 supervacaneum,'
1313 1808 1460 1874 ideo
1510 1807 1812 1892 pluribus
1854 1806 1922 1871 id
1966 1827 2098 1872 uon
2142 1807 2242 1873 fa-

297 1899 471 1965 ciam.
561 1897 866 1963 Alterum
926 1895 1099 1979 quod
1156 1895 1278 1961 tibi
1320 1893 1825 1980 significandum
1867 1893 2240 1958 existimavi

295 1992 401 2063 est,
443 2004 556 2049 me
597 2006 676 2050 ac
719 1985 829 2065 (ut
865 1982 1177 2058 arbitror)
1219 2000 1475 2046 meeum
1511 1999 1740 2045 omnes
1773 1977 1916 2061 pios
1948 1986 2019 2043 et
2051 1988 2239 2063 quot-

293 2078 438 2154 quot
477 2069 798 2138 welesiae
839 2069 1121 2134 salutem
1180 2075 1408 2133 amant
1445 2067 1692 2151 gratias
1732 2065 1855 2130 tibi
1896 2085 2093 2148 agere
2133 2066 2238 2129 in-

293 2163 547 2241 gentes,
603 2155 687 2221 ob
743 2164 1121 2238 susceptum
1161 2153 1234 2218 in
1291 2150 1633 2220 scribendo
1688 2150 1976 2217 laborem
1990 2202 2007 2228 ‚
2064 2151 2238 2234 quod

291 2240 450 2307 idem
513 2242 638 2308 tibi
691 2241 907 2308 calcar
959 2238 1143 2306 addit
1199 2237 1429 2316 velim,
1498 2247 1579 2304 ut
1628 2256 1868 2322 pergas
1926 2236 2237 2321 quemad-

291 2327 549 2393 modum
591 2327 880 2410 eoepisti,
926 2340 992 2392 et
1033 2347 1163 2409 quo
1204 2333 1364 2391 sunt
1404 2324 1628 2408 plures
1676 2323 1973 2391 veritatis
2016 2323 2238 2389 hostes

290 2433 361 2479 eo
412 2424 491 2480 tu
548 2415 834 2480 maiores
887 2412 1107 2495 copias
1161 2422 1233 2477 et
1286 2409 1690 2476 robustiores
1749 2409 2069 2476 adversus
2123 2429 2238 2475 eos

291 2501 448 2567 acies
489 2500 803 2566 instruas.
870 2500 1060 2565 Deus
1102 2506 1170 2563 te
1211 2496 1403 2563 nobie
1430 2495 1826 2562 ineolumem
1861 2494 1976 2560 diu
2018 2502 2239 2561 servet

292 2605 360 2651 ac
410 2586 739 2671 largiatur
796 2595 873 2650 ut
914 2583 1184 2651 Christo
1237 2591 1304 2649 et
1355 2581 1667 2649 eeclesiae
1709 2580 1986 2646 feliciter
2027 2581 2235 2647 vivae.

290 2672 366 2738 D.
425 2672 716 2738 Vir-etum
759 2692 906 2737 meo
951 2671 1217 2735 nomine
1259 2669 1535 2734 salutari
1576 2667 1788 2751 cupio,
1832 2668 1940 2732 oui
1983 2666 2238 2751 signifi·

289 2756 454 2824 cabis
536 2757 904 2843 gallicanae
981 2755 1178 2821 huius
1253 2754 1563 2821 eeclesiae
1625 2772 1890 2821 caueam
1967 2753 2237 2819 tandem

289 2844 533 2912 felicem
581 2845 833 2910 exitum
874 2842 1282 2918 habuisse.⁴)
1372 2840 1780 2926 Argentinae
1831 2842 1924 2904 18.
1947 2839 2238 2906 Novem·

290 2929 416 2997 bris
467 2935 656 2996 1554.

1155 3457 1354 3529 2⁰50.

683 3594 1158 3667 GALVINUS
1203 3593 1829 3664 BULLINGERO.

457 3772 781 3840 Privatim
836 3771 924 3839 ad
977 3791 1120 3837 σιω
1169 3771 1304 3853 fere
1345 3771 1563 3838 eudem
1602 3771 1816 3836 scribit
1854 3769 1933 3836 de
1972 3775 2237 3838 anm·

290 3860 559 3928 ἰιοπΐὸαε·
609 3859 1047 3926 Turicensium
1078 3858 1323 3942 partim
1364 3857 1624 3942 receptis
1676 3856 1912 3940 partun‘
1955 3856 2241 3942 neyleetus'

290 3944 1156 4029 wmcperadomoe.
1271 3942 1482 4010 Plura
1549 3946 2242 4010 senonmwtaturum

287 4031 478 4100 domo
540 4031 848 4115 affimat.
937 4029 1434 4097 Molucham
1471 4028 1867 4096 timiditatem
1906 4034 1962 4094 et
2029 4028 2240 4097 θοι-δικ·

288 4120 625 4186 maasiam
655 4118 910 4201 pariter
945 4120 1137 4183 notat.

285 4286 1522 4482 efflans-„irsszsfflffsffi
1536 4283 1837 4491 μετα
1851 4283 2236 4425 ψει

286 4597 733 4668 ornatissimo
801 4601 943 4666 viro
1007 4609 1075 4665 et
1136 4599 1326 4665 fratri
1390 4597 1558 4664 mihi
1622 4595 2080 4665 colendissimo
2145 4598 2234 4663 D.

285 4685 651 4755 Heinricho
671 4684 1061 4772 Bullingero
1080 4685 1440 4771 Tiguriuae
1474 4683 1780 4752 eeclesiae
1814 4680 1946 4749 fido
1964 4684 2234 4768 pastori.

450 4821 526 4891 S.
616 4819 1136 4890 Observationes
1202 4829 1485 4901 vestras,
1512 4826 1563 4898 ¹)
1642 4819 2100 4888 colendissimo
2166 4829 2235 4886 et

281 4909 708 4995 integerrime
741 4911 964 4989 frater,
1008 4909 1244 4994 quibus
1276 4906 1618 4976 ostenditis
1660 4925 1828 4990 quae
1871 4905 2057 4974 vobis
2100 4927 2232 4972 non

345 5151 352 5161 .
485 5078 665 5146 4)1η
719 5081 821 5135 hoe
868 5080 1086 5147 fallitur
1139 5080 1230 5134 vir
1372 5081 1537 5149 eyt’us.
1571 5148 1585 5161 ·
1619 5076 2058 5147 Discepwu'onu
2107 5077 2237 5132 alae

280 5153 544 5282 wi
596 5224 659 5272 ut
683 5154 1076 5274 ποθεῖ-ἐξέωκε
1085 5150 1308 5272 muniere
1340 5163 1421 5272 διο
1449 5150 2040 5273 ,αὸάἑοένοωσοαοωεο
2071 5155 2233 5271 ug?

283 5285 469 5350 (Dior.
510 5287 832 5343 Marbacho’i
859 5288 937 5343 ad
974 5287 1146 5341 Mart.
1186 5284 1334 5340 1555.

285 5355 1304 5427 2060.1)0r.N.2034etuqq.et
1477 5396 1487 5407 .

1984 417 2147 479 1554
2190 409 2606 482 Novmffl.

4172 425 4297 488 318

2348 621 2470 686 per
2524 604 2748 670 omnia
2808 607 2879 671 in
2948 606 3190 690 scripto
3253 625 3401 672 meo
3478 607 3875 691 placuerint,
3952 624 4084 678 uua
4146 630 4298 680 eum

2347 691 2661 774 appositis
2694 691 3065 758 rationibus
3100 691 3248 778 legi.
3316 691 3596 774 Quando
3629 704 3845 761 autem
3881 698 4067 763 vobis
4102 717 4299 766 curae

2345 774 2475 840 fuit
2529 794 2661 842 uon
2715 778 2927 844 solum
2984 777 3143 843 folia
3198 786 3267 843 et
3325 800 3409 862 pa
3460 780 3604 845 ‘nas
3658 778 3774 847 sed
3831 784 4031 848 etiam
4088 785 4298 850 lineae

2345 870 2613 942 notare,
2673 862 2996 930 oblivione
3049 864 3295 930 factum
3355 884 3431 930 ar
3474 865 3639 930 itror
3692 875 3769 931 ut
3810 868 3972 934 mihi
4017 892 4144 936 nou
4191 890 4296 935 re·-

2343 948 2621 1013 missum
2674 950 2872 1015 fuerit
2927 949 3282 1034 exemplar.
3371 951 3518 1035 Ego
3574 960 3795 1018 tamen
3848 955 4109 1040 singula
4152 956 4296 1021 dili-

2345 1043 2580 1117 genter
2613 1056 2761 1102 cum
2803 1037 2939 1101 suis
2974 1035 3136 1101 locis
3171 1037 3417 1102 contuli
3455 1047 3522 1101 et
3556 1048 3829 1105 conatus
3873 1061 4039 1121 sum,
4085 1042 4296 1126 quoad

2344 1119 2556 1197 licuit,
2617 1141 2750 1186 non
2803 1120 2995 1187 modo
3049 1122 3340 1188 consiliis
3385 1124 3622 1189 vestris
3665 1124 4131 1209 obtemperare,
4179 1126 4293 1193 sed

2344 1205 2542 1270 etiam
2592 1207 2774 1271 vobis
2818 1228 3062 1272 morem
3101 1228 3345 1291 gerere.
3450 1207 3526 1275 Si
3561 1208 3849 1275 nondum
3887 1214 4292 1279 satisfactum

2345 1299 2477 1369 est,
2546 1293 2830 1358 laborem
2889 1315 3104 1358 meum
3161 1294 3348 1359 facile
3401 1295 3614 1378 patiar
3665 1297 3991 1380 sepultum
4051 1298 4290 1365 iacere:

2343 1397 2763 1462 quaecunque
2829 1390 3049 1444 autem
3118 1380 3486 1464 excogitata
3550 1381 3746 1446 fuerit
3811 1383 4043 1449 melior
4106 1385 4292 1461 ratio,

2345 1482 2491 1527 eam
2544 1464 2824 1529 libenter
2881 1469 3251 1547 amplectar.
3353 1464 3702 1532 Caeterum
3770 1478 3845 1533 ut
3907 1469 3974 1533 in
4044 1471 4294 1536 actione

2343 1552 2671 1615 communi
2730 1552 2892 1616 meis
2951 1552 3243 1635 partibus
3300 1551 3526 1618 deesse
3580 1553 3761 1627 nolo,
3835 1556 3926 1620 ita
3981 1557 4073 1620 sic
4128 1557 4293 1622 mihi

2344 1633 2569 1701 videor
2612 1637 2956 1703 defunctus
3009 1645 3084 1702 ut
3140 1636 3307 1702 nihil
3367 1637 3544 1703 ultra
3586 1640 3895 1722 privatim
3939 1641 4103 1706 mihi
4148 1651 4293 1708 ten-

2342 1721 2616 1787 tandum
2671 1723 2773 1787 sit..
2821 1723 3035 1814 *Nam
3100 1724 3154 1788 si
3199 1744 3326 1807 qua
3378 1744 3448 1791 se
3504 1724 3772 1790 offerret
3834 1726 4068 1792 melior
4125 1729 4293 1795 ratio

2341 1808 2623 1874 libenter
2682 1829 2789 1872 me
2844 1807 3217 1895 adiungam.
3305 1808 3382 1875 Si
3441 1817 3660 1875 tamen
3710 1811 3868 1878 haec
3913 1813 4153 1893 forma,
4214 1822 4293 1880 ut

2341 1915 2522 1961 nunc
2564 1904 2789 1960 vestro
2845 1894 3188 1960 admonitu
3244 1904 3535 1962 correcta
3588 1906 3706 1974 est,
3809 1898 4102 1975 iacuerit,
4161 1921 4292 1965 non

2342 1981 2469 2045 erit
2531 1980 2601 2045 in
2680 1980 2968 2046 editione
3044 1980 3156 2046 diu
3233 1980 3636 2047 cessandum.
3810 1982 4053 2069 ndique
4117 1987 4292 2051 enim

2341 2065 2621 2132 subinde
2680 2066 2953 2132 affertur
3008 2068 3211 2146 fama,
3287 2067 3541 2132 nullum
3600 2069 3964 2135 insaniendi
4025 2070 4291 2137 modum

2341 2153 2555 2217 facere
2610 2152 2825 2235 panici
2883 2153 3007 2219 Dei
3073 2168 3400 2236 patronos.
3425 2151 3480 2239 ²)
3582 2160 3800 2238 Atque
3857 2177 3937 2220 ex
4000 2155 4293 2241 Phaippi

2340 2238 2572 2316 literis,
2595 2240 2647 2315 ⁸)
2691 2260 2854 2323 quas
2898 2259 3109 2322 nuper
3151 2240 3385 2322 accepi,
3428 2239 3779 2324 intelliges,
3825 2261 4021 2325 quam
4066 2242 4292 2308 sormi-

2341 2323 2577 2391 dabilis
2643 2325 2731 2389 sit
2783 2325 3075 2408 ipsorum
3134 2325 3389 2391 insania
3445 2325 3667 2410 probis
3712 2327 4117 2407 hominibus,
4175 2330 4291 2396 sed

2340 2430 2477 2475 non
2539 2411 2701 2476 satis
2760 2411 3090 2479 animosis.
3182 2409 3318 2492 Qui
3376 2422 3598 2476 tamen
3657 2412 3818 2478 adeo
3877 2413 4089 2479 timidi
4134 2428 4294 2481 sunt

2341 2497 2730 2562 necessitate
2774 2498 2996 2573 coacti,
3058 2498 3111 2561 si
3157 2517 3197 2562 a
3241 2496 3426 2562 nobis
3487 2495 3750 2565 accedat
3793 2498 4118 2576 stimulus,
4173 2502 4291 2566 ali-

2341 2581 2500 2666 quid
2562 2581 2730 2649 forte
2794 2581 3141 2649 audebunt.
3243 2581 3439 2649 Certe
3501 2583 3572 2648 iu
3639 2583 3932 2669 urgendo
3992 2584 4294 2670 Philippo

2340 2667 2818 2752 properandum
2876 2677 2994 2734 est.
3094 2668 3286 2735 Meae
3350 2669 3616 2734 interim
3678 2669 4002 2735 tarditatis
4062 2672 4292 2755 ‹lepre-

2340 2754 2552 2820 oanda
2592 2763 2695 2819 eet
2738 2754 2932 2840 culpa
2971 2775 3167 2839 quam
3212 2762 3436 2820 tamen
3490 2757 3826 2838 precarius
3870 2758 4292 2823 amanuensis

2342 2850 2547 2905 totam
2613 2841 2910 2907 sustinet.
3020 2841 3146 2907 Est
3223 2854 3440 2906 autem
3521 2843 3805 2923 optimus
3870 2843 4003 2917 vir,
4082 2864 4292 2928 nuper

2341 2927 2545 3012 Regis
2588 2927 2994 2999 secretarius,
3039 2927 3149 3011 qui
3192 2935 3339 3011 post
3373 2925 3660 2992 oblatam
3704 2925 3867 2993 mihi
3907 2948 4092 2993 suam
4136 2950 4174 2995 o

2339 3031 2514 3088 ram,
2580 3033 2857 3098 sponsae
2914 3032 3080 3096 quae
3146 3032 3230 3077 ex
3287 3011 3510 3078 Gallia
3574 3012 3845 3079 advenit
3899 3014 4108 3098 magis
4240 3014 4293 3080 ‘t

2340 3097 2639 3167 addictus
2680 3118 2875 3184 quam
2909 3108 2987 3165 ut
3019 3098 3186 3165 mihi
3217 3097 3420 3166 libere
3456 3107 3734 3167 vacaret.
3805 3097 4032 3183 Neque
4066 3109 4292 3168 tamen

2340 3184 2676 3271 exemplar
2708 3206 2950 3266 meum,
2994 3185 3166 3270 quod
3201 3204 3412 3252 unum
3445 3206 3884 3264 servaveram,
3929 3195 3995 3251 et
4028 3185 4293 3271 quidem

2339 3271 2558 3338 lituris
2610 3271 2910 3356 plenum,
2979 3293 3016 3338 e
3069 3269 3375 3338 manibus
3438 3271 3563 3340 sibi
3626 3271 3999 3356 extorqueri
4062 3292 4294 3357 passus

2339 3367 2459 3424 est.
2484 3360 2539 3443 ⁴)
2638 3355 2891 3425 Verum
2957 3365 3062 3425 sat
3113 3357 3239 3424 cito
3302 3358 3358 3422 si
3424 3358 3583 3424 satis
3646 3356 3841 3425 bene:
3905 3359 4293 3443 praesertim

2383 3465 2545 3510 uum
2599 3464 2826 3511 morae
2867 3443 3309 3528 compensatio
3369 3443 3439 3507 in
3480 3464 3686 3509 manu
3729 3451 3951 3512 vestra
3990 3443 4099 3511 sit.
4184 3442 4292 3512 De

2339 3465 2816 3598 {asiliensibus
2867 3528 3045 3596 idem
3101 3549 3361 3614 semper
3414 3527 3634 3608 timui,
3692 3528 3863 3613 quod
3907 3538 3999 3595 tu.
4087 3527 4293 3596 Forte

2340 3614 2613 3696 bomini,
2638 3618 2693 3702 ⁸)
2735 3637 2931 3700 quem
2972 3614 3149 3682 nosti
3189 3614 3451 3681 mollem
3494 3622 3563 3680 et
3605 3613 3938 3694 blandum,
3994 3615 4293 3683 animum

2341 3701 2526 3769 addit
2566 3701 2998 3786 transscripta
3039 3722 3126 3768 ex
3171 3698 3464 3786 Philippi
3505 3699 3714 3766 literis
3754 3722 3910 3785 pars
3961 3699 4079 3767 illa
4120 3722 4291 3785 quae

2340 3787 2424 3854 ad
2480 3796 2890 3873 praesentem
2955 3807 3221 3855 causam
3275 3786 3581 3871 pertinet.
3684 3786 3876 3872 Rogo
3943 3794 4167 3854 tamen
4218 3795 4295 3855 ut

2340 3873 2708 3959 αὐτόγραφον
2751 3874 2916 3940 mihi
2960 3873 3183 3940 statim
3225 3872 3540 3939 remittas.
3619 3870 3945 3939 Bernates
3988 3874 4290 3959 protinus

2341 3981 2723 4028 assensuros
2780 3960 2948 4026 nibil
3018 3959 3263 4025 dubito,
3291 3963 3345 4039 ⁶)
3442 3957 3840 4026 Instandum
3898 3958 4093 4024 modo
4146 3960 4289 4037 erit,

2339 4067 2426 4112 ue
2468 4059 2785 4112 metuant.

2512 4132 2731 4214 Quam
2774 4130 3066 4198 modeste
3108 4151 3180 4197 se
3220 4132 3370 4198 istic
3412 4132 3743 4198 contineat
3765 4128 4031 4196 Laelius
4050 4131 4104 4216 ⁷)
4147 4151 4294 4197 ues-

2339 4219 2474 4287 oio:
2510 4220 2693 4286 virus
2728 4214 2991 4301 quidem
3016 4237 3230 4298 suum,
3264 4215 3437 4301 quod
3459 4215 3777 4282 hactenus
3800 4215 3985 4294 aluit,
4023 4213 4291 4281 tandem

2339 4315 2616 4384 evomet,
2658 4305 2831 4370 sieut
2873 4301 3049 4387 apud
3086 4324 3226 4369 nos.
3293 4300 3575 4387 Semper
3616 4301 3802 4368 olfeci
3844 4300 4290 4386 prodigiosum

2340 4412 2483 4457 esse
2561 4390 2934 4476 ingenium:
2958 4394 3010 4470 ⁸)
3089 4388 3463 4473 opinionem
3540 4397 3765 4454 tamen
3828 4408 4045 4454 meam
4110 4387 4285 4455 vicit,

2540 4664 2602 4796 ἓξ
2632 4657 3026 4789 ’ῧτῇτιρείας
3064 4662 3618 4719 Melanehthoniam
3650 4661 3827 4716 latina
3862 4661 4054 4715 versic.

2540 4800 2601 4864 4)
2644 4774 2781 4856 Fece
2814 4805 2865 4855 ω
2904 4801 2989 4855 ιο.
3024 4801 3289 4856 Budaeus
3335 4817 3446 4856 mm
3489 4799 3824 4880 stamen
3859 4796 3927 4853 ae
3959 4811 4065 4880 qap
4104 4794 4287 4880 siste-

2335 4886 2435 4995 s?
2450 4876 2687 4995 ew
2809 4869 3247 4994 ‘stream‘
3240 4868 3873 4995 -......:.“31‘:.f:;.⁸⁸⁶
3919 4866 4077 4933 m>
4126 4864 4288 4919 Μ’

2522 4957 2554 4994 r
2652 4980 2664 4992 .
3812 4978 3823 4990 .

2539 5007 2603 5138 ἓξ
2641 5007 2981 5142 4ἓνξῗωᾶιιιιιϊιο’
2971 5078 2983 5090 “
3011 5074 3431 5159 praecedentem.
3787 5144 3798 5156 ⁶

2544 5145 2604 5210 7)
2646 5146 2839 5212 Belcae
2858 5144 3284 5212 Mamnenqum.
3324 5141 3831 5198 N 2045etBu11m
3870 5157 4018 5196 erun·
4041 5138 4288 5196 Menoe.

2540 5215 2599 5282 8)
2642 5212 2810 5270 Orelli
2838 5214 2902 5269 in
2929 5214 3158 5269 Bascler
3190 5214 3335 5267 wisc.
3360 5212 3465 5267 ZS.
3506 5212 3599 5267 111.
3631 5210 3667 5265 3
3695 5227 3753 5279 p.
3892 5212 3992 5267 hoc
4023 5213 4104 5264 sic
4137 5225 4283 5264 aeec-

2388 5286 2399 5298 ‘
2464 5286 2629 5355 quasi
2678 5284 2941 5338 Calvinus
2988 5284 3187 5337 Soc-‘no
3232 5284 3323 5336 ein
3371 5281 3924 5336 ausam-ordenamus
3972 5279 4140 5335 Gem’e
4185 5281 4285 5333 ὑπ’·

2327 5292 2554 5409 wisent.
2633 5352 2717 5420 Cf.
2754 5355 2913 5408 etiam
2962 5352 3203 5409 fresnea
3236 5352 3312 5404 11.
3354 5350 3466 5404 181.
