4850 6200
449 409 575 474 579

436 598 648 663 sotios
670 599 707 636 ⁹
749 613 1029 680 quorum
1065 593 1367 659 sotietate
1387 591 1421 624 ⁴*
1455 592 1766 679 indignus
1800 613 1984 659 sum:
2022 593 2197 658 iuter
2237 611 2404 673 quos

442 691 524 748 tu
564 703 696 748 non
740 694 1145 766 postremum
1188 677 1445 745 obtines
1486 679 1719 756 locum,
1780 679 1893 762 qui
1950 699 2071 760 pro
2125 679 2404 743 veritate

441 766 694 834 tuenda
736 780 920 833 tanta
953 786 1028 831 ac
1072 765 1230 830 talia
1272 766 1535 849 pateris,
1578 763 1775 848 idque
1817 785 1858 829 a
1900 763 2141 829 talibus
2182 763 2405 847 impiis

444 866 517 919 et
565 852 1025 919 nebulonibus.
1155 850 1428 917 Piorum
1489 851 1953 918 innoscentia’
2007 849 2089 915 ad
2144 861 2406 933 tempus

444 940 611 1006 latet
654 938 769 1005 sed
812 961 931 1004 suo
988 948 1282 1021 tempore
1340 936 1766 1003 revelabitur.
1872 936 2097 1001 Iustus
2151 937 2406 1002 interea

446 1047 568 1093 sua
608 1025 739 1091 fide
780 1026 978 1090 vivet.

621 1111 974 1178 Caeterum
1049 1130 1248 1194 quum
1331 1109 1443 1174 isti
1513 1107 1957 1174 adolescentes
2031 1107 2406 1173 Misnenses

448 1219 604 1264 vere
649 1198 965 1282 generosi,
1009 1197 1139 1261 mei
1174 1194 1610 1260 colendissimi
1648 1193 1895 1260 domini
1930 1203 1999 1258 et
2030 1195 2129 1258 tui
2163 1191 2405 1259 studio-

446 1283 710 1363 sissimi,
746 1282 1034 1349 Galliam
1073 1293 1371 1367 petentes
1412 1289 1703 1346 vestram
1739 1278 2078 1346 ecclesiam
2116 1278 2405 1344 invisere

446 1368 704 1449 volunt,
750 1369 927 1435 nolui
976 1368 1123 1434 illos
1167 1367 1323 1432 hinc
1351 1365 1684 1432 discedere
1718 1367 1968 1449 absque
2001 1365 2168 1430 meis
2212 1365 2296 1431 ad
2336 1376 2404 1431 te

445 1456 679 1534 literis,
726 1455 962 1538 quibus
1006 1453 1123 1518 tibi
1168 1453 1461 1536 ipsorum
1500 1453 1902 1537 progeniem,
1962 1454 2272 1535 pietatem
2327 1473 2404 1517 ac

447 1541 835 1627 religionem
898 1540 1355 1626 significarem.
1466 1536 1643 1604 Sunt
1705 1559 1864 1603 sane
1932 1557 2088 1603 vere
2153 1536 2404 1603 nobiles

448 1638 584 1693 tam
628 1628 875 1712 pietate
919 1646 1119 1710 quam
1164 1623 1553 1709 cognatione
1595 1634 1663 1689 et
1707 1625 2048 1710 sanguine,
2107 1633 2176 1689 et
2218 1623 2404 1709 digni

491 1714 685 1778 uibus
727 1711 941 1778 omnis
984 1711 1364 1777 humanitas
1400 1710 1805 1777 exhibeatur.
1894 1710 1933 1776 Ι
1979 1730 2202 1775 sorum
2247 1720 2405 1775 sunt

491 1819 668 1864 ecem
713 1807 830 1864 aut
872 1797 1211 1864 duodecim
1249 1816 1401 1863 cum
1435 1794 1808 1862 doctissimo
1840 1808 1907 1862 et
1990 1796 2404 1862 onestissimo

446 1893 889 1969 praeceptore.
1002 1882 1227 1965 Quum
1271 1883 1480 1966 igitur
1527 1881 1923 1965 colloquium
1969 1893 2158 1947 tuum
2205 1881 2404 1965 (quod

449 1970 687 2054 alioqui
730 1970 1032 2035 omuibus
1077 1969 1262 2036 bonis
1299 1969 1460 2033 viris
1496 1978 1674 2052 patet
1709 1977 1775 2035 et
1810 1968 2172 2054 denegatur
2204 1968 2401 2051 nulli)

444 2078 523 2122 cu
574 2057 737 2134 iunt,
794 2054 972 2122 hisce
1024 2055 1191 2121 meis
1251 2054 1334 2120 ad
1391 2062 1459 2119 te
1516 2054 1648 2119 illis
1695 2076 2030 2121 accessum
2088 2054 2403 2138 praebere

447 2163 526 2206 vo
556 2143 652 2216 ui,
715 2141 884 2226 quod
935 2141 1226 2207 facturus
1283 2162 1414 2205 non
1480 2161 1662 2205 eram
1712 2142 1838 2206 nisi
1896 2140 2235 2207 scivissem
2290 2162 2402 2207 eos

441 2226 677 2311 dignos
743 2249 883 2293 esse
953 2228 1211 2310 piorum
1277 2228 1655 2291 testimonio
1722 2237 1789 2291 et
1851 2225 2185 2308 colloquio.
2297 2227 2400 2291 'ru

438 2314 712 2464 inferes,
758 2315 1002 2398 optime
1046 2324 1443 2397 praeceptor,
1492 2312 1644 2378 boni
1682 2313 1902 2378 omnia
1938 2312 2257 2391 consules,
2299 2313 2400 2377 uti

434 2420 511 2465 so
538 2420 626 2465 es.

609 2485 832 2564 Brevi,
877 2485 1141 2549 favente
1188 2483 1348 2563 Deo,
1387 2483 1584 2549 latius
1619 2483 1705 2547 ad
1749 2498 1812 2549 te
1856 2484 2156 2561 scribam,
2194 2505 2396 2567 quum

439 2569 670 2636 videro
738 2571 940 2636 finem
1010 2569 1207 2636 huius
1261 2578 1523 2636 nostrae
1577 2569 1729 2655 plus
1788 2590 1985 2653 quam
2041 2568 2399 2636 diabolicae

438 2656 828 2742 tragoediae.
935 2656 995 2721 N
1001 2676 1131 2721 unc
1188 2658 1364 2721 enim
1413 2656 1504 2721 nil
1551 2678 1749 2739 quam
1804 2656 2178 2722 trist-issima
2233 2678 2400 2721 nnn-

435 2743 610 2809 ciare
655 2765 836 2829 quco.
903 2741 1184 2808 Cessant
1215 2743 1350 2807 iam
1386 2763 1613 2809 omnes
1648 2743 1994 2809 conciones
2039 2745 2109 2806 in
2148 2740 2397 2824 templo

434 2838 685 2908 nostro,
705 2834 763 2906 ⁸)
808 2838 1022 2894 cessat
1065 2827 1347 2912 denique
1394 2836 1607 2893 totum
1654 2829 2094 2894 ministerium
2153 2840 2221 2893 et
2261 2825 2398 2893 dis·

432 2914 692 2999 ciplina.
753 2915 852 2980 Eo
876 2915 1008 2978 iam
1030 2916 1353 2989 venimus,
1399 2915 1492 2980 ibi
1516 2914 1649 2978 iam
1673 2935 1917 2991 sumus,
1956 2935 2084 2998 quo
2110 2912 2399 2979 Satanas

435 3001 674 3067 ducere
720 3022 841 3066 nos
886 2999 1109 3065 voluit.
1210 2997 1541 3065 Dominus
1586 3001 1767 3064 Deus
1824 3001 2032 3065 nostri
2080 2999 2396 3065 miserea-

433 3101 561 3152 tur.
652 3087 792 3153 Vos
836 3107 1062 3152 omnes
1106 3108 1224 3168 per
1265 3084 1491 3151 Iesum
1541 3084 1879 3153 Christum
1926 3086 2196 3152 unicum
2242 3109 2394 3152 nos-

432 3183 612 3237 trum
658 3181 1062 3239 servatorem
1109 3170 1546 3251 obsecramus,
1591 3182 1669 3238 ut
1712 3194 1830 3237 nos
1869 3173 2110 3238 iuvetis
2154 3173 2395 3239 vestris

432 3261 679 3326 sanctis
744 3269 811 3324 et
876 3259 1000 3342 piis
1064 3256 1506 3337 orationibus,
1589 3278 1710 3322 nos
1775 3260 2037 3342 inquam
2121 3258 2394 3324 homon-

432 3346 649 3409 tiones
671 3349 709 3386 ὓ
775 3343 1234 3410 afflictissimos
1311 3356 1376 3408 et
1447 3343 1793 3409 destitutos
1873 3346 2138 3410 omnino
2212 3345 2393 3409 omni

433 3429 725 3495 humana
768 3451 883 3514 spe
928 3441 996 3495 et
1049 3429 1317 3496 auxilio.
1402 3430 1676 3513 Rogate,
1742 3452 1817 3494 ro
1907 3439 1992 3505 te,
2045 3452 2394 3515 precamur

434 3537 600 3599 quae
645 3516 727 3582 ad
772 3536 1000 3600 pacem
1045 3523 1204 3581 sunt
1236 3515 1472 3596 Ilhem,
1493 3518 1551 3601 ⁴)
1610 3529 1676 3581 et
1716 3527 1790 3581 ut
1902 3517 2162 3583 ominus
2218 3538 2390 3583 sem·

519 3624 554 3666 r
596 3624 715 3669 nos
760 3602 895 3668 alat
937 3603 1175 3686 spiritu
1218 3623 1336 3667 suo
1382 3621 1457 3667 ac
1499 3604 1571 3666 in
1616 3600 1745 3667 fide
1789 3604 2025 3683 foveat,
2069 3625 2198 3685 quo
2239 3623 2389 3686 per-

480 3710 674 3754 urare
701 3688 1037 3754 valeamus
1059 3697 1289 3754 contra
1311 3686 1629 3754 Satanam
1666 3711 1871 3772 usque
1907 3688 1989 3754 ad
2025 3699 2392 3754 extremam

434 3776 776 3859 sanguinis
821 3776 1030 3840 nostri
1053 3773 1398 3860 guttulam.
1458 3774 1652 3840 Meus
1695 3774 1944 3860 collega
1979 3777 2061 3839 D.
2102 3775 2392 3840 Ioannes

436 3860 671 3943 Loquec
690 3863 747 3944 δ)
793 3869 1089 3927 extreme
1131 3863 1331 3926 etiam
1373 3859 1655 3927 afflictus
1700 3881 1958 3928 mecum
2002 3882 2121 3927 vos
2164 3882 2392 3927 omnes

641 4165 694 4232 3)
731 4166 807 4219 D.
849 4167 932 4220 24.
986 4167 1190 4221 Martii
1232 4171 1500 4222 sententia
1544 4175 1770 4223 senatus
1817 4169 1933 4222 lata
1986 4174 2067 4222 est
2110 4170 2173 4222 in
2219 4186 2393 4225 cansa

435 4237 705 4291 Gamerii
739 4243 788 4290 et
821 4233 858 4288 5
892 4240 1010 4289 eius
1045 4239 1509 4304 adversariorum,
1544 4239 1628 4291 ita
1661 4238 1879 4308 quidem
1914 4245 1974 4291 ut
2009 4239 2115 4293 sibi
2162 4240 2391 4294 invicem

433 4306 937 4361 reconciliarentur.
1029 4307 1207 4372 Quam
1248 4309 1461 4375 publice
1509 4305 1577 4360 G.
1623 4308 1875 4377 iniquam
2005 4325 2094 4360 um
2142 4308 2392 4377 dixisset,

434 4383 657 4428 matus
690 4391 810 4427 eum
844 4376 907 4428 in
944 4376 1165 4430 vincula
1200 4377 1402 4429 coniici
1434 4377 1613 4441 iussin
1686 4378 1783 4430 uia
1812 4381 2191 4444 „inquiratur”
2229 4395 2390 4447 ange·

426 4452 599 4498 tastet
636 4444 745 4496 und
782 4448 1085 4498 entuneret.
1144 4445 1339 4498 Postea
1374 4460 1500 4497 vero
1538 4445 1618 4497 vff
1682 4463 1741 4498 as
1763 4445 2000 4514 gothone
2035 4446 2231 4499 ffirbitt
2264 4463 2391 4503 con·

424 4521 619 4568 unlus
654 4513 1008 4568 ecclesiastici
1044 4514 1202 4566 wolle
1239 4515 1328 4567 ein
1364 4514 1511 4567 Rath
1546 4514 1809 4569 Gai-aerio
1845 4515 1944 4568 der
1978 4513 2270 4585 Gcfengnis
2306 4532 2391 4568 er·

436 4589 617 4637 laszen
652 4582 762 4634 vud
801 4583 1022 4636 erlaube
1058 4583 1165 4637 ihm
1204 4582 1301 4635 das
1337 4600 1397 4636 er
1434 4582 1605 4637 wider
1638 4601 1704 4637 zu
1739 4583 1937 4638 hausze
1972 4584 2171 4638 komen
2217 4589 2391 4653 muge,

433 4653 568 4706 aber
603 4651 788 4704 diewil
838 4650 926 4703 die
974 4652 1101 4704 sach
1148 4668 1245 4704 zur
1291 4651 1399 4704 zeit
1445 4650 1761 4706 dermaszen
1808 4652 2071 4707 zwisehen
2118 4652 2231 4706 ihm
2276 4653 2388 4706 vnd

435 4723 642 4774 seinem
677 4720 949 4789 gegenteil
1021 4720 1303 4788 esebai'l'en,
1349 4737 1410 4776 so
1446 4717 1582 4775 solle
1618 4739 1679 4774 er
1714 4722 1811 4775 des
1846 4721 2295 4776 Kircheudiensts
2328 4723 2388 4775 in

434 4790 533 4843 der
568 4790 813 4842 Kirehen
849 4789 953 4842 alle
1023 4790 1117 4858 ing
1150 4790 1264 4843 still
1300 4795 1422 4842 ston
1463 4789 1544 4841 vff
1572 4791 1801 4844 weitern
1836 4791 2109 4844 bescheid.
2195 4790 2387 4857 (Mar-

433 4858 619 4914 bachii
646 4856 822 4923 dior.)
910 4857 1041 4911 Vide
1073 4860 1236 4912 etiam
1272 4865 1379 4912 not.
1419 4857 1467 4910 5.

640 4928 699 4992 4)
735 4925 1054 4981 Ierusalem.

642 4994 704 5054 5)
743 4995 886 5049 Olim
938 4995 1285 5064 Ametinum
1334 4994 1634 5049 monachus

442 5065 720 5132 Bituriyss
754 5065 817 5116 fit
850 5081 923 5116 un
960 5064 1248 5135 tresgrand
1284 5062 1430 5131 fruit,
1482 5072 1540 5117 et
1584 5063 1776 5133 depuis
1811 5069 1910 5118 ont
1950 5066 2068 5121 este
2116 5068 2389 5122 excellens

438 5133 716 5185 ministres
750 5132 846 5184 des
884 5133 1097 5200 Eglises
1142 5133 1435 5187 reformees
1480 5131 1650 5195 (Hist-
1696 5132 1766 5186 de
1800 5131 1959 5203 l‘Egl.
2005 5133 2050 5188 1.
2087 5131 2195 5200 56.)
2276 5135 2387 5190 Lo-

436 5207 629 5271 quem
662 5209 772 5254 tum
809 5203 1064 5270 temporis
1103 5200 1371 5255 Garnerii
1403 5202 1671 5256 diaconus
1703 5209 1838 5256 erat.
1932 5203 2126 5258 Verum
2173 5205 2391 5259 mireris

433 5271 597 5323 stiam
631 5270 762 5323 huie
794 5284 832 5323 a
866 5272 1216 5324 concionibus
1246 5272 1591 5325 interdictum
1623 5271 1799 5334 fuisse
1844 5278 1908 5326 ui
1945 5272 2258 5328 Gar-nerins
2298 5277 2388 5340 af·

428 5339 660 5407 firmare
694 5339 923 5392 videtur.
1008 5338 1153 5392 Nas-
1190 5339 1257 5394 de
1290 5340 1513 5395 mania
1543 5341 1823 5410 valliam
1869 5343 2266 5412 mmor-da
2306 5358 2386 5400 se·

1688 4995 1789 5065 qui
1829 5012 1874 5049 c.
1933 4994 2245 5052 Marlorato
2296 5013 2385 5066 ap.

1949 398 2478 470 EPISTOLAE
2521 406 2597 467 21
2609 405 2818 467 90-2
2830 404 2949 466 192

4335 405 4463 468 580

2506 588 2851 741 ffuml-
2905 589 3169 656 salutat.
3273 590 3605 656 Dominus
3649 590 3834 657 Deus
3893 611 4016 658 nos
4067 590 4465 658 consoletur.

2642 696 2907 840 e&al-ce,
2954 783 3225 846 quaeso,
3283 763 3373 828 mi
3431 763 3767 829 carissime
3823 774 4209 848 praeceptor
4225 814 4239 840 ‚
4300 764 4465 831 meis

2508 848 2849 915 affectibus
2894 848 3037 916 hic:
3081 857 3218 915 tam
3253 850 3432 914 enim
3469 850 3695 914 afflicti
3736 870 3967 916 sumus
3990 859 4068 915 ut
4096 850 4244 915 sine
4278 870 4464 933 mag—

2509 933 2613 998 nis
2657 934 2997 1001 affectibus
3038 934 3215 1019 loqui
3260 955 3678 1018 nequeamus.
3786 937 4104 1002 Dominus
4148 934 4339 1001 Deus
4397 948 4463 1000 te

2508 1041 2666 1086 suae
2709 1021 3019 1087 ecclesiae
3055 1021 3165 1086 diu
3214 1022 3607 1087 incolumem
3654 1034 3873 1087 servet
3906 1023 3988 1087 ad
4033 1023 4134 1088 sui
4178 1022 4466 1088 nominis

2507 1104 2802 1189 gloriam.
2893 1109 3125 1172 Amen.
3217 1108 3622 1192 Argentinae
3665 1111 3763 1173 22.
3813 1109 4064 1191 Aprilis
4117 1113 4296 1174 1555.

3399 1246 3583 1310 Tuus
3628 1266 3888 1330 semper
3931 1245 4291 1328 discipulus

3636 1350 3730 1415 Io.
3769 1348 4153 1416 Garnerius.

2678 1555 2861 1620 Ante
2903 1573 3198 1619 mensem
3246 1554 3396 1619 misi
3444 1555 3527 1620 ad
3571 1562 3638 1621 te
3672 1555 4010 1640 exemplar
4045 1575 4275 1621 earum
4321 1555 4467 1620 lite-

2505 1659 2732 1705 rarum
2776 1660 2940 1725 quas
2983 1638 3115 1706 huc
3159 1640 3535 1724 scripseras.
3559 1644 3616 1721 θ)
3668 1640 3972 1726 Hludque
4009 1641 4159 1707 dedi
4202 1640 4468 1708 cuidam

2505 1726 2781 1810 pauperi
2826 1726 2938 1808 qui
2980 1726 3363 1809 frequenter
3405 1726 3537 1793 huc
3582 1729 3768 1793 venit
3822 1737 3890 1794 et
3950 1739 4219 1795 vocatur
4272 1725 4467 1797 Glau-

2506 1812 2669 1877 dius.
2757 1810 3073 1879 Rescribe
3116 1812 3322 1897 igitur
3364 1834 3529 1878 num
3574 1815 3915 1899 receperis.

2680 1896 2919 1978 Trade,
2961 1918 3221 1983 quaeso,
3269 1900 3429 1965 istas
3486 1899 3709 1966 literas
3767 1900 3853 1966 D.
3907 1900 3986 1966 de
4045 1899 4466 1966 Normandie:

2507 1984 2634 2049 nisi
2680 1984 2856 2049 enim
2900 2003 3011 2050 eas
3045 1984 3562 2069 complicuissem
3606 1988 3750 2053 istis
3784 1986 3867 2053 ad
3905 1986 4094 2052 illum
4139 2007 4270 2051 non
4315 2006 4465 2070 per-

2507 2070 2835 2136 venissem
2859 2074 2911 2135 *.
3001 2070 3215 2136 Nemo
3263 2072 3439 2137 enim
3481 2071 3677 2139 hodie
3722 2082 3822 2139 est
3865 2074 3976 2157 qui
4022 2072 4248 2139 literas
4292 2074 4463 2138 ferre

2506 2157 2668 2223 velit
2709 2178 2830 2241 per
2871 2155 3160 2241 pericula
3203 2157 3474 2224 itineris.

3261 2453 3668 2461 —nffl--p—-Qff———ss

3380 2737 3575 2810 2191.

3017 2896 3260 2962 BEZA
3305 2894 3944 2962 BULLINGERO.

2678 3068 2855 3135 Inter
2899 3067 3032 3134 alia
3072 3069 3361 3151 queritur
3385 3068 3458 3133 cie
3491 3068 3759 3133 iniuriis
3800 3067 3922 3134 sibi
3965 3067 4170 3135 illatis
4215 3075 4273 3134 et
4310 3066 4458 3136 Gal-

2497 3175 2666 3306 3223
2704 3155 3393 3307 {Zbggrsequutionibus
3443 3157 3514 3220 in
3577 3155 3815 3234 Gallia,
3874 3160 3932 3220 et
3984 3155 4059 3220 cle
4105 3155 4455 3222 Locamen-

2498 3414 2781 3483 (Neglecto
2815 3414 2946 3468 olim
2982 3413 3281 3482 exemplari
3317 3413 3783 3535 apogr-agiliopod.
3803 3412 4008 3468 Genev.
4045 3412 4164 3471 119.
4200 3415 4292 3467 fol.
4335 3411 4452 3480 184,

2495 3499 2637 3537 nunc
2680 3483 3037 3536 describimus
3084 3499 3152 3536 ex
3195 3481 3282 3536 He
3450 3498 3513 3535 ar
3618 3482 3805 3535 libello
3864 3499 3911 3535 a.
3958 3480 4093 3536 1864
4153 3484 4318 3548 edito,
4364 3483 4452 3536 eui

2496 3551 2688 3605 titulus
2723 3557 2834 3606 est:
2884 3548 3369 3621 commo-adam
3439 3566 3498 3605 ss
3546 3551 3964 3616 Re'formamrs
3998 3551 4145 3607 dans
4190 3553 4267 3606 les
4307 3567 4456 3622 pays

2645 3621 2712 3675 de
2746 3622 2943 3690 langue
2974 3623 3272 3689 francaise.
3347 3619 3678 3689 Prospecius
3712 3627 3763 3675 et
3796 3617 4065 3689 spe'eimen
4092 3638 4152 3691 p.
4185 3620 4302 3688 20.)

2663 3792 2931 3859 Eximio
2966 3813 3157 3859 servo
3194 3792 3339 3871 Dei,
3377 3793 3459 3857 D.
3491 3791 3785 3859 Hem-ico
3823 3792 4207 3877 Bullingero
4245 3794 4450 3878 'Pigu-

2497 3880 2683 3946 rinae
2725 3878 3036 3945 ecclesiae
3077 3878 3457 3946 fidelissimo
3497 3881 3766 3963 pastori.
4022 3965 4256 4049 Tiguri

2669 4137 2739 4205 S.
2806 4137 3073 4203 Literas
3116 4136 3378 4220 quidem
3436 4153 3600 4212 tuas,
3661 4137 3754 4202 mi
3812 4155 4014 4219 pater,
4075 4136 4451 4203 avidissime

2496 4223 2659 4309 lego.
2725 4222 2860 4289 Sed
2905 4233 3125 4288 tamen
3160 4245 3360 4307 quum
3405 4224 3619 4307 cogito
3656 4237 4055 4307 quantopere
4096 4235 4452 4307 occupatus

2496 4333 2637 4376 esse
2679 4308 2890 4376 soleas
2951 4323 3016 4375 et
3060 4309 3298 4393 quibus
3353 4310 3422 4375 in
3481 4309 3696 4386 rebus,
3757 4309 4018 4393 privata
4077 4329 4223 4373 mea
4272 4330 4451 4375 com-

2495 4394 2688 4461 moda
2757 4395 2941 4461 facile
3011 4396 3286 4478 publicis
3345 4409 3683 4478 antepono,
3711 4397 3759 4481 ¹)
3827 4407 3897 4460 ut
3957 4395 4124 4460 nihil
4183 4415 4450 4460 necesse

2494 4483 2582 4546 sit
2623 4481 2870 4547 silentii
2918 4484 3405 4548 excusationem
3464 4508 3502 4546 a
3549 4493 3611 4548 te
3671 4484 3910 4564 quaeri.
4013 4482 4127 4547 Me
4181 4479 4452 4564 quidem

2494 4569 2794 4653 quamvis
2838 4589 2973 4633 non
3016 4567 3306 4634 eiusdem
3350 4569 3664 4634 momenti
3701 4579 3927 4634 tamen
3963 4568 4204 4633 similia
4239 4587 4454 4651 paene

2493 4655 2758 4738 negotia
2802 4652 2914 4718 diu
2957 4656 3392 4733 retinuerunt,
3451 4657 3800 4737 quominus
3857 4654 3938 4719 ad
3996 4663 4062 4719 te
4119 4675 4236 4737 pro
4302 4673 4452 4718 mea

2494 4739 2963 4805 consuetudine
3007 4740 3377 4818 scriberem,
3426 4751 3617 4824 atque
3662 4740 3823 4805 adeo
3859 4762 4038 4806 nunc
4078 4761 4334 4824 quoque
4381 4747 4451 4803 et

2495 5004 2661 5051 natus
2693 4998 2916 5053 minime
2950 4998 3220 5066 cooiiabat
3293 4999 3355 5049 ui
3386 4999 3468 5051 vel
3502 4996 3729 5052 dimisso
3765 4995 4042 5052 Garum-io
4091 5011 4450 5055 ”incessorem

2491 5067 2708 5122 vocavit
2754 5066 3149 5121 Alexandrum.
3287 5066 3393 5136 ’ρο
3437 5067 3540 5121 iste
3583 5068 3758 5121 niuniu
3803 5069 4060 5122 cecinisse
4103 5071 4339 5130 videtur,
4387 5071 4453 5121 ut

2490 5142 2571 5190 esi
2602 5151 2787 5190 corun
2821 5152 2937 5192 mos
3046 5137 3071 5188 i
3101 5151 3159 5188 se
3189 5137 3365 5192 laesos
3396 5135 3691 5204 perhiberet.

2697 5206 2758 5272 6)
2795 5152 3060 5260 Νειηιῗ.
3102 5202 3286 5258 2088?
3364 5204 3620 5274 &aqua
3666 5203 3940 5259 decom
3987 5206 4120 5260 tales
4171 5204 4449 5261 Genesar·

2493 5273 2951 5330 remittebantur?

2495 5343 2664 5399 2191.
2697 5345 2749 5410 l)
2785 5344 2918 5413 leffe:
2957 5353 3242 5412 postpono.
