4850 6200
291 454 364 515 33
1930 454 2091 514 15⁵4
2136 449 2601 519 FEBRUAR.
4187 467 4270 525 34

288 639 652 703 differebant
705 636 1291 721 praestantioribus
1359 637 1493 702 illis
1552 636 1741 703 donis
1808 658 1972 721 quae
2048 659 2206 722 prae
2256 654 2264 767 Ι
2483 638 2678 723 Quod
2720 642 2775 705 si
2820 642 3004 706 Deus
3046 663 3178 708 non
3221 664 3476 709 summo
3519 647 3664 713 iure
3707 668 4025 733 peraeque
4073 649 4266 718 illum

282 725 536 789 caeteris
581 746 621 788 a
666 723 809 788 Deo
852 734 1264 807 acceperant,
1310 724 1404 790 sic
1448 725 1745 807 germani
1790 724 1917 789 Dei
1960 724 2081 789 filii
2126 724 2207 789 ab
2310 736 2505 809 atque
2563 726 2739 792 hunc
2796 729 3237 811 prosequitur,
3308 730 3464 812 quid
3525 731 3631 797 hic
3679 735 3986 817 conqueri
4049 743 4269 819 potest

282 812 367 874 eis
406 807 717 875 differunt
757 809 869 892 qui
914 830 984 874 se
1026 829 1373 893 germanos
1418 807 1546 874 Dei
1590 809 1759 875 filios
1801 810 2211 875 mentiuntur
2310 813 2420 894 qui
2466 832 2537 877 se
2581 810 2781 896 digna
2823 814 3113 894 praemia
3154 822 3464 897 reportat,
3522 827 3638 882 aut
3679 820 3789 884 ille
3833 821 4108 903 gloriari
4153 825 4268 907 qui

280 897 450 978 (quia
482 916 753 979 corpore
788 896 854 960 in
890 895 1162 961 ecclesia
1186 906 1526 960 versantes
1564 895 1666 961 his
1713 895 1989 961 admixti
2025 906 2209 969 sunt)
2312 918 2351 963 a
2404 900 2782 963 commerito
2824 896 2953 963 Dei
3010 898 3156 964 odio
3213 911 3282 964 et
3337 903 3650 986 supplicio
3694 907 3897 989 gratis
3949 905 4269 974 liberatus

276 980 435 1064 quod
479 981 577 1045 illi
621 1002 760 1046 non
808 990 1063 1045 tantum
1120 981 1277 1046 foris
1337 990 1611 1046 externo
1658 982 1783 1047 Dei
1826 982 2209 1059 ministeri0,
2313 983 2459 1048 est?
2547 983 2695 1048 Non
2740 995 2843 1048 est
2886 986 3062 1048 enim
3122 985 3402 1051 volentis
3460 1009 3672 1072 neque
3729 993 4087 1071 currentis,
4152 994 4264 1059 sed

275 1066 377 1132 sed
419 1076 487 1131 et
529 1067 714 1132 intus
754 1068 1024 1149 spiritus
1068 1067 1279 1133 sancti
1324 1067 1697 1151 magisterio
1742 1067 2077 1145 docentur,
2140 1068 2212 1132 hi
2314 1070 2683 1135 miserentis
2731 1070 2877 1135 Dei.

274 1174 417 1217 voro
440 1152 806 1252 ‘hqmimlm
851 1151 1196 1253 dun-taxa&
1255 1151 1427 1253 (111Οά
1486 1154 1700 1235 11188111
1757 1163 1977 1218 tamen
2024 1174 2211 1235 11188·
2260 1152 2266 1231 l
2484 1172 2621 1238 Nec
2656 1172 2713 1237 si
2749 1172 2964 1238 dicere
2999 1193 3133 1238 non
3169 1174 3346 1240 licet:
3395 1176 3544 1241 Non
3581 1186 3681 1243 est
3703 1179 3830 1244 Dei
3866 1183 4236 1248 miserentis

272 1250 735 1303 stantismmum
779 1250 879 1304 est
917 1248 1113 1303 etlam
1160 1239 1286 1303 Del
1332 1238 1591 1304 donum·
2260 1262 2266 1315 1
2314 1256 2427 1322 sed
2485 1259 2769 1322 volentis
2826 1267 2892 1322 et
2947 1263 3297 1338 currentis,
3373 1281 3491 1326 nec
3547 1263 3759 1329 dicere
3824 1266 4021 1330 etiam
4079 1235 4262 1333 licet}

427 1323 627 1405 Quod
673 1327 729 1389 si
773 1336 1001 1408 gentes
1062 1326 1397 1423 profan-as,
1457 1345 1620 1406 quas
1668 1326 1850 1391 DOUS
1895 1346 2025 1390 ⁰011
2071 1325 2211 1409 dig·
2260 1330 2266 1411 l
2313 1345 2556 1426 partim
2600 1365 2742 1409 esse
2784 1345 3063 1409 volentis
3107 1366 3181 1412 ac
3225 1350 3566 1425 currentis,
3612 1351 3854 1432 partim
3897 1352 4025 1416 Dei
4066 1355 4262 1418 mise-

270 1426 456 1508 Pam
504 1411 872 1510 hoo-tanto.
898 1431 1187 1487 munere,
1234 1410 1996 1511 1111111118138181818111111·
2040 1411 2213 1493 qu⁰d
2260 1434 2266 1481 ἓ
2312 1430 2549 1503 rentis,
2610 1451 2809 1512 quum
2867 1434 3187 1514 posterius
3244 1432 3366 1499 hoc
3422 1437 3923 1516 pronunciatum
3982 1438 4268 1505 alterum

269 1508 424 1561 iuste
468 1517 661 1578 quen
704 1507 983 1579 possint,
1043 1504 1158 1562 aut
1202 1517 1358 1561 suae
1401 1506 1723 1579 impietati
1767 1497 2209 1578 praetendere.
2260 1540 2266 1585 2
2314 1514 2477 1578 illud
2521 1516 2589 1579 in
2637 1538 2705 1580 se
2749 1516 3056 1582 inoludat,

272 1594 505 1663 quanto
544 1584 765 1647 minus
811 1583 915 1646 his
951 1582 1086 1647 ulla
1123 1583 1511 1665 relinquitur
1555 1584 1727 1647 iusta
1770 1585 2018 1649 occasio
2057 1604 2209 1665 pro-
2259 1592 2267 1659 Ι

272 1668 589 1818 ἷζὴῗῦᾤ
647 1682 715 1732 ‘³¹²
758 1670 902 1733 D⁰⁰
960 1669 1348 1743 insultandi’
1409 1670 1519 1752 qni
1581 1669 1933 1768 m¹fi⁰ribu⁸
1993 1670 2209 1735 affecti
2260 1668 2265 1717 f
2313 1706 2657 1777 currentis,
2719 1706 3146 1789 intelligimus
3203 1707 3353 1773 illos
3411 1731 3450 1772 a
3494 1709 3637 1774 Deo
3696 1712 3878 1776 reiici
3933 1730 4008 1776 ac
4068 1734 4261 1795 repu-

342 1758 596 1819 nehcns
641 1754 892 1819 nullam
950 1766 1249 1836 possunt,
1306 1764 1495 1818 extra
1553 1776 1623 1819 se
1664 1776 1837 1837 ipsos
1896 1767 1962 1819 et
2016 1767 2210 1820 natu·
2259 1770 2265 1859 ff

818 1842 829 1853 .
1506 1842 1517 1853 .
1656 1841 1665 1850 .
2313 1789 2478 1855 diari
2525 1792 2632 1873 qui
2679 1792 2882 1855 velint
2938 1806 3004 1855 et
3048 1804 3331 1858 currant.
3424 1793 3593 1873 Quis
3650 1797 3822 1860 euim
3884 1796 4004 1862 hoc
4051 1808 4264 1880 potest

270 1862 369 1939 ΨΒ
396 1861 587 1940 ‚⁸⁰²⁰
645 1850 1072 1938 prantatonff’
1142 1860 1296 1904 suae
1355 1852 1754 1921 pertmamae
1813 1852 1879 1904 ¹³¹³
1939 1841 2207 1906 damna‘
2258 1868 2264 1931 f
2312 1877 2439 1941 nisi
2500 1876 2706 1958 quoad
2766 1899 3143 1942 concessum
3202 1879 3287 1942 sit
3344 1901 3382 1943 a
3423 1880 3609 1944 Deo?
3704 1882 3837 1946 Sed
3883 1883 4006 1947 hoc
4051 1885 4262 1966 potius

267 1939 449 1990 tionis
496 1947 764 1992 eausam
810 1926 1142 2009 reperire?

422 2012 505 2076 Ia
847 2013 865 2075 l
1008 2016 1020 2026 .
1388 2012 1449 2076 d.
1807 2015 1818 2025 .
1966 2014 1977 2025 .
2258 1978 2264 1993 ⁴
2314 1963 2520 2026 solius
2564 1962 3045 2028 misericordiae
3067 1963 3193 2028 Dei
3240 1986 3478 2030 munus
3520 1987 3680 2043 csse,
3726 1970 3866 2033 sine
3913 1971 4096 2033 cuius
4140 1990 4261 2053 ope

506 2034 573 2075 m
638 2033 790 2077 vem
870 2033 1107 2094 ⁰¹¹g¹¹¹⁸
1150 2033 1385 2094 progr&
1433 2033 1645 2076 mmm
1697 2024 1765 2076 ‘³¹³
1803 2034 2210 2096 ¹¹²q¹¹¹¹⁸am¹¹⁸
2259 2046 2263 2077 ¹
2313 2058 2381 2112 et
2424 2051 2685 2132 proprio
2733 2049 2899 2113 dono
2945 2050 3287 2133 quisquam
3332 2073 3451 2116 nec
3489 2052 3655 2117 velle
3700 2064 3910 2135 potest
3955 2076 4070 2120 nec
4116 2076 4264 2120 cur-

268 2110 585 2197 ⁸⁰T¹Ptu¹³
642 2098 804 2163 ‘¹⁰⁰⁸
856 2120 1019 2180 quae
1082 2119 1340 2161 rursum
1401 2098 1597 2162 hume
1648 2114 1733 2161 sit
1776 2108 1945 2162 taum
1987 2099 2208 2199 d¹.⁸0¹‘¹'
2258 2112 2265 2193 ἶ
2315 2156 2477 2209 rere,
2536 2156 2608 2199 ac
2654 2135 2921 2217 proinde
2967 2157 3174 2219 neque
3223 2146 3508 2201 nostram
3555 2139 3993 2211 voluntatem,
4055 2162 4264 2222 neque

266 2205 446 2248 minis
513 2206 738 2257 causa,
801 2204 1002 2265 quum
1062 2205 1140 2247 ex
1203 2204 1409 2266 aequo
1467 2204 1692 2249 omnes
1750 2205 2077 2251 excaecari
2136 2206 2210 2250 ac

268 2268 461 2334 deseri
532 2290 570 2333 a
630 2270 771 2334 Deo
874 2290 1064 2334 nemo
1134 2280 1355 2333 autem
1424 2270 1783 2333 illuminari
1843 2282 1910 2334 et
1965 2274 2206 2335 assumi
2313 2230 2538 2284 nostra
2598 2240 2794 2303 opera
2855 2221 3050 2285 huius
3104 2244 3246 2287 esse
3302 2223 3782 2289 misericordiae
3840 2246 4132 2302 causam,
4199 2238 4266 2289 et

789 2322 802 2345 2

522 2358 534 2370 .
753 2355 765 2368 .
941 2358 951 2369 .
1305 2358 1315 2367 .
1920 2359 1930 2369 .
2313 2306 2548 2369 allatae
2593 2329 2710 2389 per
2755 2328 2895 2371 eam
2959 2309 3217 2385 salutis,
3277 2309 3389 2372 sed
3455 2310 3660 2373 solam
3707 2309 3827 2375 Dei
3875 2312 4111 2377 bonam
4155 2334 4264 2375 vo·

266 2366 586 2420 meruerit.
678 2356 807 2420 Hic
852 2376 1026 2420 emm
1074 2366 1169 2417 est
1222 2377 1522 2438 princeps
1568 2366 1775 2420 status
1820 2366 2016 2421 totius
2060 2379 2210 2421 con·
2259 2386 2266 2457 3
2314 2392 2653 2457 luminem-

268 2456 635 2506 troversiae.

422 2528 640 2592 Paulo
684 2541 837 2591 ante
883 2528 1399 2592 demonstratum
1445 2542 1543 2592 est
1588 2550 1698 2593 cor
1720 2528 1977 2610 Lydiae
2024 2550 2209 2611 aper-

268 2626 393 2677 tum
436 2635 606 2684 esse.
655 2612 825 2693 quod
871 2613 951 2677 de
997 2613 1141 2679 aliis
1188 2634 1321 2677 non
1367 2613 1621 2678 dicitur.
1714 2615 1915 2695 Atqui
1960 2616 2207 2691 eadem,
2260 2654 2265 2671 ι

269 2716 609 2782 antequam
672 2701 793 2764 hoc
837 2712 1008 2764 essct
1053 2700 1325 2775 factum,
1384 2701 1618 2765 mulier
1664 2700 1967 2781 religiosa
2010 2701 2210 2765 fuisse

270 2809 301 2849 a
353 2787 541 2851 Luca
598 2796 1017 2851 memoratur.
1120 2786 1386 2868 Ergone
1457 2786 1577 2850 hoc
1636 2783 1762 2848 Dei
1826 2787 2211 2851 beneficium
2261 2808 2265 2829 ¹

268 2894 369 2936 sua
410 2873 661 2954 pietate
707 2881 861 2935 ante
921 2872 1413 2955 promeruerat?
1506 2872 1579 2935 Si
1643 2872 1761 2936 hoc
1817 2893 2043 2936 verum
2091 2884 2208 2945 est,
2259 2872 2266 2963 ᾗ

268 2979 384 3021 non
428 2968 539 3023 est
580 2960 943 3040 gratuitum
992 2959 1112 3021 hoc
1158 2955 1282 3022 Dei
1332 2958 1593 3029 donum,
1656 2978 1729 3021 ac
1775 2957 2045 3039 proinde
2090 2980 2211 3024 nec
2259 2974 2264 3025 Ι

270 3046 457 3124 gratia
508 3065 633 3109 nec
678 3043 953 3120 donum,
1014 3043 1127 3108 sed
1186 3047 1399 3127 operis
1446 3063 1709 3109 merces.
1801 3044 1935 3110 Sed
1980 3056 2053 3107 ut
2097 3045 2209 3109 do·
2258 3060 2263 3118 1

269 3151 501 3206 nemus,
570 3131 975 3195 remunerari
1036 3131 1234 3212 digna
1291 3153 1361 3195 se
1422 3132 1714 3194 mercede
1775 3133 2114 3212 pietatem,
2171 3155 2207 3195 a

269 3237 377 3296 qua
419 3217 536 3281 ille
584 3217 710 3280 Dei
758 3219 953 3281 timor
1011 3229 1077 3280 et
1139 3218 1365 3300 religio
1414 3221 1697 3298 prosecta
1742 3229 1932 3280 erant
1974 3217 2210 3298 quibus

270 3303 554 3382 praedita
598 3302 727 3367 fuit
770 3301 1007 3386 Lydia,
1074 3324 1290 3367 nonne
1334 3303 1493 3367 haec
1535 3305 1677 3385 ipsa
1720 3305 2010 3385 gratuita
2054 3325 2207 3384 quo·

272 3409 377 3469 que
409 3387 591 3452 dona
613 3390 738 3452 Dei
776 3391 1055 3466 fuerant,
1093 3411 1257 3470 quae
1296 3390 1491 3453 nullis
1515 3391 1649 3453 suis
1675 3388 2209 3470 praecedentibus

271 3474 504 3540 meritis
554 3477 1034 3557 comparavisse
1082 3475 1361 3560 Lydiam
1409 3484 1659 3540 certum
1706 3474 1849 3539 est?

423 3560 784 3642 Quocirca,
844 3583 1047 3643 quum
1106 3562 1287 3625 nulla
1343 3562 1411 3625 in
1468 3562 1731 3626 homine
1789 3561 1961 3626 iusta
2016 3573 2211 3642 queat

272 3666 447 3712 causa
478 3649 772 3712 inveniri
796 3668 923 3728 qua
957 3646 1078 3712 sibi
1108 3649 1321 3711 Deum
1360 3646 1678 3712 demereri
1709 3649 1911 3729 possit-
1945 3649 2209 3728 eiusque

268 3731 712 3798 liberalitatem
761 3753 1138 3814 provocare,
1198 3755 1460 3797 necesse
1506 3746 1605 3796 est
1651 3733 1844 3797 huius
1888 3733 2053 3797 tanti
2104 3734 2208 3797 be·

270 3819 460 3883 neficii
510 3840 778 3885 causam
824 3821 893 3882 in
938 3820 1075 3882 solo
1120 3819 1264 3884 Deo
1309 3839 1638 3902 quaerere.

422 3906 555 3972 Hic
600 3927 759 3989 ergo
801 3905 1009 3970 credit
1048 3907 1200 3986 quia
1243 3906 1301 3969 ei
1352 3905 1687 3969 brachium
1712 3906 1983 3969 Domini
2020 3925 2207 3969 reve-
2257 3909 2263 3988 ι
2310 3883 2752 3953 prosequatur
2757 3893 2831 3934 ¹¹⁸
2877 3881 3033 3984 eufft·
3090 3974 3101 3985 ,
3698 3975 3706 3986 .
4080 3976 4091 3987 ,

264 3989 451 4056 latum
511 4004 639 4066 flet,
699 4012 774 4057 ao
833 3991 1104 4074 proinde
1162 3990 1388 4055 datum
1448 4011 1486 4052 g
1541 4001 1725 4071 patre
1780 4001 1852 4054 ut
1897 3990 2205 4055 crederet·
2256 3999 2263 4058 1
2484 3975 2579 4038 At
2621 3995 2778 4038 VOI'O
2823 3972 3108 4038 dubltarl
3171 3994 3301 4036 non
3361 3972 3549 4037 debet
3601 3993 3760 4055 quln
3804 3995 3879 4038 θΟ
3927 3983 4258 4056 pflrtlneat

262 4074 498 4142 Datum
544 4091 649 4142 est
705 4088 926 4141 autem
984 4078 1129 4142 ideo
1187 4099 1225 4140 a
1270 4087 1453 4158 patre
1512 4077 1665 4159 quia
1719 4078 1799 4141 ab
1856 4077 2082 4141 eodem
2124 4075 2208 4140 ad
2256 4077 2262 4158 Ι
2311 4059 2503 4158 Pauli
2550 4058 2920 4141 disputatio,
2966 4058 3234 4140 (11188111
3281 4058 3482 4122 alium
3528 4071 3790 4156 8888111ξὸ
3829 4081 4094 4159 sensum
4140 4059 4263 4124 Sibi

262 4159 371 4226 hoc
409 4164 432 4227 i
517 4185 631 4228 um
678 4163 925 4229 electus
983 4174 1049 4226 et
1094 4161 1611 4246 praedestinatus
1656 4175 1795 4226 erat
1839 4174 1993 4226 ante
2038 4165 2208 4227 iacta
2309 4155 2471 4210 881518
2529 4155 2828 4210 0011815818
2887 4165 3018 4208 11011
3078 4154 3304 4225 1101888
3393 4145 3596 4209 Totus
3649 4165 3825 4208 8111111
3870 4168 3938 4244 111
3998 4146 4119 4245 1108
4163 4161 4266 4244 888

264 4267 407 4313 mun
456 4251 481 4312 i
552 4247 1009 4326 fundamenta,
1096 4271 1226 4313 non
1304 4248 1471 4331 quod
1548 4248 1953 4313 crediturum
2023 4246 2208 4313 Deus
2311 4243 2389 4295 1¹¹³
2432 4231 2661 4297 ‘¹⁰00stss
2716 4252 2845 4296 11011
2891 4250 3121 4294 01111188
3177 4250 3523 4327 germanos
3577 4251 3719 4294 8888
3767 4231 3891 4294 Del
3935 4231 4106 4296 fil¹08
4148 4253 4262 4313 (1111

264 4335 705 4413 praevidisset,
752 4335 865 4401 sed
910 4335 1079 4417 quod
1126 4348 1203 4399 ut
1244 4335 1536 4400 crederet
1578 4356 1653 4398 ac
1688 4336 2207 4400 sanctificaretur
2311 4315 2390 4381 (10
2438 4318 2815 4415 Abrahamo
2858 4336 3067 4414 genus
3113 4315 3439 4392 (1111811111,
3501 4316 3612 4416 sed
3673 4336 3834 4399 (11108
3891 4339 3971 4381 0¹
4016 4338 4262 4415 80,Πῦ-

268 4435 325 4481 et
366 4419 640 4486 daturus
684 4437 754 4487 et
796 4422 1149 4486 effeoturug
1191 4431 1349 4486 erat·
2310 4423 2492 4467 mero
2555 4424 2623 4466 1n
2692 4403 2871 4468 hunc
2937 4401 3059 4465 Slbl
3125 4403 3322 4465 finem
3389 4400 3764 4486 delegisset,
3846 4424 3919 4468 ac
3985 4401 4258 4485 proinde

426 4507 687 4572 Pendet
750 4508 954 4591 igitur
1019 4528 1058 4571 a
1125 4506 1351 4571 divina
1415 4506 1729 4570 electione
1802 4505 1992 4582 fides,
2073 4528 2206 4570 non
2309 4488 2553 4585 mirum
2600 4509 2732 4553 11011
2777 4509 2918 4586 8888
2963 4487 3016 4553 Si
3062 4486 3368 4586 ΡῙΨἮΠῙ»,
3396 4489 3616 4587 (1111,Ῐῦ
3662 4489 3820 4571 19818
3863 4488 4261 4586 Ὓῑᾶθῦὓῦὓῑὲῐ

269 4609 477 4657 gum
523 4592 606 4657 gd
661 4594 858 4659 fidem
920 4594 1145 4658 divina
1189 4592 1419 4659 0100250
1476 4612 1794 4676 suspensa
1839 4605 1964 4671 est,
2022 4595 2205 4658 ouius
2307 4585 2448 4639 natl
2509 4583 2576 4637 et
2630 4573 2886 4640 educati
2943 4572 3249 4638 ecclesiae
3307 4575 3694 4652 visceribus,
3773 4575 3852 4638 ab
3914 4574 4254 4657 evangelio

267 4695 569 4744 mum
614 4679 801 4745 nobis
858 4681 928 4743 in
976 4677 1242 4744 christo
1304 4678 1647 4743 revelatur,
1740 4678 1845 4741 Ex
1890 4699 2018 4760 quo
2065 4679 2204 4742 effi-
2309 4680 2550 4744 magno
2595 4681 2741 4725 cum
2801 4660 3090 4724 omnium
3147 4659 3534 4724 offendiculo
3595 4660 3974 4725 resiliebant
4032 4669 4098 4724 et
4144 4659 4258 4725 ab·

265 4765 423 4828 citur
490 4775 565 4831 ut
627 4767 737 4848 qui
806 4786 846 4830 a
899 4764 1044 4830 Deo
1109 4766 1352 4830 electus
1413 4771 1513 4828 est
1579 4763 1753 4827 idem
1814 4770 1883 4826 et
1937 4763 2205 4830 Christo
2307 4744 2682 4811 horrebant·

263 4849 503 4928 credat,
574 4864 642 4916 et
701 4850 829 4916 fide
886 4851 1153 4916 Christo
1216 4852 1452 4915 insitus
1514 4851 1585 4914 in
1654 4850 1835 4913 bonis
1902 4851 2205 4933 operibus
2481 4849 2779 4914 Eandem
2839 4851 2919 4915 ob
2973 4869 3232 4914 causam
3289 4851 3476 4914 toties
3522 4848 3882 4922 electionis,
3944 4851 4262 4930 propositi

266 4936 544 5002 ambulet
601 4957 770 5022 quae
815 4938 998 5003 Deus
1057 4939 1125 5002 in
1183 4936 1294 5001 illo
1351 4937 1785 5019 praeparavit.
1875 4936 1999 4999 Ille
2047 4957 2205 5000 vero
2310 4936 2564 5001 consilii
2621 4956 2695 5000 ac
2752 4935 2991 5001 decreti
3048 4938 3297 5001 aeterni
3357 4935 3752 4999 mentionem
3822 4934 4057 5010 iniicit,
4131 4957 4261 5015 quo

266 5019 497 5088 idcirco
554 5045 687 5089 non
744 5023 953 5090 credit
1008 5025 1160 5107 quia
1202 5023 1329 5088 sibi
1370 5023 1497 5105 ipsi
1541 5021 1807 5087 relictus
1850 5043 1887 5086 e
1930 5032 2205 5087 naturae
2310 5023 2493 5087 Deus
2539 5042 2690 5087 suos
2734 5020 2902 5086 libro
2937 5024 3116 5086 vitae
3160 5022 3508 5103 inscripsit,
3553 5020 3664 5102 qui
3713 5022 3782 5082 in
3806 5019 4071 5084 Christo
4116 5021 4263 5086 eius

265 5104 587 5175 humanae
638 5110 940 5175 sordibus
997 5129 1331 5193 emergere
1389 5129 1519 5172 non
1576 5117 1806 5190 potest,
1864 5129 1998 5172 non
2055 5110 2207 5191 quia
2310 5109 2672 5191 interprete
2726 5117 2793 5172 et
2849 5108 3019 5172 vitae
3078 5108 3387 5172 thesauro
3448 5106 3765 5189 aperitur,
3832 5114 3897 5169 et
3952 5126 4117 5187 quae
4174 5107 4263 5171 sit

264 5187 440 5261 Deus
499 5197 593 5260 illi
647 5199 737 5262 sit
799 5195 955 5261 mali
1011 5195 1210 5261 huius
1265 5205 1488 5273 autor,
1565 5204 1633 5258 et
1688 5194 1935 5276 peccati
1984 5213 2023 5257 a
2078 5215 2207 5276 quo
2310 5203 2579 5259 aeterna
2620 5193 2734 5258 illa
2769 5193 2893 5259 Dei
2938 5195 3167 5258 electio
3211 5192 3596 5259 declaratur.
3663 5192 4021 5256 Enimvero
4066 5212 4262 5256 nemo

2485 1618 2732 1702 Neque,
2792 1642 2993 1703 quum
3049 1621 3324 1686 dicimus
3364 1644 3495 1686 non
3541 1645 3681 1689 esse
3723 1625 4005 1690 volentis
4052 1647 4260 1709 neque

2487 2496 2640 2560 Huc
2686 2497 2967 2576 pertinet
3019 2496 3186 2578 quod
3244 2498 3437 2578 paulo
3493 2510 3644 2562 ante
3704 2498 3895 2563 dixit:
3959 2500 4268 2565 Iacobum

2317 2579 2534 2660 dilexi,
2581 2582 2759 2645 Esau
2807 2593 3025 2645 autem
3068 2582 3215 2646 odio
3260 2582 3478 2660 habui,
3525 2604 3724 2665 quum
3775 2596 4005 2648 neuter
4051 2584 4263 2650 adhuc

2316 2666 2666 2749 quidquam
2740 2666 2886 2730 boni
2948 2682 3062 2731 aut
3119 2669 3274 2731 mali
3342 2670 3610 2751 egisset:
3689 2669 3924 2734 addam
3985 2680 4048 2734 et
4109 2670 4259 2735 hoc:

2315 2773 2437 2816 nec
2517 2752 2828 2816 voluisset
2901 2754 3392 2836 cogitassetque.
3500 2755 3638 2820 Cur
3705 2756 3907 2839 igitur
3981 2757 4262 2819 alterum

2316 2837 2565 2915 dilexit,
2619 2838 2895 2902 alterum
2942 2838 3087 2904 odio
3134 2850 3565 2922 prosequutus
3622 2852 3748 2916 est,
3810 2861 4012 2924 quum
4057 2861 4259 2923 aeque

2312 2923 2518 2988 iustas
2562 2925 2630 2988 in
2676 2935 3026 3007 utrumque
3070 2924 3203 2989 odii
3244 2946 3473 2991 causas
3519 2927 3850 3003 habuerit,
3899 2927 4262 2991 dilectionis

2314 3032 2471 3074 vero
2516 3010 2771 3074 nullas?
2853 3012 2947 3075 At
2993 3010 3316 3092 praevidit
3358 3014 3425 3076 in
3469 3012 3707 3077 Iacobo
3755 3013 4047 3077 futurum
4091 3011 4262 3096 quod

2309 3093 2482 3162 hanc
2541 3096 2914 3163 conciliaret
2970 3094 3410 3176 dilectionem,
3467 3098 3538 3162 in
3592 3100 3791 3163 fratrc
3851 3109 4070 3164 autem
4131 3121 4264 3163 non

2258 3179 2263 3234 ἱ
2311 3183 2676 3266 praevidit?
2783 3182 2917 3248 Sed
2977 3185 3180 3262 enim,
3241 3206 3438 3267 quum
3499 3195 3772 3267 uterque
3829 3194 4066 3250 natura
4107 3187 4266 3334 (pari

2257 3243 2263 3348 Ξ
2314 3282 2486 3334 esset
2545 3269 2940 3346 conditione,
3002 3270 3156 3352 quid
3218 3271 3394 3334 aliud
3455 3272 3525 3334 in
3582 3271 3819 3337 Iacobo
3880 3273 4103 3352 praevi
4150 3291 4262 3335 ere

2258 3359 2263 3430 l
2311 3356 2522 3437 potuit.
2577 3376 2771 3438 quam
2832 3355 2904 3419 in
2963 3356 3162 3420 fratre
3221 3356 3388 3437 quod
3448 3358 3682 3421 merito
3740 3357 4069 3439 diligeret,
4139 3357 4264 3421 nisi

2313 3442 2484 3522 quod
2529 3441 2653 3524 ipsi
2699 3439 2932 3505 Iacobo
2991 3442 3282 3524 gratuita
3346 3442 3799 3520 beneficentia,
3859 3463 3988 3507 non
4045 3451 4267 3506 autem

2258 3557 2263 3608 ;
2311 3527 2497 3591 fratri
2545 3527 2907 3610 largiturus
2951 3539 3111 3602 erat,
3159 3528 3471 3591 nimirum
3509 3537 3580 3592 ut
3625 3529 3840 3609 palam
3883 3530 4072 3592 fieret
4115 3549 4265 3612 gra-

2258 3611 2263 3706 }
2311 3613 2553 3677 tuitum
2602 3635 2741 3678 csse
2780 3612 2906 3677 Dei
2955 3611 3197 3677 donum
3241 3611 3550 3695 quidquid
3597 3635 3752 3696 prae
3797 3614 3996 3678 fratre
4037 3636 4077 3679 a
4121 3615 4262 3679 Deo

2310 3697 2586 3763 Iacobus
2643 3699 2956 3776 obtinuit,
3017 3709 3094 3762 ut
3137 3700 3542 3780 propositum
3600 3700 3723 3764 Dei
3787 3709 4079 3764 maneret
4136 3719 4263 3781 quo

2312 3784 2437 3850 hac
2481 3785 2939 3849 benevolentia
2981 3784 3173 3861 hunc,
3235 3805 3366 3848 non
3423 3797 3641 3849 autem
3701 3784 3886 3848 illum
3932 3784 4264 3850 Dominus

265 5290 550 5359 emanat,
595 5281 711 5348 sed
753 5282 882 5366 ipsi
925 5282 1218 5365 ingenita
1261 5289 1537 5345 naturae
1581 5281 1900 5345 vitiositas
1945 5288 2013 5344 et
2055 5300 2206 5364 pra·
2256 5249 2261 5332 f
2309 5280 2576 5365 cligitur
2618 5281 2771 5362 quia
2814 5279 3044 5357 credit,
3106 5290 3220 5344 aut
3261 5279 3507 5343 electus
3550 5285 3651 5342 est
3694 5277 3848 5359 quia
3892 5276 4266 5345 crediturus

264 5365 447 5446 vitas,
484 5389 681 5451 quam
701 5368 887 5433 Deus
920 5388 1054 5433 non
1090 5368 1216 5432 nisi
1251 5368 1425 5432 iusto
1459 5367 1605 5433 odio
1639 5366 1942 5450 prosequi
1976 5375 2206 5449 potest.
2255 5335 2262 5428 Ι
2310 5377 2471 5444 erat,
2519 5364 2633 5432 sed
2668 5364 2987 5433 credendo
3024 5366 3394 5431 declaratur
3427 5385 3508 5428 ex
3546 5385 3769 5429 eorum
3807 5384 3948 5428 esse
3982 5384 4266 5429 numero

492 5471 708 5528 Caluini
739 5486 924 5539 opera.
1010 5470 1120 5525 Vol·
1160 5469 1290 5525 XV.
3810 5466 3846 5519 3
