4850 6200
558 440 681 503 '795

557 625 683 705 erit
745 623 816 687 in
880 621 1160 708 quodam
1214 621 1433 687 libello
1486 622 1800 689 adversus
1864 642 1985 688 nos
2043 622 2496 687 tractationem

601 707 883 775 uandam
941 707 1209 787 addere,
1265 708 1334 773 in
1397 728 1525 791 qua
1579 708 1854 791 probare
1918 709 2221 773 nituntur
2258 727 2496 791 corpus

556 731 811 861 &bristi
852 793 1090 878 ubique
1146 815 1304 860 esse.
1335 796 1386 877 ¹)
1454 791 1515 858 Ο
1563 793 2002 876 impudentem
2056 793 2492 876 impietatem!

560 878 710 962 Quo
754 878 1019 946 tandem
1042 880 1308 945 venitur
1340 900 1539 963 quum
1583 880 1653 944 in
1696 880 1898 945 verba
1941 879 2278 944 hominum
2322 880 2495 943 iura·

560 964 717 1031 tur?
800 966 1027 1031 Totam
1073 965 1244 1030 hano
1287 965 1684 1031 camerinam
1725 973 1990 1030 movent
2034 974 2110 1029 ut
2152 964 2501 1030 ostendant

562 1071 635 1117 se
669 1051 841 1116 velle
883 1061 1055 1116 stare
1097 1052 1185 1137 τῷ
1225 1050 1412 1150 (51111332
1484 1050 1609 1115 hoc
1642 1059 1744 1116 est
1786 1071 2018 1133 corpus
2053 1058 2197 1127 etc„
2241 1070 2363 1115 nec
2405 1049 2495 1113 la·

563 1145 702 1201 tum
746 1157 1033 1220 unguem
1080 1136 1160 1202 ab
1202 1158 1277 1201 eo
1300 1134 1645 1201 discedere.
1717 1136 1808 1200 Et
1850 1146 2075 1219 postea
2117 1156 2254 1199 non
2295 1135 2498 1217 pudet

563 1222 825 1287 titulum
883 1222 944 1287 ei
1000 1220 1165 1286 libro
1208 1222 1565 1305 praefigere
1619 1220 1818 1286 talem
1873 1222 1983 1304 qui
2027 1242 2147 1287 nec
2190 1221 2262 1285 in
2298 1221 2499 1285 sacris

562 1306 771 1373 literis
827 1327 949 1372 nec
980 1308 1050 1370 in
1116 1306 1406 1390 patribus
1472 1326 1759 1388 unquam
1825 1318 1926 1371 est
1970 1307 2167 1385 visus,
2211 1307 2343 1371 imo
2385 1307 2496 1388 qui

563 1400 631 1459 et
693 1392 894 1458 sacris
957 1392 1182 1471 literis,
1245 1400 1312 1457 et
1369 1391 1682 1476 symbolo,
1748 1399 1818 1456 et
1881 1401 2138 1473 patrum
2206 1393 2498 1456 omnium

565 1477 917 1557 doctrinae,
962 1490 1031 1542 et
1072 1479 1245 1543 omni
1271 1478 1597 1543 humanae
1631 1478 1866 1542 rationi
1885 1475 2299 1543 adversatur-l
2367 1478 2497 1543 Pa-

564 1564 775 1664 pistae
810 1563 1129 1648 papistica
1168 1562 1387 1628 omnia
1441 1563 1608 1628 tueri
1665 1561 1910 1638 volunt,
1956 1562 2107 1645 quia
2147 1563 2220 1626 in
2262 1583 2497 1646 papam

564 1658 889 1727 iurarunt,
935 1659 1000 1714 et
1043 1647 1126 1714 ob
1154 1649 1325 1715 hanc
1357 1669 1623 1716 causam
1670 1657 1826 1714 sunt
1878 1648 2276 1714 idololatrae.
2364 1646 2502 1715 Sed

561 1755 796 1802 vereor
839 1758 920 1801 ne
964 1735 1074 1800 alii
1120 1735 1407 1818 plerique
1447 1735 1517 1799 in
1562 1734 1761 1800 alium
1809 1735 2007 1799 etiam
2030 1734 2362 1799 hominem
2402 1735 2502 1799 ita

564 1821 866 1899 iurarint,
929 1841 1002 1885 ut
1055 1842 1279 1887 omnes
1344 1821 1538 1886 etiam
1583 1821 1723 1886 eius
1762 1819 1953 1897 (mihi
1997 1819 2322 1903 condona)
2365 1841 2502 1887 cre-

565 1908 741 1990 pitus
802 1918 1110 1988 tanquam
1171 1906 1474 1973 articulos
1531 1905 1680 1973 fidei
1747 1914 1815 1972 et
1856 1926 2052 1972 voees
2097 1927 2134 1971 e
2176 1908 2351 1972 coelo
2391 1906 2504 1972 de-

564 1993 799 2057 missas
842 1992 1186 2057 defendere
1230 1993 1599 2058 statuerint.
1684 1993 1985 2058 Profecto
2028 1991 2358 2075 rogandus
2401 1999 2505 2058 est

567 2078 753 2142 Dens
799 2090 871 2141 ut
929 2076 1190 2142 tandem
1251 2098 1406 2143 suae
1480 2077 1788 2144 ecclesiae
1840 2077 2247 2143 misereatur.
2351 2078 2504 2143 Non

568 2164 711 2229 sine
768 2164 1052 2228 maximo
1107 2163 1307 2228 animi
1367 2162 1586 2227 dolore
1632 2163 1795 2230 haec
1836 2164 2078 2230 scribo:
2117 2164 2506 2247 praesertim

570 2269 775 2332 quum
837 2248 943 2314 hic
990 2270 1115 2314 non
1169 2247 1361 2313 liceat
1413 2248 1589 2313 hisce
1646 2250 1725 2314 de
1784 2248 1975 2314 rebus
2021 2250 2092 2315 in
2136 2249 2508 2332 praesentia

570 2355 655 2400 ne
698 2334 969 2399 verbum
992 2334 1250 2417 quidem
1277 2334 1480 2399 ullum
1505 2334 1736 2412 facere,
1781 2336 1910 2399 imo
1956 2357 2073 2401 neo
2114 2357 2186 2401 os
2232 2335 2506 2418 aperire.

571 2418 704 2486 Sed
771 2421 891 2484 etsi
960 2441 1087 2484 non
1146 2430 1340 2498 reeta,
1391 2420 1645 2502 oblique
1703 2430 1941 2497 tamen,
2009 2421 2212 2485 velint
2276 2421 2505 2498 nolint,

571 2505 868 2570 homines
913 2506 1149 2571 ferent:
1200 2506 1442 2588 loquar.
1510 2507 1831 2571 Dominus
1874 2508 1998 2570 erit
2044 2507 2206 2570 mihi
2229 2506 2503 2572 adiutor.

570 2591 825 2656 Iterum
870 2591 1033 2669 vale,
1070 2592 1313 2674 optime
1347 2602 1552 2676 pater,
1597 2600 1665 2655 et
1709 2593 2070 2656 Dominum
2109 2612 2269 2676 roga
2305 2593 2505 2657 etiam

571 2697 691 2759 pro
751 2699 854 2743 me
913 2688 972 2742 et
1033 2699 1178 2744 mea
1235 2699 1457 2754 uxore,
1503 2686 1579 2741 ut
1623 2699 1764 2742 eam
1807 2677 1974 2743 mihi
2014 2679 2143 2743 cito
2185 2680 2503 2743 restituat.

571 2764 969 2848 Argentinae
1005 2767 1104 2829 25.
1152 2762 1560 2848 Septembris
1613 2767 1789 2828 1555.

1558 2900 1740 2965 'l'uus
1780 2899 1964 2965 Hier.
2008 2900 2332 2967 Zanehus.

1439 3584 1637 3654 2806.

954 3737 1459 3807 HALLERUS
1503 3739 2134 3809 BULLINGERO.

757 3910 965 3977 Plura
1023 3911 1216 3977 tradit
1270 3909 1346 3975 de
1386 3911 1716 3994 suppliciis
1763 3914 1818 3978 G
1824 3933 2039 3980 evovae
2079 3915 2156 3980 de
2195 3914 2513 3980 seditiosis

581 4018 779 4081 πειρον
829 3998 1112 4079 sumptis,
1165 3997 1354 4078 deque
1404 3999 1663 4063 torturis
1716 3998 1943 4081 quibus
1985 3999 2071 4065 ad
2109 4000 2512 4082 confitendum

579 4088 880 4168 coquntur
954 4102 1109 4164 quae
1154 4088 1370 4164 postea
1423 4084 1492 4147 in
1546 4084 1809 4150 articulo
1883 4087 2098 4150 mortis
2148 4091 2511 4170 pmeyant.

585 4168 711 4235 Sed
749 4170 1022 4234 maxime
1053 4167 1378 4234 dolendum
1420 4170 1582 4250 quod
1622 4173 1678 4233 et
1713 4170 1822 4237 hoc
1861 4173 2185 4255 nepotium,
2224 4171 2515 4255 fuyitivis

579 4255 933 4321 Remulum
966 4255 1209 4320 animos
1252 4254 1726 4339 crepitantibus,
1781 4257 1944 4322 inter
1983 4262 2312 4340 utramque
2352 4278 2513 4323 rem-

568 4341 891 4423 publicam
932 4340 1242 4406 invidiam
1281 4346 1476 4424 met.
1568 4341 2006 4408 Tur-iamiam
2042 4343 2204 4424 foret
2244 4343 2344 4410 hic
2383 4363 2516 4410 sese

577 4427 976 4508 interponere.

580 4598 688 4666 (Ex
723 4603 931 4736 unffi.
965 4597 1183 4652 Archiv.
1221 4596 1401 4651 Turic-
1439 4597 1582 4653 Plnt.
1617 4596 1705 4650 VI.
1743 4598 1865 4652 Vol.
1904 4595 2018 4664 115,
2065 4600 2194 4654 olim
2239 4599 2409 4654 Sorin.
2448 4600 2510 4653 B.

900 4683 951 4737 p.
988 4666 1136 4721 Tom.
1174 4666 1317 4721 VIII.
1352 4668 1442 4720 sol.
1478 4663 1634 4719 2945.
1672 4696 1737 4707 —
1771 4666 1982 4721 simler.
2020 4668 2143 4724 Vol.
2175 4667 2289 4734 85.)

583 4941 772 4997 2805.
792 4941 847 5008 1)
883 4940 995 4998 Hic
1048 4956 1160 4995 non
1210 4939 1276 4995 de
1339 4940 1648 5011 Wenphcli
1696 4940 1855 4996 Iusta
1916 4941 2225 5007 defensione
2272 4942 2515 5011 loquiaar

582 5010 1373 5146 samm...
1355 5011 1626 5134 ”m-
1659 5009 2273 5148 Nff...÷.·:-²·F¹52⁶.....·
2193 5011 2512 5134 m
2450 5025 2517 5065 ω

583 5148 1058 5203 tima-consent.
1115 5120 1942 5218 stt-lbb’beditccuip.225
1985 5152 2193 5204 merca
2236 5153 2515 5219 expecu-

584 5215 745 5271 Raris
790 5215 1024 5272 dictabe
1064 5215 1238 5271 inseri
1276 5224 1360 5273 ta.-
1407 5217 1560 5284 Quod
1606 5217 1808 5272 Christi
1855 5233 2049 5287 corpus
2092 5218 2295 5287 ubique
2339 5218 2415 5271 sit
2448 5232 2515 5273 eo

583 5285 730 5367 quod
777 5285 1001 5339 verbu-
1046 5301 1173 5339 caro
1460 5293 1562 5342 est.
1629 5288 1703 5340 nt
1737 5286 1883 5356 quod
1928 5285 2084 5340 sedet
2115 5285 2188 5341 ad
2233 5287 2514 5342 dexteram

2041 432 2564 502 EPISwLAE
2607 437 3027 500 2305-2307

4398 440 4527 504 796

2765 621 3144 688 Clarissimo
3186 623 3330 689 viro
3376 622 3448 689 D.
3493 622 3874 709 Heinrycho
3915 624 4300 710 Bullingero
4334 623 4531 711 Tigu·

2599 709 2783 773 rinae
2848 707 3158 774 ecclesiae
3222 710 3466 793 pastori
3531 707 3908 776 fidelissimo
3952 710 4214 776 domino
4257 718 4324 777 et
4365 732 4534 779 oom-

2599 793 2772 878 patri
2813 791 3192 860 honorando
3235 795 3700 879 carissimoque
3743 816 3881 861 suo.

3158 880 3250 944 M.
3298 881 3641 964 Heinrych
3687 880 4026 965 Bullinger
4066 878 4144 945 εὖ
4187 882 4446 948 Ziirich.

2767 1051 2839 1117 S.
2922 1052 3202 1135 Magnas
3277 1051 3415 1127 tibi,
3484 1049 3862 1116 honorande
3914 1060 4266 1133 compater,
4332 1050 4535 1117 debeo

2598 1138 2863 1221 gratias,
2928 1137 3038 1217 qui
3096 1144 3231 1199 tam
3296 1136 3670 1201 humaniter
3723 1144 3789 1200 et
3844 1135 4205 1202 liberaliter
4246 1158 4351 1202 me
4386 1157 4536 1220 pro-

2599 1222 2775 1286 xime
2817 1221 3169 1303 exceperis.
3199 1225 3248 1295 ¹)
3335 1219 3472 1287 Fac
3507 1240 3747 1303 quaeso
3783 1221 3958 1302 quod
3999 1223 4386 1305 promisisti:
4445 1223 4538 1287 ita

2600 1305 2862 1372 dabitur
2896 1307 3059 1371 mihi
3103 1306 3322 1389 aliqua
3357 1306 3682 1371 referendi
3723 1326 3834 1371 eas
3875 1307 3995 1372 tibi
4037 1308 4304 1373 occasio.
4371 1307 4539 1374 an-

2600 1400 2818 1457 terum
2840 1391 3158 1474 quomodo
3202 1391 3284 1456 ad
3321 1412 3499 1457 meos
3521 1412 3823 1458 reversus
3866 1393 3991 1458 sim
4035 1413 4117 1457 ex
4162 1393 4365 1458 fratre
4406 1394 4541 1459 iam

2599 1478 2872 1562 pridem,
2915 1479 3162 1561 opinor,
3205 1477 3609 1542 intellexisti.

2771 1561 2950 1646 Quid
2987 1563 3298 1630 Genevae
3332 1563 3450 1627 fiat
3482 1563 3708 1628 mirari
3751 1570 3817 1628 te
3861 1564 4014 1641 scio,
4047 1564 4267 1647 itaque
4311 1563 4392 1629 de
4436 1563 4545 1631 his

2600 1671 2825 1735 pauca.
2915 1649 3305 1732 septimana
3359 1669 3437 1713 ea
3499 1669 3627 1731 qua
3702 1649 3936 1733 Tiguri
3995 1650 4164 1722 fni2)
4230 1658 4537 1733 quartum

2601 1736 2916 1821 supplicio
2980 1736 3357 1813 affecerunt,
3402 1735 3517 1818 qui
3559 1742 3627 1800 et
3666 1735 3824 1818 ipse,
3869 1743 3943 1799 ut
3993 1735 4240 1819 priores
4293 1757 4538 1816 omnes,

2602 1832 2756 1889 ante
2798 1821 3190 1906 supplicium
3226 1821 3590 1886 recantavit
3632 1819 3943 1904 quidquid
3986 1821 4168 1904 prius
4210 1822 4542 1905 professus

2602 1930 2717 1975 seu
2782 1908 3112 1975 confessus
3170 1915 3328 1985 erat,
3378 1904 3797 1989 protestando
3849 1926 3921 1972 se
3966 1906 4125 1972 diris
4178 1909 4540 1987 tormentis,

2603 2004 2746 2059 tum
2795 1995 2990 2059 etiam
3049 2015 3164 2077 spe
3226 1992 3406 2057 vitae
3441 2012 3608 2076 quae
3648 1991 3745 2056 illi
3787 1993 4126 2058 confitenti
4165 1992 4340 2060 facta
4378 2002 4541 2073 erat,

2604 2080 2909 2146 adactum
2963 2087 3037 2145 ut
3091 2080 3512 2145 eonfiteretur
3566 2098 3637 2144 se
3691 2079 4156 2145 coniurationis
4208 2081 4545 2146 conscium

2605 2166 2807 2232 fuisse
2823 2165 2878 2251 ⁸)
2902 2165 3235 2244 Perrinae‚
3272 2163 3387 2230 sed
3430 2172 3496 2229 et
3538 2184 3609 2229 se
3642 2164 4055 2231 innocentem
4091 2172 4159 2230 et
4184 2163 4541 2247 Peru-inum,

2606 2272 2818 2335 neque
2872 2250 3213 2334 quidquam
3275 2250 3404 2315 tale
3444 2251 3622 2316 inter
3662 2270 3772 2316 eos
3815 2270 4103 2333 unquam
4144 2251 4345 2317 fuisse
4378 2258 4547 2318 trac·

2606 2347 2837 2415 tatum,
2882 2345 2948 2402 et
2991 2337 3112 2401 hoc
3147 2357 3217 2401 se
3262 2357 3436 2403 nunc
3473 2336 3702 2401 testari
3745 2356 3961 2402 coram
4004 2344 4266 2402 aeterno
4310 2336 4545 2416 iudice,

2607 2422 2685 2487 ad
2750 2424 2933 2487 cuius
2992 2422 3276 2488 tribunal
3332 2423 3461 2486 iam
3520 2419 3850 2486 sistendus
3908 2424 4009 2486 sit.
4098 2422 4545 2488 Nihilominus

2605 2524 2825 2573 tamen
2870 2508 3225 2574 decollatus
3269 2516 3387 2572 est.
3458 2507 3559 2572 De
3604 2508 3870 2572 torturis
3913 2528 4170 2591 quoque
4213 2510 4548 2573 affirmant

2612 2595 2734 2658 viri
2798 2616 3031 2679 graves
3083 2594 3227 2676 plus
3272 2614 3463 2677 quam
3510 2593 3876 2677 phalaricis,
3922 2592 4155 2675 quibus
4198 2593 4546 2660 confessio-

2607 2702 2725 2745 nes
2769 2701 2810 2744 a
2852 2681 2983 2745 reis
3027 2681 3312 2763 exigunt.
3389 2678 3636 2744 Crescit
3678 2699 3832 2762 ergo
3867 2679 4088 2743 odium
4130 2688 4355 2744 contra
4397 2680 4548 2746 illos

2611 2766 2822 2831 indies
2847 2767 3059 2849 magis
3103 2786 3177 2829 ac
3220 2765 3447 2849 magis.
3520 2764 3830 2830 Peninus
3863 2785 4014 2829 cum
4059 2764 4203 2829 aliis
4246 2763 4354 2832 hic
4375 2774 4476 2830 est
4490 2764 4549 2849 ⁴)

2609 2861 2677 2917 et
2732 2849 3009 2917 subinde
3062 2872 3248 2916 suam
3307 2858 3703 2933 protestatur
3760 2850 4219 2915 innocentiam.
4323 2851 4551 2917 Nostri

2609 2936 3013 3002 intercedere
3079 2946 3408 3018 cuperent.
3508 2935 3617 3000 Illi
3663 2957 3822 3001 vero
3887 2934 4091 3001 latam
4146 2945 4375 3002 contra
4438 2956 4551 3003 eos

2611 3023 3003 3089 sententiam
3050 3030 3305 3086 mutare
3345 3021 3595 3085 nolunt.
3624 3024 3674 3097 ⁵)
3744 3022 3948 3087 Aiunt
3987 3021 4186 3086 etiam
4219 3021 4369 3088 illos
4404 3043 4550 3088 coe-

2610 3131 2790 3175 mere
2846 3107 3156 3174 victualia
3218 3108 3668 3190 undequaque,
3714 3114 3793 3172 ut
3830 3108 4176 3173 manifeste
4219 3116 4550 3192 appareat,

2608 3195 2756 3260 illos
2799 3215 2870 3260 se
2913 3194 3017 3260 vel
3059 3193 3142 3258 ad
3186 3193 3430 3259 bellum
3472 3193 3577 3258 vel
3620 3192 3702 3257 ad
3759 3192 4161 3259 obsidionem
4215 3193 4553 3260 ferendam

2612 3301 2861 3365 parare.
2939 3280 3203 3344 Interea
3245 3298 3499 3362 quoque
3535 3278 3844 3345 dimissus
3887 3279 3969 3344 ab
4022 3278 4156 3344 illis
4198 3287 4300 3346 est
4340 3279 4554 3345 Italus

2611 3367 2742 3446 ille,
2763 3369 2818 3450 ⁶)
2883 3368 2992 3449 qui
3058 3366 3242 3449 prius
3306 3364 3387 3430 ab
3443 3364 3603 3448 ipsis
3667 3365 3796 3445 (uti
3838 3364 4187 3430 narrabam
4227 3366 4378 3442 tibi)
4421 3366 4557 3431 huc

2612 3452 2844 3518 ductus
2903 3451 3243 3516 Perrinum
3299 3461 3366 3514 et
3410 3450 3571 3515 alios
3621 3449 4116 3515 insimulaverat
4155 3452 4361 3516 initae
4403 3471 4557 3516 cum

2611 3538 2858 3604 Albano
2903 3535 3063 3602 duce
3107 3537 3602 3618 conspirationis
3645 3535 3727 3601 de
3769 3535 4087 3601 tradenda
4119 3536 4220 3601 illi
4254 3537 4554 3603 Geneva.

2611 3622 2802 3703 Quod
2844 3631 3052 3687 totum
3087 3643 3287 3705 quum
3338 3632 3684 3706 appareret
3720 3621 3802 3687 ab
3844 3621 3975 3686 illis
4018 3623 4265 3699 fictum,
4311 3623 4556 3688 consti-

2612 3718 2828 3774 tutum
2889 3716 2991 3773 est
3056 3717 3132 3774 ut
3196 3708 3504 3773 dimissus
3565 3708 3771 3772 Italus
3826 3706 3938 3771 ille
3980 3708 4440 3775 observaretur
4480 3708 4557 3773 in

2613 3794 2856 3859 ditione
2910 3805 3146 3859 nostra.
3234 3794 3313 3858 In
3382 3814 3512 3877 qua
3552 3794 3632 3859 ab
3677 3792 3809 3858 illis
3853 3791 4179 3874 dimissus,
4226 3814 4267 3859 a
4309 3793 4556 3860 nostris

2611 3879 3135 3964 comprehensus,
3194 3891 3262 3945 et
3310 3880 3439 3946 hue
3484 3880 3719 3945 iterum
3764 3886 4139 3945 nostrorum
4177 3881 4311 3945 iam
4345 3880 4554 3964 capti-

2613 3987 2734 4032 vus
2778 3966 2955 4032 hisce
2992 3966 3215 4031 diebus
3236 3966 3555 4032 deductus
3597 3972 3715 4045 est,
3758 3987 3839 4030 ex
3876 3986 4005 4048 quo
4047 3966 4239 4031 multi
4280 3973 4552 4050 sperant

2609 4052 2912 4117 miranda
2954 4073 3023 4117 se
3064 4052 3525 4119 intellecturos.

2782 4136 2896 4204 Sic
2961 4158 3137 4203 nunc
3203 4159 3272 4203 se
3337 4159 3442 4203 res
3495 4137 3756 4203 habent.
3846 4135 4111 4203 Interea
4174 4137 4549 4223 prorogatio

2612 4223 2889 4289 foederis
2903 4226 2964 4302 ⁷)
3007 4223 3157 4287 silet
3199 4244 3322 4289 nec
3344 4224 3647 4306 procedit,
3693 4222 3842 4289 odia
3875 4231 4191 4300 crescunt,
4228 4230 4298 4288 et
4329 4231 4548 4289 metuo

2614 4332 2713 4389 ne,
2769 4310 2894 4373 nisi
2948 4310 3094 4391 quis
3158 4330 3228 4373 se
3284 4310 3676 4391 interponat,
3730 4310 3801 4373 in
3861 4310 4242 4374 manifestas
4282 4309 4551 4376 tandem

2613 4405 2927 4479 eruptura
2978 4396 3112 4459 sint
3160 4395 3448 4459 iniurias.
3534 4394 3765 4477 Itaque
3821 4415 3862 4459 a
3903 4394 4109 4475 bonis,
4163 4394 4451 4461 cordatis
4484 4404 4552 4462 et

2612 4479 3041 4565 prudentibus
3100 4481 3259 4546 viris
3317 4478 3557 4558 audivi,
3614 4479 3856 4545 bonum
3909 4490 3977 4547 et
4019 4480 4279 4546 salubre
4324 4480 4460 4547 fore
4493 4482 4550 4548 si

2612 4735 2802 4791 2806.
2821 4736 2879 4792 1)
2919 4734 3009 4789 De
3040 4735 3144 4788 hoc
3174 4735 3367 4787 itinere
3397 4734 3537 4788 olibi
3568 4732 3711 4787 nina
3743 4735 3984 4802 leyimas.

2815 4805 2875 4869 2)
2914 4803 3014 4858 Fr.
3035 4803 3187 4858 Dan.
3211 4802 3537 4857 Bendas-ius
3560 4804 3759 4871 capitis
3781 4803 4073 4858 dam
4089 4802 4202 4870 fuit
4225 4803 4279 4857 d.
4300 4801 4385 4856 11.
4405 4801 4552 4873 Sept.

2815 4871 2876 4939 3)
2919 4872 3000 4937 Cf.
3035 4870 3115 4927 N.
3152 4870 3303 4924 2286.
3359 4870 3558 4940 Galiffe
3608 4871 3859 4940 quelques
3886 4887 4058 4942 paqcs
4083 4889 4145 4940 p.
4180 4870 4295 4925 111.

2812 4940 2873 5008 4)
2917 4941 3050 5011 Ray.
3087 4940 3163 4994 du
3202 4940 3415 4994 Conse-2
3448 4941 3523 4995 ad
3556 4914 3605 4993 t.
3641 4941 3786 5008 Aua.
3819 4948 4054 4995 recenset
4096 4942 4321 4996 nonina
4363 4957 4552 4997 eoru-⁸

2611 5011 2708 5081 φα·
2739 5010 2986 5066 absentes
3019 5010 3272 5064 wasnau
3303 5014 3445 5063 suat.

2814 5078 2877 5143 5)
2917 5079 3172 5147 Νῳεὶὑιί
3205 5077 3400 5147 legatio
3433 5076 3608 5131 nodio
3638 5094 3708 5131 m.
3742 5075 4009 5146 Auqucto.

2813 5148 2870 5214 6)
2911 5146 3096 5217 Scipio
3129 5148 3217 5202 del
3250 5145 3461 5201 Castro.
3527 5145 3685 5215 (Rea.
3724 5145 3799 5199 du
3834 5143 4050 5200 0οηεωῖ
4080 5144 4166 5200 22.
4202 5145 4338 5213 Iul.)
4391 5145 4549 5203 Dia·-

2613 5227 2704 5273 tur
2736 5224 2907 5273 mente
2949 5222 3147 5285 captus
3179 5231 3401 5270 mnam
3447 5215 3557 5270 sibi
3598 5214 3804 5282 inferre
3835 5215 4087 5271 celuim
4157 5212 4395 5272 sm
4426 5231 4547 5271 αισι

2613 5286 2667 5342 d·
2706 5285 2784 5341 10.
2826 5285 2966 5355 Sept.
3003 5287 3176 5340 colum
3209 5290 3413 5339 emere
3444 5284 3623 5338 iussit
3693 5282 3928 5354 (Galiffe
3956 5301 4011 5355 p.
4047 5281 4194 5350 117.)

2818 5353 2876 5422 7)
2918 5350 3956 5424 &pemmatdeffencchBOLnot
4029 5351 4468 5413 Hmdcskffl.

4576 3935 4591 3970 J
