4850 6200
465 418 594 479 '779

467 626 500 671 6
550 601 916 686 cophantiis
976 609 1122 665 tuas
1175 619 1366 665 aures
1420 597 1690 681 opplent
1747 618 2083 679 nunquam
2141 597 2421 661 fuissent

467 627 655 756 abusi
698 698 766 753 et
807 694 1034 752 nostra
1073 684 1366 764 lenitate,
1410 692 1480 750 et
1522 685 1951 767 magistratus
2000 682 2307 761 bonitate,
2353 688 2423 747 et

467 785 584 841 tua
625 774 1001 846 autoritate,
1045 792 1213 853 quae
1256 770 1389 835 illis
1433 768 1517 834 ad
1569 770 1835 835 ciendae
1893 768 2043 834 lites
2101 790 2234 832 non
2284 789 2420 831 me-

469 860 690 929 diocre
735 860 950 924 calcar
994 855 1262 922 addidit.
1351 858 1536 922 Deus
1579 855 1866 932 meliora,
1903 876 2099 937 quam
2145 866 2219 919 ut
2262 874 2421 935 quo-

468 968 666 1030 quam
728 944 1106 1009 mortalium
1187 964 1308 1007 nos
1385 944 1750 1017 abutamur,
1823 940 2070 1007 nedum
2157 940 2422 1022 optimis

470 1029 966 1116 magistratibus
1010 1028 1091 1094 de
1135 1029 1320 1093 nobis
1363 1038 1497 1092 tam
1553 1028 1721 1093 bene
1763 1028 2035 1093 meritis.
2105 1024 2299 1105 Quod
2345 1027 2420 1104 si,

472 1141 593 1184 nos
645 1130 778 1182 tam
841 1115 1187 1199 perfrictae
1238 1115 1470 1179 frontis
1529 1113 1728 1179 fuisse
1776 1126 1847 1178 ut
1903 1112 2221 1187 crederes,
2281 1112 2422 1175 ani·

470 1226 653 1269 mum
711 1202 1020 1267 inducere
1079 1201 1377 1283 potuisti:
1438 1201 1549 1283 qui
1600 1210 1819 1264 tamen
1879 1199 2126 1264 factum
2182 1208 2283 1262 est
2346 1206 2424 1261 ut

470 1302 758 1373 putares,
803 1289 1247 1371 magistratus,
1293 1286 1590 1350 homines
1634 1285 2148 1367 sapientissimos
2209 1284 2421 1348 lectis-

473 1378 801 1458 simosque
845 1375 916 1438 in
960 1384 1188 1438 nostra
1246 1393 1442 1437 causa
1496 1381 1611 1435 aut
1675 1381 1809 1435 tam
1869 1369 2165 1453 stupidos
2222 1371 2423 1434 fuisse

471 1474 546 1527 ut
589 1461 770 1527 dolos
815 1470 1073 1526 nostros
1117 1481 1243 1522 non
1292 1457 1656 1534 olfecerint,
1714 1468 1830 1520 aut
1882 1457 2150 1537 impune
2201 1476 2423 1538 passos

472 1569 667 1615 omne
710 1568 914 1630 quum
959 1543 1564 1627 deprehendissent,
1610 1544 1744 1607 imo
1791 1543 2016 1606 maiori
2063 1564 2182 1606 nos
2226 1561 2422 1623 quam

474 1644 668 1699 antea
712 1631 1164 1697 benevolentia
1210 1629 1563 1712 amplexos,
1652 1628 1733 1693 In
1780 1646 2045 1693 tuorum
2103 1626 2267 1690 dolis
2312 1627 2422 1690 de-

472 1717 976 1803 prehendendis,
999 1737 1159 1799 quos
1184 1728 1400 1779 tamen
1431 1714 1528 1778 illi
1558 1715 1766 1779 multo
1801 1714 2201 1797 ingeniosius
2226 1734 2422 1795 quam

472 1828 591 1870 nos
648 1816 713 1869 et
779 1803 1150 1885 excogitare
1216 1816 1279 1864 et
1336 1812 1619 1866 tractare
1681 1816 1951 1869 norunt,
2018 1814 2153 1863 tam
2213 1813 2424 1863 tersae

471 1892 743 1956 fuerunt
798 1888 997 1965 naris,
1054 1898 1132 1951 ut
1190 1887 1407 1950 statim
1468 1887 1603 1951 sint
1666 1886 2057 1961 subodorati,
2104 1907 2223 1950 nec
2268 1883 2424 1967 quid

476 1974 554 2042 de
600 1976 733 2040 illis
780 1975 1067 2038 sentiant
1090 1974 1438 2037 obscurum
1485 1984 1600 2037 est.

645 2060 779 2126 Sed
828 2060 929 2124 his
972 2059 1228 2124 omissis
1282 2058 1364 2122 ad
1425 2057 1644 2124 Knoxi
1701 2059 2034 2141 negotium
2090 2054 2423 2120 descendi-

471 2168 640 2223 mus,
686 2147 756 2210 in
793 2166 921 2227 quo
967 2156 1041 2209 tu
1064 2145 1372 2227 pietatem
1419 2156 1486 2208 et
1509 2145 1869 2209 fraternum
1894 2163 2180 2207 amorem
2231 2140 2421 2205 valde

474 2232 806 2299 desideras
850 2234 916 2295 in
963 2230 1092 2294 illis
1148 2232 1258 2313 qui
1304 2232 1363 2294 ei
1424 2252 1564 2296 sese
1631 2230 2109 2311 implicuerunt.
2200 2226 2424 2306 Quare

472 2340 594 2383 nos
659 2318 944 2383 breviter
1001 2328 1069 2381 et
1123 2338 1275 2380 vere
1316 2316 1520 2380 totius
1576 2317 1670 2380 rei
1744 2314 2083 2379 historiam
2137 2314 2256 2377 tibi
2319 2312 2426 2376 hio

472 2416 789 2469 texemus.
877 2405 1086 2467 Erant
1120 2424 1194 2467 eo
1240 2419 1528 2483 tempore
1572 2404 1640 2464 in
1686 2401 1959 2465 ecclesia
2014 2412 2240 2463 nostra
2297 2399 2424 2462 viri

474 2491 718 2573 aliquot
741 2495 824 2567 ¹⁰)
872 2491 978 2571 qui
1026 2489 1219 2571 longo
1258 2510 1476 2551 rerum
1524 2509 1648 2552 usu
1695 2499 1761 2550 et
1784 2485 2192 2567 experientia
2235 2506 2423 2549 exer-

473 2578 654 2642 citati
676 2576 864 2642 facile
912 2575 1279 2656 prospicere
1302 2574 1646 2655 animoque
1683 2574 2052 2654 praecipere
2076 2571 2426 2636 valuerunt

473 2682 637 2745 quae
680 2661 856 2726 mala
897 2660 1002 2725 vel
1042 2660 1172 2724 iam
1216 2659 1524 2723 ecclesiae
1569 2669 1827 2724 nostrae
1892 2658 2282 2741 ingruerent
2314 2657 2423 2721 vel

471 2749 540 2811 in
624 2758 960 2831 posterum
1022 2744 1317 2811 accidere
1397 2758 1681 2827 possent.
1789 2744 1880 2808 Hi
1951 2743 2424 2807 intellexerunt

472 2832 772 2899 Knoxum
814 2829 1093 2897 edidisse
1134 2831 1378 2912 scripta
1422 2830 1759 2913 quaedam,
1794 2834 1872 2910 ¹¹)
1920 2852 2085 2912 quae
2155 2829 2420 2893 univer-

472 2940 583 2985 sae
625 2917 935 2985 eoclesiae
978 2918 1371 2981 evertendae
1413 2918 1654 2982 iustam
1718 2918 2062 2981 materiam
2123 2914 2422 2979 hostibus

470 3005 854 3071 viderentur
899 3001 1410 3085 suppeditatum.
1485 3003 1796 3085 Inspersa
1835 3002 2010 3065 enim
2056 3013 2247 3065 erant
2291 2999 2421 3065 illis

471 3091 732 3174 scriptis
771 3089 1019 3155 atrocia
1061 3098 1255 3171 atque
1280 3087 1621 3154 horribilia
1654 3088 1956 3155 convicia
1998 3088 2068 3152 in
2093 3087 2422 3171 Reginam

647 3413 738 3474 10)
779 3412 909 3482 Ipse
929 3413 1166 3469 Knoxus
1199 3417 1449 3468 nominat
1482 3413 1609 3468 hos.-
1651 3413 1762 3467 Mr.
1789 3413 1970 3478 Isaac,
1998 3413 2224 3483 Pars-ey,
2262 3407 2422 3478 06616,

473 3483 631 3551 Bale,
678 3482 891 3536 Tur-ner
925 3483 989 3548 of
1033 3482 1311 3553 Wyneore,
1347 3481 1536 3536 Jeweu
1568 3482 1633 3548 of
1668 3480 1899 3550 Oxford,
1946 3483 2043 3551 qm·
2079 3488 2273 3551 postea
2315 3483 2427 3548 fuit

472 3553 656 3621 epi-§co
694 3568 761 3605 us
799 3549 1237 3607 Sarisberiensis.

684 3621 739 3686 l)
777 3621 862 3674 An
907 3620 1240 3674 admonition
1286 3627 1345 3673 to
1381 3619 1699 3673 Christiane.
1775 3619 1857 3685 Cf.
1895 3618 1973 3675 N.
2008 3617 2161 3671 2163.
2236 3617 2425 3682 Krioa,

473 3689 783 3745 Nan-alive
812 3706 872 3758 p.
905 3688 1004 3742 47.-
1053 3690 1167 3742 The
1204 3689 1321 3741 said
1357 3690 1458 3742 Mr.
1494 3689 1651 3741 lsaak
1692 3695 1795 3742 etc.
1838 3691 2065 3742 accused
2101 3704 2188 3741 me
2239 3688 2425 3741 before

472 3760 569 3813 the
615 3761 958 3826 magistrates
1005 3758 1062 3809 in
1110 3775 1254 3827 nyne
1302 3758 1518 3810 articles
1556 3758 1619 3810 os
1647 3756 1777 3825 high
1825 3765 2043 3811 treason
2079 3756 2294 3825 against
2331 3756 2424 3809 the

472 3829 798 3896 Emperour,
833 3827 918 3879 his
953 3842 1123 3880 sonne
1163 3826 1341 3898 Philip
1378 3826 1485 3878 and
1521 3825 1614 3878 the
1652 3841 1859 3894 queens
1896 3827 1957 3879 of
1988 3826 2256 3893 England.
2330 3825 2424 3894 My

472 3896 656 3951 words
701 3912 794 3948 are
841 3895 995 3949 these
1038 3893 1093 3947 in
1141 3912 1174 3948 a
1220 3894 1361 3947 book
1416 3896 1600 3954 (cuim
1645 3893 1804 3949 modo
1862 3893 2110 3948 dedimus
2154 3895 2422 3960 ταώνων

473 3965 626 4020 First
676 3965 939 4034 speaking
983 3963 1195 4033 against
1241 3963 1502 4017 idolaters
1538 3963 1645 4016 and
1682 3963 1804 4017 how
1852 3963 1980 4031 they
2017 3962 2185 4032 ought
2220 3964 2292 4032 by
2328 3964 2422 4016 the

471 4050 698 4172 333¹·ssss
722 4032 1269 4170 affati-'5033
1299 4033 1484 4154 “31¹3ss
1536 4036 1700 4152 {⁸1⁶⁰
1701 4032 1937 4171 1ῗῖῗὲῗῆ
1976 4032 2082 4153 233
2157 4041 2216 4153 ἓξ
2249 4049 2422 4154 ῗῗιῗζῑ

470 4172 664 4226 sellors
700 4171 807 4223 had
843 4172 978 4222 been
1017 4177 1140 4223 sent
1184 4181 1242 4224 to
1278 4169 1388 4222 hell
1426 4170 1609 4223 before
1643 4170 1797 4223 these
1835 4169 2029 4239 dayes,
2072 4169 2172 4222 her
2213 4171 2423 4240 cruelty

471 4240 666 4294 should
704 4245 801 4294 not
836 4239 976 4294 have
1012 4255 1074 4293 so
1111 4238 1422 4307 manifestly
1460 4238 1732 4306 appeared
1768 4245 1827 4290 to
1862 4238 1957 4291 the
1993 4238 2181 4292 world.
2250 4237 2301 4293 2.
2337 4240 2421 4293 Ie—

472 4311 623 4363 sabel
676 4325 845 4362 never
891 4308 1109 4361 erected
1154 4308 1276 4361 half
1314 4324 1376 4360 so
1423 4323 1583 4373 many
1698 4307 1889 4360 llowes
1934 4307 1990 4359 in
2037 4309 2108 4361 all
2146 4308 2313 4360 Israel
2362 4325 2421 4362 as

469 4378 830 4432 mischievous
866 4378 1020 4445 Μαι-γ
1059 4376 1192 4429 hath
1230 4377 1370 4432 done
1409 4376 1599 4429 within
1681 4375 1862 4428 endon
1897 4377 2071 4431 alone.
2140 4375 2189 4429 3.
2230 4377 2421 4431 Would

471 4465 574 4529 any
611 4447 672 4501 of
699 4463 805 4516 you
841 4446 977 4498 have
1014 4445 1323 4508 confessed,
1358 4454 1471 4498 two
1501 4460 1661 4566 ¹years
1706 4461 1904 4510 agone,
1941 4445 2062 4498 that
2097 4445 2252 4515 Mary
2286 4463 2422 4513 your

470 4532 709 4571 miri-our
750 4514 858 4568 had
894 4516 1034 4568 been
1080 4514 1215 4568 false
1259 4514 1498 4568 dissemb
1522 4514 1632 4582 ing,
1681 4514 1855 4581 111-61111
1892 4514 1997 4566 and
2033 4531 2066 4566 a
2099 4515 2332 4568 breaker
2367 4513 2429 4568 of

469 4602 571 4708 1ξὲ
573 4600 756 4723 ῑὲΐέἒέ
792 4583 1186 4706 3ξῖῖῖ,”οέῗ“ξε
1200 4600 1322 4706 1ῗέ
1324 4583 2420 4732 ’ῗοἑῖἕᾶὲᾈιῗςῶοᾛὲῗ,ἔιῖἓὲοὲἐθίἑξζ

469 4723 656 4776 native
692 4727 921 4791 country
956 4721 1114 4776 could
1150 4731 1247 4776 not
1280 4738 1438 4775 move
1474 4721 1595 4774 that
1631 4721 1841 4774 wicked
1879 4720 2134 4775 woman’s
2168 4721 2327 4774 beart
2359 4727 2418 4773 to

511 4792 607 4861 ity.
676 4790 726 4843 5.
763 4791 872 4844 She
910 4789 1187 4843 declat-eth
1222 4790 1435 4845 herself
1463 4806 1495 4842 a
1542 4790 1867 4843 traitonreas
1901 4799 1960 4844 to
2008 4790 2101 4843 the
2139 4790 2323 4852 1661111,
2361 4798 2418 4842 to
2528 4813 2543 4818 -

510 4861 595 4913 rin
677 4860 734 4912 in
777 4877 810 4912 a
864 4867 1114 4926 strangor
1167 4858 1273 4911 and
1327 4859 1486 4913 make
1534 4876 1566 4911 a
1622 4858 1799 4929 proud
1836 4859 2105 4929 Spaniard
2157 4859 2288 4926 king
2323 4863 2418 4912 etc.

471 4928 521 5009 ⁶:
559 4927 584 4980 1
633 4927 754 4982 God
788 4928 894 4981 had
931 4929 1165 4981 suffered
1199 4927 1297 4981 her
1332 4927 1416 5008 l'or
1451 4944 1550 4980 our
1595 4944 1820 4998 scourge
1857 4937 1917 4983 to
1952 4945 2102 4982 come
2137 4934 2196 4980 to
2231 4929 2419 5022 autho-

470 4995 1623 5133 wama.⁷nssid⁰lr35b1finii¹⁸ssussffii
1642 4998 1760 5121 ⁸¹33,
1775 4996 2425 5133 '’2'320‘3012233232‘d02·

469 5134 595 5186 that
628 5141 772 5186 most
806 5134 1064 5203 unbappy
1089 5134 1338 5188 woman's
1374 5135 1656 5204 authority
1691 5145 1786 5191 etc.
1855 5135 1905 5189 9.
1944 5135 2213 5202 Marriage
2249 5150 2314 5187 ou
2356 5134 2418 5186 ht

470 5209 572 5255 not
605 5207 663 5255 to
699 5202 767 5255 be
804 5203 1120 5256 contracted
1156 5203 1290 5255 with
1335 5204 1493 5258 those
1539 5204 1660 5257 that
1696 5221 1787 5257 are
1823 5204 2175 5257 maintainers
2212 5202 2272 5256 of
2303 5204 2319 5253 i
2361 5220 2417 5256 o·

472 5272 634 5340 latry,
669 5270 800 5324 such
835 5288 895 5324 as
930 5272 1023 5324 the
1061 5272 1382 5341 Emperour,
1421 5273 1545 5326 who
1580 5275 1624 5325 is
1662 5291 1730 5326 no
1765 5275 1872 5326 less
1908 5288 2101 5341 enemy
2137 5278 2195 5325 to
2232 5271 2415 5327 Christ

472 5340 606 5394 than
641 5357 753 5393 was
787 5338 948 5393 Nero.
1020 5341 1261 5411 (Str-mie,
1294 5341 1414 5397 eccl.
1457 5341 1622 5394 Mem.
1659 5342 1751 5396 111.
1790 5341 1836 5407 1,
1868 5358 1924 5409 p.
1959 5339 2105 5408 406.)

1977 407 2503 478 EPISTOLAE
2548 410 2974 475 2298—2299

4350 411 4480 475 ⁷80

2523 595 2826 679 Angliae,
2884 617 3080 680 quam
3131 617 3309 663 nunc
3367 597 3876 663 consceleratam
3922 595 4239 676 Mariam,
4298 616 4478 662 nunc

2522 690 2892 747 monstrum
2938 681 3211 748 Knoxus
3253 684 3534 749 vocavit.
3620 683 3750 749 Nec
3792 683 4003 749 multo
4047 684 4283 748 minori
4329 704 4479 748 ver·

2523 769 2754 833 borum
2803 770 3144 834 atrocitate
3190 768 3573 849 Philippum
3618 789 3842 853 regem
3887 769 4188 834 irritavit.
4276 769 4477 835 Hunc

2523 855 2843 919 famosum
2878 854 3173 920 libellum
3217 876 3418 938 quum
3476 854 3574 919 illi
3633 854 4089 940 perlegissent,
4150 855 4279 919 viri
4328 876 4477 937 pro-

2525 941 2695 1005 fecto
2732 949 2799 1004 et
2841 942 3042 1006 totius
3088 940 3423 1025 religionis
3465 949 3533 1005 et
3577 949 3839 1006 nostrae
3883 939 4191 1007 eeclesiae
4248 961 4477 1005 aman·

2525 1026 2780 1105 tissimi,
2822 1047 3035 1110 neque
3080 1027 3266 1092 nobis
3305 1027 3465 1092 utile
3512 1048 3725 1109 neque
3770 1034 3991 1092 tutum
4035 1027 4355 1111 putabant
4398 1036 4478 1092 ut

2526 1111 2799 1179 Knoxus
2862 1115 2930 1177 in
2992 1122 3215 1178 nostra
3273 1113 3546 1180 ecclesia
3616 1115 3966 1178 foveretur.
4069 1112 4255 1178 Adiit
4318 1133 4476 1196 ergo

2526 1220 2697 1263 unus
2741 1199 3064 1282 quispiam
3101 1220 3328 1265 eorum
3371 1200 3612 1265 amicos
3655 1198 3882 1264 Knoxi
3923 1200 4212 1276 intimos,
4258 1209 4475 1265 osten-

2526 1285 2752 1368 ditque
2817 1285 3368 1351 consultissimum
3435 1307 3576 1351 esse
3620 1295 3697 1351 ut
3745 1285 4010 1350 Knoxus
4063 1285 4145 1350 ab
4203 1286 4480 1350 ecclesia

2527 1371 2654 1436 alio
2715 1370 3092 1448 discederet,
3161 1371 3356 1454 idque
3415 1381 3492 1436 ut
3552 1373 3740 1437 fieret
3798 1371 4146 1454 diligenter
4203 1371 4473 1436 monuit.

2525 1458 2672 1522 Hoc
2714 1479 2845 1522 non
2897 1458 3231 1523 successit,
3338 1457 3558 1521 Nostri
3613 1479 3811 1540 quum
3867 1457 4246 1539 periculum,
4306 1455 4479 1539 quod

2527 1542 2702 1609 haud
2747 1542 2942 1608 dubie
2982 1544 3372 1619 immineret,
3418 1543 3710 1624 pressius
3770 1542 4285 1626 perpendissent,
4351 1542 4479 1608 alia

2528 1629 3040 1712 aggrediendum
3087 1628 3424 1711 putabant.
3520 1628 3756 1693 Delata
3799 1639 3901 1694 est
3957 1627 4223 1695 tandem
4282 1649 4481 1694 causa

2527 1714 2610 1779 ad
2669 1716 3125 1798 magistratum
3186 1735 3317 1779 non
3362 1715 3488 1780 alio
3533 1716 3801 1779 nomine
3845 1736 4043 1798 quam
4089 1723 4163 1780 ut
4208 1713 4479 1780 Knoxus

2528 1799 2861 1865 discedere
2903 1800 3259 1865 iuberetur.
3319 1801 3770 1883 Magistratus,
3816 1822 4022 1885 quum
4065 1821 4330 1866 causam
4372 1802 4478 1865 in-

2526 1887 2890 1951 tellexisset
2924 1896 3117 1969 atque
3161 1885 3634 1969 Imperatorem
3700 1889 3899 1951 etiam
3935 1888 4360 1969 comperisset
4403 1907 4479 1952 eo

2525 1973 2743 2038 libello
2788 1986 3085 2037 notatum
3130 1993 3290 2049 esse,
3328 1971 3858 2037 animadvertens
3904 1973 4100 2037 talem
4145 1972 4480 2037 hominem

2528 2080 2657 2124 non
2696 2058 2909 2123 solum
2957 2070 3219 2122 nostrae
3263 2058 3571 2123 ecelesiae
3615 2058 3729 2124 sed
3776 2079 3933 2123 suae
3977 2060 4179 2124 etiam
4223 2058 4480 2125 civitati

2527 2145 2890 2226 perieulum
2926 2164 3115 2226 posse
3149 2144 3340 2209 facile
3380 2145 3680 2223 conflare,
3718 2143 3881 2209 urbe
3916 2143 4227 2210 excedere
4264 2146 4479 2211 iussit.

2526 2231 2749 2295 Habes
2796 2240 2997 2294 totam
3057 2249 3194 2293 rem
3248 2237 3323 2293 ut
3386 2239 3570 2312 gesta
3634 2243 3750 2296 est.
3839 2228 4060 2313 Neque
4124 2230 4481 2313 quidquam

2529 2325 2904 2380 nostrorum
2966 2316 3305 2380 hominum
3359 2335 3557 2381 causa
3622 2314 4074 2397 subterfugere
4143 2315 4479 2382 reticendo

2529 2402 2876 2479 voluimus,
2923 2412 3040 2466 aut
3078 2402 3423 2467 obscurare
3468 2400 3814 2466 narrando.
3871 2400 4100 2466 Knosco
4142 2422 4277 2466 non
4313 2401 4479 2465 nihil

2528 2488 2756 2552 datum
2814 2500 2929 2553 est.
3012 2487 3176 2551 Nam
3245 2485 3564 2570 quaedam
3630 2487 3759 2552 alia
3817 2488 4023 2551 nostri
4065 2488 4133 2551 in
4191 2487 4301 2551 illo
4339 2489 4481 2552 ani·

2528 2573 3016 2639 madverterant
3034 2574 3269 2656 quibus
3301 2573 3566 2640 adducti
3590 2582 3749 2639 sunt
3788 2584 3867 2637 ut
3911 2573 4087 2637 illius
4123 2572 4483 2639 discessum

2527 2662 2835 2743 optarint,
2880 2681 3045 2743 quae
3083 2681 3200 2725 nos
3260 2659 3381 2726 hoo
3438 2670 3728 2742 tempore
3781 2658 4075 2724 consulto
4122 2660 4482 2726 omisimus.

2528 2746 2663 2812 Sed
2701 2747 2863 2812 11666
2904 2746 3100 2827 plane
3122 2747 3391 2811 fuerunt
3423 2766 3590 2828 quae
3628 2754 3886 2810 nostros
3924 2745 4051 2810 1166
4072 2744 4480 2829 impulerint,

2529 2834 2779 2915 hocque
2824 2853 3087 2915 prorsus
3143 2831 3334 2897 modo
3392 2833 3730 2915 negotium
3783 2828 3949 2894 illud
4004 2830 4480 2914 explicuerunt.

2528 2918 2750 3001 Quam
2793 2939 2950 2982 vero
2993 2916 3147 2982 inde
3183 2918 3585 2984 occasionem
3643 2915 4159 2999 spargendorum
4215 2916 4483 2982 menda-

2529 3006 2775 3069 ciorum
2845 3005 2952 3069 isti
3012 3004 3359 3069 turbarum
3414 3003 3753 3069 architecti
3809 3003 4224 3084 arripuerint,
4282 3024 4483 3086 quam

2529 3089 2874 3157 horribiles
2918 3110 3110 3155 voces
3151 3089 3455 3156 eiaculati
3500 3089 3651 3166 sint,
3713 3097 4027 3173 quantam
4089 3089 4284 3155 etiam
4345 3098 4482 3155 tra·

2528 3177 2826 3260 goediam
2884 3176 3253 3254 excitarint,
3313 3176 3461 3259 quis
3518 3196 3653 3240 non
3713 3177 3992 3241 miretur
4051 3176 4157 3242 661
4214 3175 4480 3242 illorum

2526 3264 2867 3346 ingenium
2902 3273 3004 3326 est
3058 3261 3399 3345 ignotum?
3479 3262 3882 3328 Praesertim
3926 3283 4127 3345 quum
4171 3270 4239 3325 te
4282 3262 4482 3328 etiam

2530 3349 2658 3414 huc
2695 3348 3099 3430 perpulerint
3140 3357 3218 3412 ut
3253 3347 3573 3413 scriberes
3615 3350 3683 3413 in
3739 3347 4038 3412 homines
4093 3367 4210 3430 per
4260 3349 4483 3415 omnia

2527 3435 2850 3512 innoxios,
2907 3435 3113 3500 satius
3165 3433 3365 3499 fuisse
3409 3434 3481 3499 in
3527 3435 3736 3516 patria
3791 3434 3938 3498 illos
3974 3453 4240 3499 manere
4284 3454 4482 3516 quam

2526 3521 2809 3586 iniustae
2852 3520 3162 3586 saevitiae
3205 3521 3411 3584 facem
3456 3520 3526 3584 in
3571 3520 3959 3603 longinquas
4023 3520 4327 3604 regiones
4386 3520 4481 3584 af·

2526 3607 2715 3672 ferre.
2799 3605 2875 3672 Si
2920 3607 3038 3670 tibi
3102 3605 3380 3672 fuissent
3443 3605 3580 3672 ulla
3643 3627 3724 3670 ex
3792 3615 3978 3688 parte
4045 3606 4186 3670 noti
4240 3606 4353 3689 qui
4407 3614 4485 3671 ut

2531 3690 2804 3758 Knoxus
2853 3692 3007 3758 hinc
3031 3690 3398 3757 discederet
3433 3701 3857 3770 curaverunt,
3901 3691 4292 3758 clementius
4329 3711 4482 3774 pro-

2528 3779 2697 3844 fecto
2778 3800 2927 3845 cum
2990 3777 3126 3843 illis
3191 3777 3521 3861 agendum
3588 3777 3904 3844 duxisses.
3933 3781 4018 3857 ¹²)
4107 3778 4243 3842 Vix
4302 3779 4483 3843 enim

2527 3865 2874 3948 quisquam
2920 3864 3298 3928 mortalium
3357 3884 3396 3927 a
3447 3863 3833 3932 crudelitate
3880 3863 4142 3947 longius
4187 3863 4373 3930 abest
4398 3868 4482 3939 ¹⁸)

2526 3971 2726 4033 quam
2769 3949 2867 4014 illi
2906 3971 3021 4033 per
3066 3950 3192 4015 Dei
3229 3951 3513 4033 gratiam
3555 3960 3621 4016 et
3664 3952 3799 4016 sint
3833 3959 3900 4015 et
3942 3950 4201 4015 fuerint.
4282 3948 4481 4015 Certe

2526 4058 2733 4120 quum
2800 4037 2881 4102 ab
2949 4036 3078 4101 illis
3144 4039 3246 4102 sui
3302 4036 3459 4102 facti
3514 4037 3678 4102 ratio
3745 4057 3784 4100 a
3827 4045 4091 4120 pastore
4151 4035 4483 4187 116611οέ3

2524 4124 2919 4207 exigeretur,
2962 4143 3107 4186 eam
3153 4134 3286 4187 tam
3333 4122 3679 4187 honestam
3718 4121 4164 4202 reddiderunt,
4211 4132 4285 4187 ut
4312 4122 4381 4188 111
4436 4123 4448 4136 ’

2525 4207 2635 4272 1116
2658 4260 2672 4286 ,
2731 4209 2928 4274 1161116
2983 4208 3223 4291 alioqui
3285 4209 3723 4291 scrupulosus,
3779 4208 4084 4273 habuerit
4140 4209 4308 4291 quod
4375 4229 4481 4273 re-

2524 4295 2978 4379 prehenderet.
3068 4293 3215 4358 Non
3263 4297 3440 4358 enim
3475 4303 3539 4358 te
3583 4294 3746 4359 latet
3788 4314 3988 4375 quam
4029 4313 4151 4359 nos
4187 4315 4317 4359 non
4367 4294 4479 4359 de·

2523 4391 2668 4446 ceat
2702 4383 2773 4446 in
2818 4381 3242 4464 magistratus
3287 4400 3493 4461 paene
3535 4379 3847 4446 inauditis
3890 4379 4202 4446 conviciis
4268 4380 4477 4462 impo-

2522 4477 2740 4531 tenter
2782 4466 3192 4532 debacchari:
3241 4486 3373 4530 non
3417 4465 3589 4547 quod
3624 4465 3721 4530 illi
3782 4466 3941 4530 talia
3994 4467 4289 4532 fortassis
4343 4486 4479 4530 non

2524 4563 2917 4630 mereantur,
2948 4555 3028 4631 15)
3095 4551 3207 4617 sed
3269 4559 3537 4635 propter
3601 4552 3976 4635 impositam
4031 4551 4160 4617 illis
4227 4571 4267 4614 a
4330 4549 4477 4615 Deo

2522 4658 2890 4720 personam.
2981 4638 3129 4703 Hoc
3177 4638 3291 4702 tibi
3353 4636 3683 4703 affirmare
3731 4658 4097 4721 possumus,
4152 4657 4475 4702 vesanum

2520 4927 2787 5052 meam)
2829 4927 2975 4984 Sane
3008 4932 3219 4985 honesti
3251 4935 3302 4984 et
3336 4928 3497 4999 (11·ρηί
3526 4930 3637 4983 viri
3672 4929 3771 4999 qui
3804 4928 3868 4983 ob
3910 4928 4221 4998 reliqionem
4254 4933 4477 4996 patriae

2680 5000 2915 5052 11661661.

2700 5067 2787 5126 13)
2829 5068 3095 5122 Calvinus
3139 5066 3385 5126 dixerat,
3435 5072 3563 5121 teste
3605 5067 3870 5121 relatione
3902 5067 4138 5133 anyliea,
4189 5067 4287 5120 ubi
4320 5064 4473 5120 Besa

2520 5140 2690 5190 tacet:
2738 5137 2868 5190 This
2905 5153 3008 5192 one
3044 5137 3071 5190 1
3106 5145 3306 5190 cannot
3354 5137 3494 5205 keep
3541 5145 3720 5189 secret
3774 5134 3894 5188 that
3933 5137 4034 5189 Mr.
4071 5137 4227 5188 Knox
4265 5151 4378 5189 was
4413 5136 4470 5187 in

2519 5222 2607 5271 my
2636 5206 2924 5328 judfment
2960 5205 3174 5260 neither
3208 5205 3369 5274 godly
3405 5223 3506 5260 nor
3541 5205 3787 5259 brotherl
3860 5205 4008 5258 dealt
4042 5204 4248 5258 withal.

2696 5277 2717 5327 l
2768 5279 2787 5340 )
2838 5275 3017 5329 Talem
3050 5274 3205 5339 iufra
3240 5290 3298 5329 se
3333 5274 3467 5330 dicit
3514 5273 3761 5329 Whitltea
3803 5289 3885 5328 ue.

2701 5345 2788 5408 15)
2826 5343 3033 5399 Itane?
3064 5359 3163 5399 cur
3197 5359 3325 5412 erqo
3358 5344 3487 5400 11166
3520 5341 3980 5399 criminationes?
