4850 6200
364 411 485 471 677

363 595 673 681 Optanda
703 595 965 679 quidem
1009 617 1140 680 pax
1184 598 1369 674 foret,
1414 598 1531 663 sed
1581 597 1644 663 P
1694 601 1706 612 “
1742 599 1755 611 ’
1840 619 1948 664 um
1988 598 2057 664 in
2104 599 2307 663 aciem

406 682 654 748 retrahi
698 702 961 747 necesse
1004 683 1132 747 fuit
1163 704 1355 767 quem
1398 684 1660 766 plurimi
1694 683 1744 749 li
1824 706 1897 751 re
1931 694 2304 769 sequentur.

465 768 619 834 inde
660 769 823 833 utile
864 769 987 833 fuit
1022 768 1151 833 illis
1194 771 1375 853 eripi,
1422 768 1597 853 quod
1637 773 1922 836 maxime
1963 769 2307 854 plausibile

358 854 692 920 habebant
747 866 815 919 et
870 856 938 918 in
996 875 1123 937 quo
1167 855 1339 921 soliti
1384 865 1542 921 sunt
1582 856 1803 923 fucum
1844 857 2165 941 imperitis
2209 857 2305 922 fa-

360 962 525 1009 cere.
596 939 929 1006 Brcntim
964 961 1156 1023 quem
1192 940 1409 1024 aliqua
1453 963 1533 1006 cx
1582 952 1767 1024 parte
1789 943 2304 1008 mansuefactum

361 1026 705 1094 omdebam
727 1028 937 1111 magis
980 1028 1345 1109 praefracta
1387 1048 1582 1110 quam
1628 1030 1906 1095 antehac
1947 1050 2090 1095 esse
2134 1028 2307 1092 duri-

360 1115 469 1190 tie,
516 1114 765 1178 amicus
787 1112 1091 1177 cordatus
1115 1125 1179 1176 et
1220 1134 1423 1178 verax
1449 1114 1751 1198 Tubinga
1771 1115 1935 1179 mihi
1957 1115 2235 1196 scripsit.
2253 1121 2308 1187 4)

362 1198 541 1279 Quid
585 1207 807 1263 tamen
848 1198 1011 1264 illud
1058 1200 1144 1263 sit
1178 1201 1493 1280 experiar.

533 1285 728 1350 Nunc
757 1286 950 1350 venio
977 1283 1060 1349 ad
1096 1285 1277 1349 urbis
1312 1295 1576 1351 nostrae
1612 1296 1875 1351 statum.
1942 1285 2135 1366 Quod
2179 1286 2310 1352 tuis

360 1370 578 1436 literis
603 1375 657 1445 ⁵)
735 1373 1000 1454 rogasti,
1079 1380 1151 1435 ut
1218 1371 1499 1453 proximi
1581 1373 1901 1439 tumultus
1967 1372 2306 1437 historiam

360 1459 651 1539 apertius
691 1457 812 1520 tibi
854 1462 919 1520 et
942 1457 1200 1539 plenius
1223 1478 1635 1540 exponerem,
1672 1479 1747 1523 eo
1790 1457 2098 1523 libentius
2140 1457 2307 1521 facio

359 1543 531 1626 quod
578 1550 801 1607 nostra
842 1542 1036 1607 valde
1058 1544 1335 1607 interest
1376 1565 1514 1607 rem
1554 1545 1701 1607 istic
1742 1552 1809 1609 et
1853 1544 2024 1628 apud
2062 1544 2308 1608 vicinos

361 1628 561 1712 probe
627 1629 943 1713 cognosci.
1035 1626 1357 1694 Sinistros
1421 1630 1596 1694 enim
1650 1651 1941 1696 rumores
2000 1628 2079 1693 de
2123 1630 2310 1694 nobis

361 1718 585 1799 spargi
644 1715 791 1798 plus
845 1715 1005 1780 satis
1059 1721 1284 1781 notum
1343 1726 1461 1792 est,
1507 1714 1700 1798 idque
1744 1737 1967 1781 eorum
2013 1716 2307 1794 artificio,

360 1802 476 1884 qui
521 1823 637 1866 suo
660 1800 997 1866 commodo
1017 1821 1137 1865 nos
1172 1802 1413 1884 passim
1450 1822 1680 1867 exosos
1723 1801 1997 1867 reddere
2019 1803 2309 1885 cupiunt.

360 1887 598 1970 Itaque
622 1898 882 1971 gratum
909 1887 1146 1951 nost-ris
1169 1887 1452 1952 officium
1476 1888 1859 1969 praestabis,
1906 1889 1959 1953 si
1984 1908 2311 1953 summam

358 1994 592 2038 eorum
636 1992 801 2055 quac
852 1973 1218 2055 scripturus
1262 1993 1405 2037 sum
1444 1975 1775 2038 curaveris
1822 1972 1994 2056 apud
2039 1974 2313 2038 clarissi-

360 2080 547 2123 mum
611 2068 916 2123 senatum
984 2070 1273 2123 vestrum
1342 2059 1758 2124 recitandam.
1851 2059 2031 2140 Quin
2091 2060 2310 2137 etiam,

360 2146 419 2208 si
465 2144 585 2208 tibi
646 2165 848 2228 grave
904 2165 1033 2208 non
1093 2145 1235 2220 erit,
1273 2145 1443 2209 hanc
1479 2147 1785 2227 epistolae
1830 2167 2013 2210 meae
2058 2154 2313 2227 partem

358 2230 676 2295 fratribus
721 2231 961 2295 nostris
1010 2228 1566 2295 Schaffhusianae
1624 2231 1928 2297 ecclesiae
1994 2231 2313 2295 ministris

358 2317 757 2398 descriptam
793 2317 972 2379 mitti
1008 2318 1215 2398 cupio,
1255 2326 1326 2380 ut
1369 2317 1493 2398 ipsi
1528 2338 1785 2401 quoque
1807 2317 1978 2400 apud
2018 2338 2167 2381 suos
2206 2337 2312 2379 ur-

360 2402 507 2466 bem
557 2401 728 2466 hanc
771 2401 935 2466 falsa
979 2401 1250 2466 infamia
1294 2402 1587 2467 liberent.

534 2488 668 2553 Res
712 2489 981 2553 omnino
1019 2489 1111 2553 sic
1133 2488 1347 2552 habet.
1370 2492 1425 2565 ⁶)
1488 2489 1638 2553 Duo
1659 2489 1925 2552 fuerunt
1965 2489 2032 2551 in
2079 2498 2312 2553 senatu

358 2574 640 2657 improbi
687 2574 1004 2651 homines,
1052 2586 1249 2656 atque
1293 2573 1570 2639 audaces
1616 2595 1817 2657 usque
1864 2573 1943 2637 ad
1990 2595 2312 2640 summam

357 2660 859 2744 impudentiam.
973 2659 1185 2724 Ambo
1265 2661 1458 2724 etiam
1554 2661 1781 2742 inopes
1870 2670 1938 2723 et
2015 2659 2310 2725 famelici.

359 2746 554 2811 Alter
614 2745 926 2810 Pers-inus
984 2758 1270 2823 vocatur,
1293 2748 1349 2825 ⁷)
1416 2746 1581 2811 alter
1653 2746 2009 2811 Vandezius.
2104 2746 2311 2823 Prior,

359 2854 564 2915 quum
599 2833 978 2915 capitaneus
1024 2844 1197 2895 esset
1240 2833 1436 2908 urbis,
1482 2832 1826 2897 colluviem
1871 2832 2311 2913 improborum

357 2919 696 3002 proposita
766 2916 1085 2982 scelerum
1166 2918 1559 3000 impunitate
1639 2917 1763 2982 sibi
1828 2917 2312 2983 conciliaverat.

358 3004 535 3068 Nam
602 3005 657 3068 si
723 3002 877 3086 quid
938 3005 1255 3086 nequiter,
1310 3012 1634 3086 proterve,
1693 3003 2008 3069 dissolute
2053 3018 2313 3087 gestum

356 3092 593 3169 fuerat,
640 3111 723 3155 ne
767 3090 1074 3174 vigerent
1117 3088 1338 3173 legum
1382 3111 1644 3172 poenae,
1689 3089 2125 3173 patrocinium
2170 3112 2312 3156 sus-

357 3180 578 3260 cipere
601 3198 755 3241 mox
792 3185 1062 3261 paratus
1097 3185 1254 3240 erat.
1314 3178 1510 3241 Alter
1534 3197 1686 3241 vero
1722 3175 1892 3240 fidus
1931 3185 2071 3240 erat
2104 3179 2170 3241 in
2207 3177 2313 3243 his

358 3263 670 3329 omnibus
714 3261 989 3328 adiutor.
1045 3262 1314 3327 Partem
1360 3273 1626 3327 senatus
1651 3261 1986 3327 blanditiis
2031 3262 2314 3328 illectam

358 3349 696 3415 tenebant.
781 3347 1115 3430 Quosdam
1161 3347 1483 3426 sordidos,
1541 3359 1605 3413 et
1647 3349 1756 3431 qui
1801 3348 2078 3431 gradum
2121 3370 2314 3414 suum

360 3436 489 3501 nisi
554 3455 779 3500 eorum
846 3435 1074 3499 favore
1138 3435 1421 3499 retinere
1486 3456 1617 3500 non
1691 3443 2011 3515 poterant,
2079 3436 2314 3500 timore

357 3520 698 3605 perculsos
762 3521 1079 3605 cogebant
1145 3522 1215 3585 in
1260 3540 1450 3585 suum
1519 3520 1919 3603 obsequium.
2030 3519 2311 3604 Cognati

358 3607 869 3690 propinquitatis
912 3607 1121 3690 gratia
1157 3604 1445 3670 devincti
1470 3607 2010 3672 assentiebantur.
2079 3605 2312 3689 Itaque

356 3694 429 3758 in
473 3693 733 3758 minore
767 3705 999 3758 senatu
1046 3713 1122 3757 eo
1160 3713 1363 3775 usque
1407 3692 1782 3758 invaluerat
1823 3712 2047 3757 eorum
2083 3699 2311 3776 poten·-

358 3781 470 3856 ιιι,
512 3787 591 3844 ιιι
610 3778 863 3843 libidini
886 3779 1189 3845 resistere
1235 3778 1347 3841 vix
1371 3779 1715 3861 quisquam
1759 3777 2046 3843 auderet.
2114 3777 2312 3843 Certe

358 3865 607 3932 iudicia
640 3864 939 3947 pluribus
983 3866 1173 3929 annis
1216 3865 1483 3928 fuerunt
1525 3864 1592 3927 in
1642 3886 1863 3928 eorum
1910 3862 2207 3929 arbitrio:
2246 3871 2315 3928 et

358 3949 751 4017 nundinatio
795 3952 1066 4014 minime
1110 3950 1387 4014 obscura
1429 3951 1664 4024 eratss)
1751 3950 1897 4015 Hoc
1942 3971 2075 4014 non
2120 3948 2311 4015 modo

356 4039 594 4103 civitas
642 4036 919 4116 videbat,
976 4035 1091 4101 sed
1148 4035 1322 4118 apud
1377 4037 1626 4100 vicinos
1671 4045 1738 4099 et
1780 4047 2037 4100 exteros
2082 4055 2311 4101 eorum

354 4123 554 4206 culpa
574 4126 853 4205 pessime
876 4120 1314 4188 audiebamus.
1374 4122 1604 4204 Neque
1630 4121 1929 4186 tacebant
1973 4122 2309 4204 permulti:

356 4214 514 4291 quia
549 4230 742 4292 saepe
773 4209 1099 4275 atrocibus
1123 4207 1374 4291 probris
1399 4208 1618 4272 vexati
1643 4219 1708 4271 et
1730 4206 2001 4274 lacerati
2023 4209 2309 4272 fuerunt.

357 4293 435 4360 Si
492 4297 640 4377 quis
702 4296 1135 4378 contemptior
1190 4315 1414 4358 eorum
1472 4294 1725 4377 flagitia
1768 4293 2132 4372 detexerat,
2178 4293 2310 4357 illis

562 4587 625 4647 4)
676 4587 901 4642 Videtur
936 4587 1002 4639 dc
1050 4585 1323 4639 Vozmareo
1356 4584 1506 4652 loqui
1540 4585 1608 4650 cf.
1646 4584 1721 4639 N.
1759 4584 1914 4640 2220.

563 4655 626 4720 5)
665 4655 742 4710 Ν.
796 4654 951 4709 2228.
1052 4654 1214 4708 Vides
1264 4656 1407 4709 lianc
1463 4661 1707 4708 nostram
1758 4671 1872 4708 non
1924 4653 1981 4708 d.
2029 4653 2311 4707 15.1um···

351 4727 524 4781 scrico·
556 4731 811 4793 patinuos.

562 4794 623 4861 e)
663 4794 891 4847 amm
937 4794 1041 4846 tm
1091 4791 1313 4846 cmm·
1355 4792 1612 4859 epistolas
1648 4792 1723 4846 Ν.
1759 4789 1913 4844 2218.
1952 4789 2090 4844 2244
2138 4791 2309 4845 adm
2358 4747 2361 4760 ¹

356 4862 761 4930 Bonivardtm,
814 4860 1032 4929 Galc'ffc,
1084 4861 1213 4915 Not.
1253 4859 1374 4930 ye'n.
1410 4860 1503 4913 111.
1538 4859 1644 4913 546
1679 4867 1729 4913 ct
1774 4861 2004 4936 alterius
2044 4859 2308 4930 quelques

350 4947 610 5056 paqg‘p.
647 4931 731 4996 99,
768 4933 1005 5013 matrinae
1038 4946 1166 4984 vcro
1201 4928 1630 4985 Commentarios
1663 4936 1887 4984 scamus
1922 4945 2056 4998 quos
2092 4932 2154 4983 in
2190 4930 2307 4983 Aa·

353 5019 427 5054 aa
453 5019 469 5054 ι
547 5016 577 5054 e
606 5001 986 5055 exhibebamus.

565 5069 618 5136 7)
654 5075 881 5123 vocatus
911 5068 1033 5122 aad.
1071 5067 1311 5121 Eaedem
1345 5068 1543 5136 ubique
1579 5067 1908 5121 vandellius.

560 5138 595 5192 8
608 5150 623 5198 ι
664 5139 773 5193 Hic
804 5153 917 5192 noa
946 5140 1167 5205 penitus
1209 5135 1577 5190 obliviscenda
1621 5142 1758 5190 casce
1802 5151 2010 5189 summa
2059 5135 2306 5189 iustitiae

353 5208 469 5262 zex:
504 5209 731 5263 alcoran
748 5223 961 5277 quoquc
972 5214 1190 5275 partem
1211 5205 1541 5259 audn'cadam
1573 5220 1704 5260 csse.
1766 5204 2013 5275 Uterque,
2040 5205 2304 5258 Per-rinus

353 5283 405 5331 ct
446 5277 765 5343 Vandali-c,
809 5278 924 5330 ian
951 5277 1083 5345 plac
1116 5276 1275 5329 mel
1316 5275 1594 5344 syndicus,
1627 5290 1775 5329 nunc
1807 5277 1869 5327 in
1902 5281 2112 5334 acuam,
2139 5274 2305 5341 prior

352 5347 482 5401 olim
504 5345 727 5401 Caluini
752 5343 1002 5411 fervidus
1034 5344 1241 5399 assecla
1278 5360 1397 5397 cum
1421 5342 1693 5397 Gcncvam
1714 5344 1966 5398 revocari
1994 5348 2301 5398 curaverat.

2170 413 2329 473 1555
2375 407 2560 475 IUL.

4235 418 4366 481 678

2408 597 2484 660 in
2547 605 2853 680 promptu
2919 608 3063 663 erat
3138 599 3319 665 ultio.
3432 600 3763 683 Quidquid
3830 600 3912 666 ab
3976 603 4366 685 aequalibus

2409 683 2657 749 dictum
2707 692 2864 760 erat,
2921 684 3109 749 facile
3150 687 3488 751 vorabant.
3576 686 3853 752 Interim
3904 695 4126 753 tamen
4169 689 4364 754 multi

2408 771 2543 834 iam
2586 778 3052 834 contraxerant
3094 771 3336 837 callum
3397 773 3755 839 servitutis.
3846 770 4090 838 Omnia
4152 772 4366 841 edicta

2409 856 2480 919 in
2525 854 2772 920 chartis
2827 866 3083 921 mortua
3138 858 3454 923 iacebant.
3534 859 3595 922 N
3604 857 3774 924 ullus
3819 858 4098 942 denique
4137 859 4362 944 legum

2409 952 2629 1005 metus
2697 940 2808 1004 vel
2867 940 3092 1023 pudor,
3153 944 3209 1009 si
3267 942 3457 1009 modo
3515 944 3612 1009 illi
3667 942 3990 1010 faverent.
4079 945 4252 1010 Nam
4293 954 4365 1011 et

2407 1026 2658 1092 iudices
2723 1046 2872 1091 cum
2933 1028 3116 1093 urbis
3170 1031 3494 1112 praefecto
3517 1035 3571 1111 ⁹)
3632 1031 3891 1096 nonnisi
3937 1050 4161 1096 eorum
4206 1042 4362 1098 voto

2410 1113 2759 1196 quotannis
2812 1112 3237 1181 creabantur:
3300 1136 3503 1198 eoque
3561 1115 3829 1181 tandem
3887 1137 4198 1201 progessa
4262 1126 4364 1183 est

2408 1198 2792 1281 petulantia,
2840 1207 2913 1263 ut
2955 1200 3235 1283 populus
3275 1202 3435 1285 ipse,
3474 1212 3817 1284 postquam
3861 1202 4191 1285 suffragiis
4225 1205 4364 1269 suis

2410 1283 2791 1367 quisquilias
2836 1286 3050 1350 nescio
3095 1307 3274 1369 quas,
3335 1288 3466 1352 imo
3509 1289 3922 1370 turpissimas
3967 1288 4191 1355 sordes
4233 1290 4364 1354 ele-

2411 1379 2617 1454 gerat,
2662 1392 2855 1434 suum
2888 1369 3164 1437 dedecus
3205 1372 3516 1438 horreret.
3585 1373 3731 1439 Hoc
3752 1373 4013 1456 quidem
4059 1376 4364 1458 proximo

2411 1477 2586 1521 anno
2647 1456 3021 1521 fatebantur
3072 1479 3346 1536 omnes‚·
3378 1461 3432 1523 si
3486 1459 3777 1525 hostibus
3822 1460 4004 1525 urbis
4044 1463 4366 1543 permissa

2410 1542 2643 1607 fuisset
2697 1542 2954 1620 electiO,
3019 1563 3153 1607 non
3218 1547 3503 1628 potuisse
3567 1546 3813 1610 maiore
3869 1566 4015 1611 cum
4082 1545 4365 1611 ludibrio

2413 1627 2606 1692 nihili
2654 1628 2950 1693 homines
2983 1629 3065 1693 ad
3099 1629 3415 1695 honorem
3441 1651 3691 1696 vocare.
3750 1630 3896 1695 Iam
3916 1651 4117 1712 quum
4151 1641 4361 1709 antea,

2412 1715 2470 1778 si
2514 1713 2672 1795 quid
2717 1725 3014 1796 peccaret
3057 1716 3271 1779 minor
3314 1724 3602 1793 senatus,
3660 1717 3836 1782 vitiis
3881 1730 3947 1781 et
3981 1717 4366 1800 corruptelis

2413 1799 2805 1864 medicinam
2830 1800 3064 1865 afferre
3086 1800 3370 1866 solerent
3386 1802 3691 1880 Ducenti,
3714 1801 3954 1867 multos
3975 1801 4130 1868 illuc
4152 1805 4366 1869 conie-

2413 1894 2639 1951 cerant
2684 1906 2766 1950 ex
2811 1887 3005 1964 faece,
3063 1887 3297 1968 partim
3348 1886 3665 1953 clamosos
3706 1889 3980 1953 iuvenes
4023 1895 4091 1953 et
4132 1889 4366 1954 turbu·

2412 1973 2658 2048 lentos,
2730 1974 2965 2053 partim
3032 1973 3244 2055 turpis
3298 1981 3366 2038 et
3430 1973 3779 2038 dissolutae
3843 1974 4035 2038 vitae.
4125 1975 4217 2039 Et
4279 1996 4366 2040 ne

2414 2058 2600 2140 copia
2663 2078 2785 2141 eos·
2832 2056 3168 2135 deficeret,
3236 2058 3608 2140 posthabita
3665 2061 3921 2124 numeri
3980 2059 4234 2125 ratione
4292 2061 4364 2125 in

2415 2141 2676 2207 turbam
2734 2146 3142 2208 intruserant
3195 2165 3610 2227 quoscunque
3675 2143 3795 2209 sibi
3852 2145 4172 2228 putabant
4227 2146 4368 2211 sore

2416 2228 2760 2312 appositos.
2828 2229 3127 2312 Denique
3191 2242 3326 2294 tam
3369 2232 3640 2295 confusa
3681 2230 3806 2296 fuit
3847 2229 4127 2309 licentia,
4175 2240 4253 2295 ut
4293 2232 4366 2295 in

2414 2315 2666 2465 {suriam
2734 2316 3175 2397 irrumperent
3235 2315 3533 2398 quidam,
3591 2338 3674 2380 ne
3733 2315 3813 2380 ab
3888 2316 4047 2398 ipsis
4102 2316 4368 2399 quidem

2442 2403 2586 2466 ecti.

2589 2485 2716 2550 Illa
2739 2486 2863 2550 fuit
2905 2487 3120 2566 factio,
3163 2508 3328 2569 quae
3352 2509 3553 2552 unum
3593 2486 3902 2552 ecclesiae
3935 2486 4250 2553 iudicium
4279 2492 4364 2565 ¹⁰)

2417 2572 2543 2636 sibi
2597 2572 2856 2636 obstare
2914 2573 3160 2648 videns,
3219 2594 3348 2655 quo
3394 2573 3612 2637 minus
3655 2571 3962 2636 effraenis
4005 2573 4368 2656 impunitas

2418 2657 2595 2721 vitiis
2650 2657 2952 2722 omnibus
3009 2660 3302 2741 exposita
3361 2666 3561 2735 esset,
3631 2679 3714 2722 ne
3780 2657 3936 2739 quid
3983 2658 4368 2742 disciplinae

2417 2744 2756 2809 residuum
2801 2755 3113 2821 maneret,
3163 2743 3243 2809 de
3286 2743 3958 2809 excommunicatione
4002 2743 4189 2809 nobis
4224 2765 4368 2810 cer·

2417 2840 2641 2894 tamen
2704 2829 2940 2893 movit:
2980 2832 3063 2906 ¹¹)
3112 2852 3230 2895 nec
3276 2830 3526 2895 destitit
3588 2849 3849 2894 sursum
3920 2850 3994 2894 ac
4061 2829 4366 2895 deorsum

2417 2916 2639 2980 omnia
2673 2936 2961 2993 versare,
2998 2915 3201 2981 donec
3236 2936 3480 2999 magna
3491 2915 3909 2980 contentione
3943 2915 4366 2993 obtinuimus,

2415 3011 2495 3065 ut
2516 3001 2859 3066 consilium
2882 3000 3112 3066 saltem
3137 3000 3219 3066 ab
3241 3001 3529 3067 ecclesiis
3549 3000 3913 3066 Helveticis
3938 3010 4261 3083 peterent.
4278 3003 4364 3083 ¹²)

2366 3157 2370 3172 ,
2418 3085 2595 3168 Quia
2651 3096 2867 3153 autem
2925 3109 3309 3171 responsum
3374 3101 3668 3153 vestrum
3726 3087 4053 3169 improbos
4117 3108 4234 3171 spe
4301 3098 4370 3152 ct

2419 3183 2573 3238 voto
2620 3171 2865 3250 deiecit,
2925 3173 3119 3256 paulo
3175 3175 3451 3256 quietior
3508 3172 3743 3238 deinde
3802 3181 4016 3238 status
4069 3172 4229 3238 fuit:
4274 3174 4369 3239 sic

2418 3268 2646 3325 tamen
2708 3269 2786 3323 ut
2839 3259 3077 3324 intenti
3134 3258 3409 3325 subinde
3468 3260 3549 3324 ad
3595 3279 3800 3323 novas
3844 3258 4216 3324 occasiones
4251 3281 4372 3324 ex-

2419 3367 2606 3410 cusso
2660 3344 2908 3427 pudore
2972 3346 3235 3411 vincula
3288 3346 3512 3409 omnia
3560 3344 3952 3427 abrumpere
4015 3354 4370 3409 tentarent.

2418 3431 2791 3509 Caeterum,
2839 3453 3039 3514 quum
3076 3432 3263 3497 nobis
3305 3433 3654 3496 molestum
3698 3440 3869 3495 esset
3903 3429 4163 3494 assidue
4206 3431 4372 3495 fluc-

2418 3519 2609 3595 tuari,
2671 3515 2936 3581 tandem
3001 3516 3149 3583 ausi
3211 3537 3437 3581 sumus
3499 3536 3609 3581 eos
3675 3516 4008 3591 lacessere,
4075 3525 4151 3580 ιιι
4206 3517 4372 3581 certi

2417 3603 2661 3686 aliquid
2705 3602 3146 3667 decernerent.
3216 3601 3366 3682 Qua
3408 3604 3478 3666 in
3519 3623 3589 3665 re
3621 3600 4009 3666 mirabiliter
4043 3621 4151 3666 eos
4194 3602 4370 3667 frus-

2418 3698 2631 3754 tratus
2669 3697 2767 3753 est
2796 3687 3144 3752 Dominus.
3212 3687 3381 3753 Nam
3421 3691 3491 3751 in
3536 3686 3652 3751 illa
3685 3686 4054 3769 promiscua
4088 3686 4368 3754 colluvie

2418 3775 2752 3859 suffragiis
2786 3773 3030 3839 fuimus
3067 3775 3453 3855 superiores.
3487 3777 3568 3848 ¹³)
3634 3771 3932 3855 Sequuta
3974 3782 4129 3837 sunt
4172 3773 4369 3855 paulo

2417 3871 2566 3943 post
2627 3858 2923 3925 creandis
2980 3857 3269 3944 syndicis
3323 3860 3604 3935 comitia,
3665 3857 3776 3922 ubi
3835 3859 4169 3941 inopinata
4209 3879 4369 3925 con-

2419 3948 2633 4011 versio
2701 3945 3019 4028 apparuit.
3104 3945 3236 4011 Hic
3301 3966 3456 4011 vero
3510 3943 3789 4026 improbi
3835 3943 4052 4026 palam
4119 3944 4366 4010 furere:

2416 4034 2570 4115 quia
2612 4053 2683 4096 se
2728 4030 3040 4096 videbant
3081 4032 3151 4095 in
3210 4031 3504 4096 ordinem
3550 4037 3819 4095 coactos.
3908 4028 4138 4111 Itaque
4181 4040 4368 4114 petu-

2415 4118 2631 4183 lanter
2650 4127 3002 4201 coeperunt
3020 4118 3230 4182 multa
3251 4127 3506 4182 tentare
3530 4116 3609 4180 ad
3635 4111 4154 4181 labefactandum
4178 4136 4367 4198 prae-

2416 4219 2665 4270 sentem
2726 4213 2989 4269 statum.
3100 4203 3362 4268 Nostris
3429 4223 3685 4285 semper
3749 4203 3907 4266 satis
3971 4200 4131 4280 fuit,
4191 4221 4368 4266 com·
4474 4237 4478 4242 ·

2414 4311 2676 4373 pescere
2740 4291 2881 4356 sine
2946 4288 3233 4355 tumultu
3298 4310 3525 4354 eorum
3605 4297 3893 4365 conatus,
3961 4284 4069 4351 vel
4133 4286 4370 4351 saltem

2411 4377 2730 4459 frangere.
2791 4374 2925 4441 Sed
2960 4377 3111 4458 quia
3145 4376 3416 4439 minime
3449 4373 3798 4440 obscurum
3841 4379 4001 4450 erat,
4037 4371 4184 4436 illos
4227 4373 4370 4437 sine

2412 4462 2606 4527 modo
2650 4460 2909 4526 inhiare
2953 4460 3277 4526 novandis
3323 4462 3535 4538 rebus,
3583 4466 3850 4524 senatus
3896 4460 4216 4541 optimum
4263 4478 4368 4522 re-

2413 4547 2702 4613 medium
2740 4567 2968 4613 eorum
3016 4545 3274 4613 libidini
3314 4566 3641 4629 opponere
3677 4546 3924 4609 statuit.
3994 4544 4100 4608 Ex
4147 4542 4369 4626 hospi-

2418 4707 2428 4713 .
2437 4705 2662 4715 -·0.····00>··.-—
2665 4705 2824 4714 uuuuuuuuuuu

2619 4786 2674 4846 9)
2711 4787 2809 4841 hoc
2853 4801 3003 4840 anno
3048 4787 3100 4838 is
3134 4792 3252 4841 crat
3287 4783 3548 4838 Hadriaci
3581 4783 3658 4836 du
3697 4782 3926 4837 Molard
3969 4782 4264 4837 licutenant
4302 4782 4372 4838 dc

2405 4858 2622 4928 justice,
2653 4857 2743 4909 vir
2774 4854 3100 4912 conculam.

2584 4925 2677 4991 10)
2716 4923 3058 4978 Consistorii.

2586 4994 2680 5058 11)
2717 4993 3008 5048 Bcrtclcris'
3038 5008 3211 5048 causa
3245 4992 3358 5043 iam
3381 4989 3764 5044 conciliatione
3787 4988 4022 5041 div-emta
4043 4993 4176 5053 crat,
4213 4994 4370 5042 utra-

2409 5081 2513 5140 que
2539 5069 2703 5133 parte
2733 5064 3075 5131 pro-nutante
3109 5061 3178 5114 de
3214 5060 3405 5113 laisser
3421 5058 3568 5111 caler
3601 5061 3781 5110 tontes
3798 5057 3986 5110 heines
4011 5062 4071 5109 et
4105 5057 4368 5111 inimities

2407 5151 2537 5191 sans
2574 5133 2772 5254 jamAEris
2815 5130 2924 5185 s’en
2959 5130 3229 5183 souvenir.
3302 5127 3471 5196 (Ray.
3506 5125 3582 5180 du
3620 5124 3677 5180 0.
3713 5125 3799 5179 30.
3839 5123 4007 5180 Janv.
4026 5123 4160 5178 -2.
4199 5125 4372 5181 Fcer-

2408 5206 2565 5260 1554.
2749 5215 2898 5255 enus.

2569 5203 2677 5332 >lm
2719 5271 2851 5339 Rea.
2888 5268 2965 5322 du
3004 5265 3063 5321 Ο.
3103 5263 3338 5319 14.—22.
3375 5264 3510 5319 ἄση.
3546 5261 3699 5317 1555.

2587 5339 2680 5404 13)
2713 5338 2792 5394 Ν.
2826 5335 2981 5393 2111.
3016 5335 3171 5389 2120.
