4850 6200
379 400 489 464 325

378 594 610 671 quanto
652 584 846 650 citius
903 582 1145 649 factum
1190 582 1407 661 fuerit,
1454 600 1531 647 eo
1573 583 1830 666 gratius
1874 583 2018 648 erit.
2109 580 2313 661 Scito,

373 673 454 738 mi
499 670 838 736 carissime
885 665 1160 745 Calvino,
1217 669 1272 733 si
1316 666 1576 752 aliquod
1619 666 1983 733 remedium
2027 668 2182 734 huie
2218 671 2314 734 rei

373 755 649 824 inveniri
689 755 947 839 poterit,
975 753 1042 819 id
1066 776 1130 819 m
1269 776 1306 820 o
1345 754 1494 819 usui
1530 753 1826 819 futurum
1862 752 2017 820 huic
2052 763 2314 821 nostrae

372 843 692 909 wclesiae.
781 840 954 906 Nam
1013 840 1118 906 hic
1217 839 1477 905 ominus
1530 860 1639 905 ma
1733 860 1773 904 a
1824 851 1893 905 et
1949 839 2314 905 eruditione

373 941 428 994 et
465 929 812 994 autoritate
847 934 1137 1009 praestat
1169 926 1343 1010 apud
1381 946 1610 991 omnes
1688 927 1835 991 nius
1870 924 2066 991 vallis
2101 926 2313 991 homi·

371 1037 498 1081 nes.
601 1014 919 1081 Gaeterae
979 1013 1113 1077 fere
1171 1032 1398 1077 omnes
1449 1013 1595 1076 viae
1657 1020 1945 1077 tentatae
2001 1026 2172 1092 sunt,
2238 1020 2315 1077 ut

371 1101 666 1185 superius
708 1099 969 1180 scripsi,
1027 1098 1142 1163 sed
1186 1098 1459 1164 frustra:
1520 1099 1689 1164 sicut
1730 1097 1900 1163 velle
1939 1096 2314 1181 relinquere

370 1196 617 1272 partem
677 1185 912 1249 horum
971 1184 1287 1249 bonorum
1346 1183 1800 1261 xenodochiis,
1858 1184 2316 1249 communitati

374 1284 433 1339 et
494 1269 835 1337 eiusmodi.
925 1270 1109 1353 Papa
1171 1271 1240 1334 in
1308 1269 1411 1335 his
1474 1269 1781 1334 omnibus
1847 1268 2176 1335 difficilem
2245 1290 2315 1335 se

372 1356 682 1433 ostendit,
741 1363 1197 1439 praeterquam
1253 1358 1322 1420 in
1383 1353 1752 1421 conditione
1810 1359 1891 1419 30
1947 1375 2315 1436 aureorum,

371 1446 444 1510 de
488 1464 618 1527 qua
660 1442 962 1525 superius
1006 1442 1252 1525 scripsi.
1333 1441 1464 1508 Hic
1510 1441 1748 1506 nobilis
1784 1439 2084 1506 dominus
2126 1460 2315 1524 prae-

369 1542 464 1596 ter
507 1529 671 1595 haec
694 1527 866 1594 bona
901 1528 1030 1592 alia
1052 1549 1261 1611 pauca
1296 1526 1510 1603 habet,
1557 1526 1797 1591 liberos
1820 1527 2063 1593 multos
2099 1526 2317 1607 habet,

368 1617 557 1684 fidem
601 1635 740 1680 non
784 1614 1082 1679 multam.
1173 1613 1616 1695 Quamobrem
1678 1612 1941 1679 difficile
1992 1612 2090 1677 illi
2134 1611 2314 1677 vide·

370 1712 474 1768 tur
531 1702 656 1767 hoc
709 1720 899 1785 posse
955 1699 1110 1782 pati,
1171 1711 1245 1766 ut
1293 1719 1460 1783 papa
1513 1699 1672 1765 haec
1717 1698 1939 1765 omnia
1979 1698 2149 1764 bona
2192 1697 2316 1764 sibi

370 1790 616 1871 eripiat.
695 1786 859 1851 Vide
901 1786 1110 1869 igitur
1144 1806 1402 1869 quaese,
1449 1787 1538 1850 mi
1572 1785 1842 1864 Calvino,
1886 1782 2043 1868 quid
2087 1786 2153 1849 in
2190 1783 2316 1850 hac

368 1898 434 1941 re
476 1875 689 1957 possis
733 1873 922 1937 fratri
968 1872 1323 1938 consulere.
1398 1869 1733 1954 Quidquid
1778 1869 2204 1949 consulueris,
2249 1869 2316 1935 id

367 1962 575 2026 faciet.
665 1958 817 2024 Oito
861 1957 1080 2041 igitur,
1144 1956 1354 2041 quoad
1400 1957 1542 2023 fieri
1588 1964 1830 2040 potest,
1886 1957 2110 2022 literas
2164 1965 2315 2021 tuas

367 2047 573 2112 mitte.
636 2043 788 2110 Scio
825 2044 1034 2109 multa
1078 2056 1143 2109 te
1189 2044 1430 2110 habere
1473 2044 1736 2127 negotia
1778 2064 1897 2126 pro
1938 2052 2054 2107 tua
2074 2041 2312 2119 Gallia,

367 2131 610 2198 multas
653 2130 895 2195 habere
939 2150 1129 2195 curas
1173 2141 1238 2195 et
1297 2129 1765 2195 sollicitudines
1809 2130 2157 2194 continuas
2199 2149 2317 2212 pro

368 2219 639 2285 ecclesia
693 2216 811 2283 tibi
871 2218 1249 2294 commissa,
1315 2215 1426 2280 sed
1488 2223 1554 2279 te
1607 2217 1801 2279 etiam
1856 2235 2014 2298 rogo
2070 2222 2148 2278 ιιι
2197 2233 2318 2297 pro

367 2314 626 2370 nostrae
673 2304 872 2368 etiam
912 2302 1145 2368 Italiae
1186 2301 1496 2367 beneficio
1531 2310 1792 2383 tempus
1841 2300 2090 2382 aliquot
2125 2300 2317 2365 hora-

365 2412 510 2458 rum
558 2390 881 2455 absumas.
967 2388 1046 2453 Id
1092 2389 1148 2453 si
1195 2388 1439 2463 feceris,
1486 2386 1657 2470 quod
1693 2396 1757 2450 te
1791 2387 2118 2452 facturum
2163 2406 2318 2451 con·

365 2475 651 2547 fidimus,
698 2484 767 2539 et
809 2476 995 2540 nobis
1042 2476 1154 2559 qui
1203 2486 1266 2537 te
1309 2473 1668 2557 plurimum
1716 2492 2032 2547 amamus,
2075 2484 2141 2536 et
2179 2472 2320 2538 Deo

366 2562 519 2643 Opt.
570 2562 753 2627 Max.
798 2562 902 2627 cui
947 2580 1153 2643 aeque
1210 2580 1437 2625 omnes
1482 2558 1812 2635 debemus,
1872 2558 2317 2643 gratissimum

368 2649 507 2712 crit.
601 2648 873 2713 Fratres
928 2649 1038 2730 qui
1096 2647 1202 2711 hic
1259 2658 1414 2711 sunt
1457 2654 1521 2709 te
1576 2644 1894 2722 salutant,
1960 2653 2320 2728 rogantque

363 2746 440 2797 ut
479 2748 554 2797 tu
598 2754 748 2798 cum
797 2732 1070 2797 ecclesia
1114 2732 1229 2798 tibi
1290 2732 1639 2797 commissa
1679 2749 1799 2812 pro
1843 2751 1913 2795 se
1959 2729 2319 2794 Dominum

365 2820 583 2884 Deum
629 2838 795 2883 ores.
888 2817 1087 2893 Vale,
1135 2839 1365 2901 meque
1409 2826 1482 2882 ut
1526 2815 1714 2892 soles,
1772 2835 1936 2880 ama.
2005 2816 2189 2890 milii,
2237 2835 2320 2880 ex

367 2904 562 2969 Valle
604 2905 879 2970 Tellina.
970 2903 1099 2968 Die
1140 2906 1302 2968 xxix
1349 2901 1742 2967 Novembris
1787 2902 1874 2965 M.
1916 2901 1997 2966 D.
2037 2900 2220 2966 LIV.

781 3042 960 3108 Tuae
998 3040 1392 3110 humanitati
1437 3037 1881 3106 deditissimus

1165 3128 1416 3195 Paulus
1463 3125 1706 3191 Gadius
1751 3124 2231 3192 Cremonensis.

1238 3657 1440 3728 2⁰56.

851 3811 1357 3880 HALLERUS
1406 3808 1839 3878 CALVINO.

539 3984 714 4051 Face
757 3988 986 4050 narrat
1022 3983 1174 4065 quid
1212 3986 1348 4065 ipse
1389 3989 1443 4048 et
1484 3982 1741 4066 oolleyae
1786 3982 1958 4064 apud
1999 4003 2186 4048 suam
2227 4005 2320 4048 se-

359 4079 584 4142 natum
629 4073 699 4136 in
730 4089 928 4136 caasa
955 4068 1204 4136 Calvini
1241 4074 1296 4135 et
1328 4069 1779 4135 Genevonsium
1812 4071 2042 4152 eyerint
2076 4075 2132 4135 et
2164 4070 2318 4151 quid

359 4160 442 4225 ab
507 4158 716 4225 eodem
774 4155 1160 4222 obtinuerint.
1250 4155 1380 4222 His
1429 4175 1549 4236 pro
1615 4161 1880 4235 tempore
1936 4159 2006 4219 at
2061 4158 2319 4221 contenti

359 4248 489 4312 sint
532 4249 752 4320 monet,
795 4261 1103 4324 sumque
1144 4242 1213 4305 in
1252 4240 1582 4308 Calvinum
1611 4260 1993 4323 propensum
2035 4244 2318 4307 animam

360 4331 603 4416 eyreyie
646 4334 974 4396 attestatur
987 4380 1002 4406 ,
1063 4326 1312 4394 Bolseci
1360 4332 1577 4411 partes
1630 4348 1696 4393 se
1749 4347 2077 4409 nunquam
2116 4347 2319 4394 suece-

350 4420 533 4501 pisse
592 4417 701 4484 sed
759 4415 949 4480 etiam
1006 4414 1076 4478 in
1119 4413 1390 4480 docenda
1433 4414 2001 4495 praedestinatione
2042 4414 2318 4480 modera-

359 4507 586 4570 tionem
627 4502 1086 4569 commendasse
1123 4501 1372 4581 fatetur.

361 4676 469 4743 (Ex
530 4672 869 4743 autographo
920 4672 1046 4728 cod.
1095 4671 1298 4793 Gengv.
1343 4670 1475 4806 tlu),
1523 4672 1613 4726 fol.
1666 4669 1750 4725 44.
1834 4672 2123 4737 Inscriptio
2176 4671 2317 4725 desi-

1246 4758 1340 4794 era
1366 4758 1445 4794 ur.

537 4914 610 4980 S.
659 4912 986 4994 Quoniam
1027 4911 1108 4976 ad
1145 4933 1250 4976 me
1285 4913 1593 4997 privatim
1631 4912 1966 4995 scripsisti,
2004 4918 2053 4987 1)
2099 4912 2316 4978 colen-

364 4998 633 5066 dissime
692 5019 767 5064 ac
823 4998 1159 5063 carissime
1219 4997 1450 5077 frater,
1510 5006 1577 5063 et
1613 4998 1778 5062 mihi
1813 5018 2079 5065 necesse
2119 4999 2319 5064 fuerit

362 5085 448 5151 ad
494 5085 640 5150 illas
686 5094 836 5150 tuas
881 5083 1293 5168 respondere,
1355 5084 1562 5150 visum
1611 5084 1736 5149 fuit
1779 5085 2092 5151 fratribus
2134 5085 2316 5164 meis,

363 5234 420 5243 ’-
453 5237 462 5240 Δ

361 5324 556 5380 2056.
578 5325 636 5393 1)
672 5324 808 5380 Non
842 5330 1032 5380 exuat.

1814 395 1978 475 1554
2021 391 2439 464 NOVEMB.
2456 391 2943 463 -DECEMR

4239 401 4367 464 326

2417 594 2494 650 ut
2535 582 2732 651 simul
2764 603 3018 667 quoque
3052 581 3135 648 ad
3169 604 3546 650 communes
3589 583 3739 650 illas
3767 592 4020 653 vestras
4063 586 4290 655 literas
4307 591 4381 661 ²)

2417 691 2538 754 per
2579 669 2756 735 hunc
2807 669 3122 735 nuncium
3167 669 3402 735 missas
3458 669 3937 754 responderem.
4016 671 4164 739 Hoc
4207 692 4379 739 vero

2418 774 2497 821 eo
2540 754 2852 821 libentius
2897 757 3177 838 suscepi,
3239 754 3411 838 quod
3455 754 3615 822 haec
3658 777 3763 821 res
3805 756 3970 822 mihi
4015 757 4379 825 admodum

2417 839 2600 908 cordi
2656 841 2744 907 sit
2786 851 2855 907 et
2896 840 3065 925 quod
3111 840 3191 906 de
3247 853 3362 906 tua
3420 841 3872 907 benevolentia
3926 864 4081 927 erga
4124 864 4230 909 me
4273 846 4375 911 sic

2417 935 2639 995 certus
2694 927 2816 992 sim
2862 936 2936 991 ut
2993 927 3194 994 sciam
3239 936 3305 991 te
3350 946 3512 1010 quae
3568 928 3779 994 scribo
3823 929 4066 1011 optime
4108 930 4371 996 consul·

2418 1022 2667 1078 turum.
2759 1014 3052 1096 Apparet
3110 1034 3194 1077 ex
3255 1014 3492 1078 vestris
3535 1035 3651 1079 vos
3696 1013 3849 1096 quid
3908 1014 4016 1079 hic
4053 1016 4124 1080 in
4168 1036 4385 1082 causa

2419 1099 2535 1164 illa
2557 1107 2781 1165 vestra
2824 1099 2913 1163 sit
2947 1105 3168 1165 actum
3193 1119 3324 1163 non
3368 1099 3560 1181 plene
3604 1100 3905 1165 rescisse:
3950 1101 4172 1183 itaque
4214 1122 4375 1185 ope-

2417 1205 2534 1250 rae
2577 1186 2855 1268 pretium
2892 1192 2995 1250 est
3036 1194 3113 1248 ut
3154 1204 3232 1249 ea
3274 1186 3588 1268 principio
3631 1185 3826 1250 latius
3868 1187 3983 1250 tibi
4023 1207 4377 1269 exponam-

2420 1270 2717 1356 Legatus
2771 1278 3021 1347 vester,
3080 1269 3357 1336 dilectus
3413 1271 3614 1336 frater
3663 1282 3888 1337 noster
3932 1272 4107 1338 Ioan.
4158 1273 4371 1340 Faber

2420 1357 2797 1440 importuno
2833 1356 2991 1421 satis
3025 1364 3315 1438 tempore
3352 1355 3479 1422 huc
3508 1366 3796 1421 venerat.
3867 1356 4017 1438 Quo
4056 1378 4369 1441 responso

2421 1442 2735 1507 remissus
2791 1442 2878 1507 sit
2932 1450 3228 1524 repetere
3285 1463 3415 1507 non
3461 1454 3562 1507 est
3604 1463 3785 1525 opus.
3876 1443 4013 1509 Nos
4057 1442 4229 1527 quod
4273 1443 4370 1510 illi

2420 1527 2692 1612 polliciti
2738 1548 2996 1594 eramus
3040 1539 3375 1610 praestare
3419 1538 3810 1611 satagentes,
3856 1528 4119 1594 tandem
4167 1551 4370 1612 quum

2422 1614 2610 1679 nobis
2676 1634 2929 1696 quoque
2994 1633 3177 1677 mora
3259 1614 3456 1679 nimis
3520 1613 3719 1698 longa
3783 1615 3953 1681 necti
4034 1614 4372 1681 videretur

2421 1710 2722 1765 senatum
2767 1709 3065 1764 nostrum
3111 1700 3521 1777 accessimus,
3565 1702 3901 1766 occasione
3937 1700 4197 1766 aliunde
4232 1722 4371 1766 non

2420 1783 2831 1851 incommoda
2894 1784 3063 1850 data.
3151 1785 3253 1850 Ibi
3322 1806 3439 1868 pro
3505 1787 3714 1852 officio
3780 1794 4004 1852 nostro
4070 1795 4369 1853 senatum

2421 1871 2773 1956 diligenter
2807 1870 2886 1936 de
2921 1869 3223 1936 omnibus
3244 1891 3412 1955 quae
3449 1874 3811 1938 necessaria
3832 1871 4224 1938 videbantur
4255 1872 4369 1937 ad-

2420 1958 2813 2031 monuimus,
2860 1964 3260 2039 exponentes
3304 1978 3471 2040 quae
3515 1958 3703 2024 nobis
3738 1958 4076 2025 vobiscum
4114 1980 4243 2043 pax
4282 1959 4373 2025 sit

2422 2052 2490 2108 et
2533 2042 2893 2119 concordia,
2954 2062 3147 2125 quam
3193 2064 3325 2107 non
3371 2044 3503 2109 sint
3550 2042 3805 2109 ferendi
3848 2046 3956 2127 qui
3999 2044 4182 2110 illam
4227 2055 4370 2109 tur·

2421 2131 2578 2195 bare
2620 2140 2959 2195 conentur.
3050 2128 3504 2211 Hieronymum
3546 2129 3734 2196 nobis
3778 2130 3985 2195 videri
4030 2130 4224 2196 huius
4267 2130 4371 2195 in-

2422 2213 2637 2282 cendii
2681 2216 2886 2280 facem
2932 2234 3090 2280 esse.
3180 2214 3307 2278 Illo
3352 2213 3571 2280 ablato
3615 2215 3886 2281 meliora
3930 2237 4050 2282 nos
4106 2237 4371 2300 sperare

2424 2302 2679 2366 omnia:
2758 2302 3094 2365 ministros
3162 2299 3425 2365 ditionis
3492 2307 3752 2367 nostrae
3834 2303 4152 2368 severiter
4228 2322 4372 2368 esse

2422 2384 2887 2465 cohercendos,
2947 2396 3015 2451 et
3066 2387 3451 2470 praesertim
3506 2387 3848 2453 haereseos
3905 2388 4215 2453 infamem
4259 2409 4372 2471 ap-

2423 2472 2842 2556 pellationem
2888 2492 3022 2536 non
3068 2492 3211 2537 esse
3256 2470 3620 2537 ferendam:
3681 2473 3861 2537 illam
3908 2475 4083 2538 enim
4129 2474 4374 2541 multas

2424 2558 2651 2624 turbas
2673 2558 2870 2623 etiam
2894 2558 3179 2640 antiquis
3213 2558 3615 2641 temporibus
3637 2559 3710 2623 in
3730 2559 4003 2625 ecclesia
4023 2561 4373 2642 peperisse.

2423 2645 2534 2723 Et,
2577 2652 2652 2708 ut
2696 2644 2889 2708 simul
2938 2641 3170 2720 dicam,
3229 2644 3518 2708 maximo
3563 2645 3732 2709 serio
3778 2664 3974 2709 causa
4018 2645 4178 2710 haec
4223 2654 4291 2710 et
4336 2665 4377 2710 a

2427 2731 2612 2795 nobis
2657 2729 2988 2812 proposita
3034 2736 3117 2805 et,
3164 2739 3477 2811 quantum
3526 2728 4050 2794 animadvertere
4088 2731 4290 2814 potui,
4336 2751 4381 2794 a

2425 2824 2661 2881 senatu
2685 2835 2940 2897 quoque
2984 2814 3210 2879 audita
3252 2816 3392 2879 fuit.
3461 2814 3755 2879 Tandem
3790 2815 3914 2881 hoc
3960 2816 4373 2881 conclusum:

2425 2902 2637 2983 primo
2693 2912 2770 2966 ut
2826 2900 3252 2984 Hieronymae
3307 2900 3419 2964 ille
3477 2900 3721 2965 ditione
3768 2901 4086 2966 Bernensi
4146 2900 4376 2967 cedere

2421 2986 2746 3065 iubeatur,
2791 2994 2859 3052 et
2893 2987 3032 3051 eius
3067 2987 3163 3051 rei
3200 2988 3584 3070 exsequutio
3621 2989 3944 3069 praefecto
3975 2988 4378 3053 'Bononiensi

2423 3075 2888 3142 committatur.
2921 3075 2975 3145 ⁸)
3041 3072 3300 3138 Deinde
3345 3072 3658 3139 classibus
3705 3071 4029 3139 scribatur
4072 3072 4373 3158 singulis,

2422 3161 2811 3243 praesertim
2836 3160 3195 3242 Morgiensi
3223 3162 3280 3242 ⁴)
3326 3159 3541 3245 (cuius
3577 3161 3773 3225 etiam
3818 3181 3936 3225 nos
3979 3160 4376 3243 peculiarem

2421 3247 2789 3313 feceramus
2824 3248 3242 3321 mentionem,
3288 3246 3420 3310 imo
3463 3266 3689 3310 eorum
3725 3266 3977 3329 quoque
4017 3247 4126 3328 qui
4170 3265 4252 3310 ex
4298 3264 4378 3310 ea

2422 3334 2868 3411 notabantur).
2925 3341 3002 3396 ut
3046 3332 3351 3415 deinceps
3405 3332 3649 3415 singuli
3694 3352 3917 3396 earum
3963 3331 4249 3397 ministri
4294 3331 4374 3397 ab

2422 3417 2740 3484 eiusmodi
2777 3416 3337 3483 criminationibus
3374 3417 3759 3495 abstineant,
3796 3418 3925 3482 nisi
3962 3427 4029 3482 et
4071 3418 4196 3499 ipsi
4240 3438 4374 3481 non

2420 3502 2615 3569 modo
2652 3502 2733 3568 ab
2768 3502 2978 3569 officio
3015 3503 3268 3568 turbari
3312 3500 3424 3566 sed
3472 3503 3716 3567 ditione
3751 3523 4006 3586 quoque
4048 3513 4186 3567 tota
4228 3503 4375 3567 eiici

2423 3588 2645 3654 velint.
2738 3590 2831 3654 Et
2896 3597 2967 3654 ut
3031 3586 3489 3672 indignitatem
3554 3588 3650 3652 rei
3717 3601 3781 3652 et
3847 3610 4108 3654 causam
4175 3588 4377 3653 huius

2422 3674 2615 3740 edicti
2675 3674 3123 3758 intelligerent
3180 3694 3439 3752 omnes,
3497 3673 3830 3739 decretum
3889 3681 3990 3739 est
4044 3673 4246 3738 simul
4297 3685 4377 3738 ut

2419 3760 2764 3826 literarum
2815 3768 3185 3825 vestrarum
3231 3759 3682 3842 apographum
3737 3759 3820 3824 ad
3863 3760 4160 3842 singulas
4204 3759 4374 3824 clas-

2421 3868 2527 3912 ses
2567 3849 2955 3910 mitteretur.
3023 3846 3241 3911 Erant
3274 3843 3553 3928 quidem,
3599 3854 3674 3910 ut
3715 3845 4179 3923 intelleximus,
4224 3846 4371 3930 qui·

2419 3932 2544 3998 bus
2588 3931 2930 3996 videretur
2984 3951 3268 4013 aequum
3312 3952 3453 3996 esse
3497 3942 3576 3995 ut
3633 3932 3729 3997 rei
3775 3943 4261 3996 accerserentur
4304 3941 4371 3996 et

2421 4018 2811 4084 audirentur
2850 4018 2976 4100 ipsi
3003 4037 3273 4100 quoque.
3344 4017 3475 4082 Sed
3521 4017 3644 4082 hoc
3665 4018 3984 4082 maiorum
4028 4017 4375 4083 turbarum

2419 4105 2749 4188 plerisque
2813 4104 3063 4169 occasio
3132 4106 3358 4167 futura
3422 4103 3794 4180 videbatur,
3863 4105 4248 4186 praesertim
4316 4104 4379 4168 si

2420 4191 2733 4273 utrinque
2789 4188 3391 4270 committeremini,
3458 4197 3526 4253 et
3580 4189 3849 4273 longum
3904 4210 4009 4253 res
4069 4189 4379 4253 habitura

2422 4277 2694 4341 exitum.
2764 4276 2873 4353 Et,
2919 4284 2997 4339 ut
3040 4295 3271 4340 verum
3314 4275 3538 4354 fatear,
3586 4295 3703 4339 nos
3739 4295 3991 4358 quoque
4033 4274 4375 4338 timuimus

2423 4383 2509 4427 ne
2553 4365 2607 4428 si
2653 4361 2774 4427 hoe
2817 4362 3006 4426 fieret
3059 4362 3358 4444 graviore
3403 4371 3582 4426 motu
3628 4369 4083 4426 concuteretur
4127 4367 4194 4424 et
4237 4359 4370 4424 dis-

2422 4449 2752 4531 siparetur
2794 4447 3103 4513 ecclesiae
3146 4447 3340 4510 etiam
3389 4455 3649 4511 nostrae
3692 4446 4051 4511 concordia.
4140 4446 4377 4528 Itaque

2425 4534 2635 4599 visum
2682 4545 2781 4598 est
2822 4530 3225 4615 principibus
3270 4533 3590 4614 tantisper
3632 4531 3898 4614 reliquis
3942 4531 4071 4596 reis
4106 4552 4375 4613 parcere

2422 4631 2494 4685 et
2535 4640 2765 4685 severo
2808 4618 3157 4683 interdicto
3201 4627 3267 4681 et
3308 4617 3438 4682 iam
3483 4618 3686 4683 factas
3727 4617 4214 4682 criminationes
4258 4615 4371 4680 ab·

2421 4705 2596 4771 olere
2654 4714 2720 4769 et
2773 4706 3028 4770 futuras
3073 4724 3325 4786 quoque
3378 4703 3574 4769 simul
3628 4713 3939 4769 avertere.
4030 4703 4376 4768 Postremo

2421 4790 2755 4856 decretum
2781 4799 2881 4856 est
2900 4798 2980 4854 ut
3003 4811 3080 4854 ea
3103 4789 3182 4853 de
3216 4810 3288 4854 re
3322 4792 3527 4856 vestri
3564 4810 3817 4873 quoque
3861 4789 4377 4854 admonerentur

2626 5046 2687 5184 ἓξ
2719 5044 3097 5185 ἔιιοῗίοῗὲῆιεη
3133 5116 3342 5170 demum
3378 5133 3526 5171 anno
3560 5116 3806 5186 sequenti
3832 5116 4038 5179 factam
4073 5120 4169 5181 est,
4204 5131 4385 5184 quum-

2423 5203 2492 5241 m.
2532 5185 2722 5254 Aprili
2754 5190 2938 5267 iussus
2973 5186 3054 5265 sit·
3080 5185 3336 5264 Bolsccus
3372 5188 3523 5239 intra
3558 5192 3668 5241 tres
3700 5199 3907 5238 menses
3941 5185 4111 5267 solam
4146 5190 4379 5266 vertere..

2420 5331 2471 5378 a
2504 5252 3154 5394 Awgufafiuaggcnptp·
3168 5262 3326 5310 erant
3359 5254 3667 5308 Zebedaeus
3702 5253 3770 5308 N
3766 5253 4088 5307 cadunensis
4122 5258 4381 5312 manusten-

3848 5407 3949 5461 21*
