4850 6200
486 456 609 522 807

483 642 701 712 modis
745 640 827 707 ad
861 641 1033 707 hauc
1065 635 1547 723 suscipiendam
1583 636 2048 721 profectionem
2069 640 2127 715 ’)
2162 633 2431 713 hortm,

485 739 556 796 et
620 729 874 813 copiose
939 727 1022 791 ad
1084 746 1234 791 eum
1301 724 1616 799 scribere,
1685 743 1812 787 non
1872 722 2068 787 modo
2130 718 2289 805 quid
2354 719 2435 786 de

493 817 782 882 Tus-sano
834 813 918 879 ab
972 812 1118 878 aliis
1175 807 1727 887 intellexerimus,
1785 807 1901 875 sed
1958 806 2112 893 qnid
2172 806 2295 890 ipsi
2350 827 2436 871 ex

535 910 830 968 raesente
874 897 1394 986 cognoverimus,
1439 903 1507 961 et
1550 915 1744 980 quam
1788 915 2019 980 parum
2067 895 2322 960 sincere
2364 913 2436 958 se

561 1011 596 1054 c
640 988 913 1073 gesserit
957 1007 1156 1069 quum
1203 981 1286 1049 ad
1330 1003 1448 1048 nos
1493 981 1801 1048 venisset.
1903 981 2209 1065 Denique
2267 977 2435 1043 nihil

484 1074 1112 1159 praetermittemus,
1169 1090 1295 1153 quo
1363 1069 1565 1153 possit
1635 1066 2007 1152 intelligere
2075 1085 2274 1150 quam
2349 1065 2438 1129 sit

486 1159 930 1226 necessarium
997 1165 1070 1222 ut
1130 1156 1298 1221 hanc
1363 1174 1629 1238 operam
1691 1153 1970 1220 miserae
2034 1159 2100 1217 et
2155 1149 2437 1216 afflictae

486 1245 800 1312 ecclesiae
829 1249 1132 1327 praestet.
1203 1240 1490 1306 Eramus
1516 1248 1734 1303 autem
1770 1235 1839 1302 id
1872 1239 2086 1320 ipsum
2122 1238 2266 1303 sine
2300 1235 2438 1301 ulla

485 1351 673 1397 mora
715 1329 950 1398 facturi
996 1329 1124 1394 nisi
1167 1347 1551 1410 cuperemus
1596 1326 1675 1391 D.
1721 1323 1970 1391 Calvini
2013 1323 2436 1389 autoritatem

485 1416 598 1482 hic
650 1436 904 1499 quoque
955 1414 1307 1497 interponi.
1406 1410 1544 1492 Qui
1596 1432 1819 1495 quum,
1877 1424 1949 1475 ut
2007 1410 2198 1486 nosti,
2259 1411 2437 1473 intra

488 1501 712 1568 decem
756 1500 1022 1566 omnino
1066 1498 1204 1564 dies
1241 1497 1500 1562 Bernae
1541 1497 1627 1562 sit
1668 1498 1950 1574 futurus,
1976 1499 2027 1575 ³)
2071 1495 2192 1563 boc
2228 1493 2436 1571 nobis,

488 1596 565 1653 ut
607 1607 967 1671 operamne,
1007 1606 1137 1649 non
1174 1582 1540 1667 denegabit,
1578 1592 1650 1648 ut
1683 1583 1755 1647 in
1791 1581 2010 1647 reditu
2046 1580 2439 1646 Blaurerum

681 1694 798 1738 ens
841 1671 1190 1738 conveniat
1206 1673 1265 1746 ⁴)
1324 1678 1390 1734 et
1433 1669 1513 1734 de
1565 1689 1636 1733 re
1695 1678 1832 1734 tota
1889 1669 2226 1734 nobiscum
2282 1688 2436 1734 con·

484 1761 735 1826 stituat.
824 1755 1018 1840 Quod
1059 1757 1118 1823 si
1159 1776 1307 1839 spes
1348 1755 1566 1838 aliqua
1609 1755 1857 1834 fuisset,
1916 1775 2103 1838 posse
2157 1754 2437 1820 istorum

488 1856 763 1913 conatus
828 1845 984 1909 satis
1041 1852 1297 1907 mature
1362 1842 1687 1924 occupari,
1754 1840 1924 1907 hanc
1990 1861 2236 1905 moram
2307 1860 2440 1905 non

492 1931 630 1997 inte
754 1932 1126 1996 suissemus.
1239 1925 1374 1993 Sed
1446 1925 1706 2010 quando
1775 1927 1875 1991 illi
1944 1932 2442 1992 anteverterunt

488 2038 611 2101 age
698 2016 892 2081 alvini
929 2014 1284 2081 adventum
1321 2013 1856 2097 exspectabimus,
1901 2014 2092 2078 cuius
2127 2032 2436 2095 praesen-

489 2104 653 2168 tiam
698 2114 1004 2185 putamus
1050 2100 1271 2166 omnia
1314 2120 1353 2163 a
1397 2099 1712 2165 Blaurero
1757 2100 2272 2182 impetraturam.
2363 2095 2441 2163 Si

486 2188 757 2253 interim
801 2188 898 2251 illi
941 2186 1209 2252 admissi
1242 2184 1487 2250 fuerint
1527 2206 1603 2250 eo
1663 2186 1869 2269 magis
1924 2186 2051 2250 erit
2113 2184 2442 2250 Tussanus

491 2272 935 2354 ἀναπολόγητος.

662 2358 854 2440 Quod
899 2357 981 2423 ad
1026 2379 1130 2423 res
1166 2367 1456 2422 caeteras
1493 2358 1732 2422 attinet
1767 2355 1944 2422 taciti
1984 2364 2441 2440 exspectamus

492 2468 714 2512 rerum
796 2453 1124 2510 eventum.
1248 2442 1382 2509 Det
1459 2444 1644 2509 nobis
1723 2440 2053 2508 Dominus
2133 2443 2439 2527 spiritum

487 2553 754 2616 precum
772 2584 788 2610 ,
833 2544 906 2595 ut
957 2528 1183 2596 sedulo
1246 2538 1312 2595 et
1377 2528 1682 2595 ardenter
1743 2548 1971 2613 pacem
2034 2535 2102 2594 et
2166 2530 2437 2594 istorum

489 2617 953 2685 sceleratorum
974 2618 1031 2693 ι”)
1087 2616 1608 2701 profligationem
1684 2615 2126 2697 impetremus.
2252 2613 2439 2680 Bene

490 2706 656 2781 vale,
703 2705 790 2768 mi
850 2704 1090 2787 optimc
1154 2712 1361 2785 pater,
1429 2721 1576 2766 cum
1643 2701 1883 2767 sanctis
1954 2702 2259 2767 omnibus
2324 2701 2438 2784 qui

487 2790 638 2856 istic
698 2802 869 2855 sunt.
970 2789 1295 2855 Dominus
1348 2786 1538 2852 Iesus
1590 2794 1659 2851 te
1711 2787 1881 2852 tueri
1939 2795 2008 2851 et
2063 2786 2185 2854 tibi
2226 2787 2439 2852 indies

487 2876 700 2977 magis
746 2897 820 2942 ac
866 2876 1074 2960 magis
1116 2872 1501 2940 benedicere
1544 2881 1796 2957 pergat.
1897 2874 2289 2939 Lausannae
2334 2878 2437 2937 21.

675 2984 739 3026 u.

1650 3113 1772 3178 Th.
1820 3114 1995 3180 Beza

1111 3198 1284 3264 filius
1328 3198 1447 3263 tibi
1491 3200 1561 3263 in
1606 3196 1897 3264 Domino
1941 3198 2438 3267 addictissimus.

1283 3492 1688 3505 Ἦ

1373 3730 1564 3802 2158.

929 3885 1427 3954 FARELLUS
1472 3887 1595 3953 BL
1604 3888 2001 3957 AURERO.

673 4057 1021 4123 Tus-sanum
1050 4060 1426 4143 perstrinqit
1457 4065 1603 4143 post
1642 4059 1880 4127 Ser-veti
1912 4064 2219 4146 neyooium
2247 4063 2444 4147 plane

492 4147 802 4209 mutatum
845 4149 901 4208 et
937 4144 1068 4226 fere
1110 4145 1244 4211 iam
1287 4145 1688 4228 deploratum.

496 4314 605 4437 §Ex
639 4323 866 4385 autogr·
905 4315 974 4369 bo
1011 4314 1150 4370 Bibl.
1186 4316 1386 4368 civicae
1422 4315 1527 4370 San
1621 4319 1784 4401 lensia
1812 4319 1966 4401 Μβδ.
2003 4319 2153 4403 [rom.
2176 4318 2441 4403 37..Ερρ;

497 4385 649 4508 ..¹5¹4-
933 4453 1072 4523 1...
1159 4384 1525 4577 ffwzfg
1539 4388 2445 4592 “Jommrsw

1275 4540 1383 4577 non
1418 4541 1451 4576 a
1523 4541 1590 4579 ne
1619 4565 1632 4579 .

667 4694 1245 4760 Praestantissimo
1303 4694 1578 4761 Domini
1631 4696 1787 4765 Iesu
1842 4718 2037 4765 servo
2093 4699 2445 4766 Ambrosio

497 4782 821 4847 Blaurcro
899 4779 1209 4848 ecclesiae
1285 4779 1609 4849 Bielensis
1673 4805 1869 4868 quam
1935 4784 2443 4870 vigilantissimo

496 4868 748 4950 pastori
791 4865 980 4932 fratri
1025 4881 1091 4932 et
1135 4881 1539 4953 symmystae
1581 4868 1775 4936 valde
1815 4868 2245 4938 observando.

503 5094 784 5102 -.ἡ-ῃ-
809 5095 900 5102 *—
2040 5006 2266 5074 Bielis.

703 5174 764 5295 ἓ)
802 5175 878 5299 i}-
910 5174 1066 5300 {33-
1099 5175 1283 5299 ’ωε

705 5249 767 5372 4)»
870 5285 880 5295 ’
1002 5253 1226 5379 essm.
1287 5286 1441 5369 'vaae
1481 5314 1762 5371 Rauenna
1795 5314 1876 5370 aa
1910 5315 1991 5371 ιε.
2029 5315 2207 5385 Apta

706 5378 765 5448 ὃ)
908 5381 1416 5438 edacium.

2011 442 2536 516 EPISTOLAE
2582 447 2873 509 2152--2
2893 450 3006 512 1:34

4359 449 4488 513 508

2709 628 2779 697 S.
2847 630 3043 697 Nunc
3098 631 3314 716 wcepi
3359 638 3508 699 tuas
3560 635 3838 718 scriptas
3905 639 3997 700 18.
4054 634 4283 703 Martii
4307 641 4360 710 ¹)
4417 644 4493 702 et

2537 718 2831 801 hasquas
2846 717 3110 783 remitto
3136 738 3254 802 pro
3277 718 3425 784 aliis
3447 740 3610 805 quas
3632 742 3763 786 non
3785 721 4013 788 dubito
4035 729 4102 787 te
4123 723 4483 806 scripsisse.

2536 804 2864 871 Dominus
2935 802 3125 870 Iesus
3190 814 3422 889 tangat
3499 813 3569 871 et
3632 806 3939 874 immutet
4012 828 4126 875 cor
4196 809 4482 874 Tossmi.

2536 890 2728 965 Nam,
2774 898 2851 955 ut
2896 888 3101 969 video,
3143 888 3338 956 valde
3381 891 3521 975 agit
3573 893 3897 977 improbe:
3953 893 4130 961 mala
4185 895 4489 978 sequitur

2537 976 2840 1054 consilia,
2910 974 3079 1041 bona
3143 997 3277 1041 non
3295 975 3354 1060 2)
3434 977 3636 1043 audit.
3758 980 4098 1046 Praetexit
4169 978 4382 1064 princi
4425 979 4486 1046 is

2537 1063 2947 1128 voluntatem
3004 1071 3070 1128 et
3119 1062 3456 1129 affectum:
3533 1061 3612 1130 de
3677 1087 3746 1131 se
3811 1072 3983 1132 tacet
4046 1087 4249 1149 quum
4307 1086 4379 1132 so
4404 1087 4488 1132 ns

2538 1148 2758 1214 omnia
2806 1157 2979 1234 agat.
3087 1147 3271 1214 Nihil
3339 1148 3670 1216 decretum
3735 1152 3859 1217 fuit
3921 1152 4080 1238 quin
4136 1152 4354 1218 verbis
4416 1159 4486 1217 et

2538 1234 2802 1318 scriptis
2842 1234 3170 1318 praeierit.
3274 1233 3455 1303 Retio
3499 1244 3565 1301 et
3613 1235 3855 1304 Servate
3897 1246 4031 1303 tam
4076 1235 4275 1321 favet,
4292 1238 4349 1323 ')
4407 1246 4489 1304 nt

2539 1321 2622 1387 de
2668 1319 3018 1386 Castalione
3061 1331 3130 1386 et
3171 1319 3318 1387 aliis
3372 1330 3643 1401 taceam,
3698 1321 3865 1407 quod
3922 1344 4149 1390 omnes
4205 1325 4276 1389 in
4324 1345 4487 1408 quos

2537 1414 2752 1490 potest
2806 1408 2916 1490 qui
2973 1426 3192 1472 secum
3253 1428 3389 1472 non
3443 1409 3692 1474 faciunt
3750 1411 3838 1474 sit
3901 1412 4485 1477 exterminaturus.

2540 1493 2670 1559 Fin
2720 1494 2787 1571 it,
2831 1493 2980 1578 figit
3022 1500 3088 1557 et
3125 1493 3361 1578 refigit,
3398 1502 3471 1559 ut
3504 1494 3756 1561 iudicat
3789 1495 3871 1562 ad
3915 1495 3981 1563 id
4005 1495 4178 1580 quod
4214 1500 4485 1580 parat⁴)

2539 1600 2661 1647 con
2713 1598 2920 1645 ucere.
3025 1578 3236 1643 Erant
3291 1580 3599 1645 ecclesiae
3652 1602 3791 1647 non
3844 1578 4015 1648 male
4069 1584 4484 1661 constitutae,

2539 1672 2683 1731 erat
2703 1664 2922 1748 aliqua
2945 1662 3310 1747 disciplina,
3349 1674 3418 1731 et
3452 1665 3742 1750 ablegari
3766 1668 3998 1733 merito
4035 1668 4187 1735 fecit
4217 1668 4487 1753 aliquos,

2538 1752 2607 1816 in
2654 1772 2784 1834 qua
2826 1772 2895 1815 re
2953 1750 3220 1816 consilio
3266 1762 3327 1815 et
3380 1753 3855 1837 subscriptione
3889 1755 3949 1819 ei
3992 1754 4293 1833 favimus,
4378 1755 4491 1820 uia

2541 1837 2951 1920 disciplinam
2997 1845 3062 1901 et
3098 1837 3269 1919 quod
3315 1849 3565 1903 rectum
3610 1849 3753 1905 erat
3797 1861 3925 1905 non
3972 1848 4289 1906 tenerent.

2538 1932 2691 2009 post
2736 1922 3050 1988 Servetum
3093 1935 3374 2006 captum,
3418 1924 3632 2008 coepit
3666 1926 3881 1991 moliri
3925 1927 3994 1991 in
4038 1927 4274 1993 fratres
4315 1947 4490 1992 nova

2542 2009 2829 2077 consilia.
2932 2008 3140 2075 Novis
3194 2011 3784 2090 constitutionibus,
3813 2016 3861 2090 ³)
3916 2033 4083 2097 quae
4138 2021 4359 2079 tamen
4415 2013 4490 2081 in

2542 2095 2867 2179 aliquibus
2889 2097 2940 2175 ⁶)
2989 2093 3070 2159 ab
3113 2096 3404 2162 ecclesiis
3435 2118 3600 2180 quae
3626 2097 3946 2181 incipiunt
3969 2098 4174 2182 accipi
4196 2106 4485 2183 possunt,

2541 2183 2673 2247 iam
2739 2189 3035 2264 receptas
3101 2191 3170 2245 et
3235 2182 3426 2267 longe
3493 2184 3773 2265 potiores
3839 2185 4156 2269 abrogare
4218 2184 4487 2251 studuit.

2541 2269 2814 2333 Fratres
2879 2265 3152 2332 studiosi
3226 2267 3472 2351 gloriae
3550 2268 3800 2337 Christi
3878 2279 3946 2336 et
4021 2269 4490 2338 aedificationis

2543 2354 2962 2421 ecclesiarum
3008 2354 3355 2419 Tossanum
3411 2367 3646 2439 rogant
3711 2377 3794 2421 ne
3848 2357 4119 2422 meliora
4177 2356 4491 2421 tollantur

2541 2439 2658 2506 sed
2722 2447 3088 2506 serventur.
3206 2441 3527 2507 Tassanus
3593 2442 3810 2507 verbis
3878 2443 4086 2507 multa
4147 2442 4492 2526 pollicetur

2541 2525 2867 2592 fratribus.
2969 2525 3188 2591 Multa
3230 2526 3312 2591 ad
3357 2548 3463 2592 me
3506 2528 3735 2593 scribit
3789 2527 3902 2595 sed
3962 2528 4129 2593 nihil
4179 2538 4490 2612 praestat,

2543 2614 2671 2679 nisi
2716 2611 2890 2696 quod
2935 2634 3052 2697 pro
3096 2633 3193 2690 eo,
3237 2613 3426 2679 cuius
3469 2616 3686 2697 gratia
3724 2635 4136 2697 summopere
4180 2614 4493 2699 rogabam

2543 2720 2693 2764 eum
2743 2706 2817 2763 ut
2874 2698 3110 2763 fratres
3166 2709 3430 2784 urgeret
3449 2701 3504 2777 7)
3574 2700 3645 2764 in
3703 2701 4067 2766 ministerio
4122 2701 4250 2766 nisi
4305 2702 4495 2766 iuxta

2543 2786 2817 2851 verbum
2862 2799 2936 2849 ut
2979 2806 3065 2850 ex
3103 2784 3232 2850 fide
3278 2805 3355 2850 ac
3397 2786 3567 2852 bona
3624 2787 4020 2853 conscientia
4062 2787 4153 2869 pii
4196 2796 4495 2869 pastores

2540 2871 2800 2954 plebem
2843 2880 2910 2936 et
2951 2871 3234 2937 officium
3281 2871 3588 2951 facerent,
3632 2874 3990 2956 principem
4026 2894 4286 2957 semper
4328 2871 4495 2938 mihi

2542 2956 2796 3035 obiecit,
2843 2956 2964 3023 hoc
3007 2966 3126 3035 est,
3172 2955 3345 3040 quod
3387 2979 3504 3041 per
3548 2959 3907 3044 principem
3956 2958 4216 3025 tandem
4263 2958 4493 3024 effecit.

2542 3043 2607 3109 N
2609 3064 2738 3111 unc
2782 3041 2862 3108 ad
2908 3052 2973 3108 te
3027 3044 3253 3111 scribit
3309 3046 3667 3130 principem
3729 3046 4084 3113 clementer
4142 3044 4493 3111 audivisse.

2544 3129 2722 3196 Sane
2767 3129 2848 3195 de
2892 3131 3183 3213 principe
3219 3131 3401 3213 queri
3448 3152 3577 3197 non
3621 3153 3906 3216 possum,
3953 3132 4079 3197 nisi
4123 3130 4297 3213 quod
4346 3131 4496 3196 Tos-

2540 3218 2691 3282 sam‘
2732 3216 3061 3300 lacrymas
3090 3215 3301 3300 pluris
3334 3217 3525 3284 faciat
3564 3240 3761 3301 quam
3807 3239 3924 3302 par
3959 3220 4062 3285 sit.
4131 3217 4495 3284 Prohibere

2544 3323 2675 3366 non
2734 3303 2942 3385 potuit
2998 3299 3236 3368 absens
3297 3303 3620 3370 Tossanas
3683 3306 3841 3387 quin
3900 3304 4158 3371 libellus
4214 3301 4491 3454 suplplex

2543 3388 2823 3470 principi
2860 3388 3126 3453 daretur
3161 3409 3278 3471 per
3309 3410 3696 3473 germanum
3731 3392 4271 3458 concionatorem.
4380 3409 4497 3454 am

2543 3474 2745 3539 alium
2814 3475 3185 3540 babuerunt
3261 3476 3595 3542 neminem
3659 3477 3773 3561 qui
3835 3477 4119 3544 offerret.
4237 3475 4498 3540 Verum

2544 3561 2870 3645 princeps,
2906 3561 3209 3643 quamvis
3255 3562 3562 3627 annuerit
3603 3571 3682 3628 ut
3714 3563 4116 3640 audirentur,
4160 3570 4383 3628 tamen
4426 3559 4499 3626 id

2544 3645 2824 3713 obtineri
2885 3668 3018 3712 nou
3077 3647 3293 3730 potuit
3353 3648 3735 3732 priusquam
3792 3649 4091 3716 rediisset
4151 3648 4496 3715 Tossmms.

2545 3731 2778 3800 Auditi
2812 3734 3083 3799 fuerunt
3125 3755 3259 3800 non
3304 3733 3474 3800 datis
3516 3756 3638 3801 nec
3681 3735 3972 3802 recitatis
4029 3735 4353 3818 capitibus
4393 3754 4499 3801 ao-

2544 3820 2916 3899 cusationis,
2966 3827 3222 3886 tantum
3270 3828 3344 3885 ut
3400 3822 3715 3887 memoria
3767 3831 4142 3887 tenuerunt.
4242 3819 4497 3886 Perne-

2545 3908 2731 3992 gavit
2760 3907 3078 3973 Tossanus
3100 3927 3266 3989 quae
3287 3916 3510 3973 sancte
3546 3917 3845 3973 suaserat
3865 3917 4093 3993 egerat
4126 3914 4194 3972 et
4214 3905 4497 3985 dixerat,

2545 3991 2847 4076 quodque
2922 4013 3113 4058 nemo
3200 3993 3479 4059 fratrum
3566 3994 3789 4066 nescit.
3924 3992 4155 4058 Vocati
4227 3993 4500 4058 fuerunt

2546 4080 2782 4143 fratres
2827 4077 3071 4161 plures,
3118 4092 3186 4144 et
3237 4098 3317 4143 ex
3378 4080 3620 4164 scripto
3672 4080 3940 4147 Tossani
3997 4088 4066 4145 et
4120 4079 4356 4158 verbis,
4419 4086 4501 4143 ut

2545 4351 2722 4407 21⁸8.
2760 4352 2813 4413 1)
2849 4351 3175 4421 deperditas.

2749 4419 2810 4484 2)
2848 4420 3106 4476 Bonanno
3146 4420 3199 4474 S.

2749 4488 2808 4557 3)
2843 4489 2923 4542 De
2958 4489 3200 4545 'rossano
3246 4490 3386 4543 fama
3432 4495 3580 4544 certe
3621 4489 3759 4543 falsa
3804 4491 3927 4542 evul
3997 4494 4056 4542 ta
4099 4493 4212 4555 est,
4258 4505 4355 4543 oen
4399 4487 4500 4542 ille

2543 4567 2790 4612 monstra
2834 4559 3163 4613 Servetanae
3218 4559 3504 4613 haereseos
3556 4560 3642 4613 vel
3693 4559 3831 4612 olam
3885 4575 3949 4611 ve
4021 4558 4237 4628 publice
4289 4557 4493 4613 fove-t.

2543 4626 2794 4698 Integrae
2831 4628 2975 4682 enim
3019 4629 3111 4682 ille
3157 4630 3529 4698 probataeque
3571 4627 3848 4683 doctrinae
3894 4643 4110 4697 semper
4150 4626 4258 4680 fnit
4301 4632 4359 4680 et
4400 4635 4494 4679 est

2546 4695 2731 4762 hodie,
2785 4697 3020 4766 odioque
3078 4715 3111 4750 a
3168 4697 3491 4766 quibusdam
3548 4698 3606 4751 in
3662 4696 3801 4751 hano
3862 4696 4221 4765 suspicionem
4280 4701 4495 4749 tractu

2547 4775 2632 4818 est
2666 4774 2786 4887 etc.⁴1
2833 4765 3185 4887 (Βιὲἒιονὲαά
3220 4765 3606 4821 Μανὸαοὴοῖαηι
3639 4763 3725 4818 27.
3761 4766 3902 4836 Auq.
3942 4762 4116 4832 1⁶55.)

2886 4852 2921 4887 u
2982 4843 3007 4887 t
3087 4874 3099 4886 .

2748 4839 2811 4967 ὃ)
2848 4851 2937 4957 ‘be
2971 4904 3059 4958 his
3091 4903 3233 4957 aim
3264 4919 3433 4973 neque
3467 4919 3555 4970 ap.
3582 4899 3919 4971 Goqaellinm
3943 4915 4114 4972 aeque
4146 4916 4235 4971 ap.
4263 4900 4495 4956 Kirelsh.

2546 4971 2611 5025 Π.
2652 4970 2769 5026 127.
2843 4971 3036 5027 Facile
3070 4973 3172 5028 ἑῶυ·
3201 4970 3557 5040 persuadebis
3594 4970 3874 5026 Far-ellam
3908 4972 3997 5028 hic
4026 4987 4132 5038 pro
4167 4986 4311 5025 more
4341 4971 4498 5024 ultr·

2546 5048 2740 5096 mem
2773 5041 2968 5109 efferri.
3053 5041 3187 5095 Vide
3219 5056 3299 5109 ep.
3337 5038 3561 5096 Comitis
3600 5039 3828 5108 Geor-9⁸⁶2·
3858 5040 3910 5094 d.
3948 5040 4001 5094 d.
4046 5037 4122 5092 19.
4159 5041 4211 5094 Δ
4287 5081 4301 5094 .
4338 5039 4499 5106 infra

2544 5117 2983 5179 wamcrtptum.
3031 5110 3222 5164 Altera
3255 5126 3325 5164 ex
3353 5115 3514 5177 parte
3542 5108 3872 5166 Hoecklimoe
3903 5109 4216 5178 praestanto

2540 5181 2835 5247 osv-demis
2880 5182 2892 5194 '
3006 5178 3152 5232 delcit
3183 5177 3440 5232 aiveinos
3460 5179 3744 5234 ministros
3777 5178 3979 5234 Mas
4011 5183 4273 5235 mam
4301 5177 4502 5243 fuisse.

2545 5247 2833 5314 (Salem
2922 5249 3139 5302 laureto
3172 5244 3260 5303 24.
3296 5246 3469 5309 Mai.)

2753 5317 2816 5383 6)
2851 5319 2909 5370 in
2943 5317 3215 5385 aliquibus
3250 5330 3351 5371 on.
3400 5316 3526 5371 Tur.

2752 5385 2812 5450 7)
2850 5391 3070 5454 rogaret
3116 5385 3243 5439 Ν.
