4850 6200
549 455 679 519 359

535 640 1002 719 committeret,
1063 639 1218 707 huic
1283 639 1568 708 malitiae
1622 639 1879 707 obviam
1925 640 2025 706 ire
2076 640 2297 707 visum
2360 646 2478 706 est.

541 726 782 810 Itaque
824 734 1029 792 artem
1070 725 1353 804 adhibui,
1411 734 1487 790 ut
1538 745 1728 810 quam
1794 726 2217 810 paucissimos
2272 725 2480 791 offen-

537 810 787 878 derem.
874 813 983 877 Ex
1037 810 1314 877 lectione
1381 811 1569 878 facile
1636 811 1758 878 tibi
1821 812 2068 898 patebit
2083 861 2100 888 ,
2161 818 2478 895 quantum

535 917 781 981 operae
824 898 890 962 in
936 895 1334 962 deflectenda
1375 916 1599 963 eorum
1641 897 1753 980 qui
1808 907 1963 963 sunt
2016 895 2228 964 adhuc
2284 917 2477 963 sana·

539 980 706 1048 biles
738 982 989 1049 invidia
1029 1002 1105 1049 ac
1160 982 1356 1047 etiam
1403 982 1750 1048 mollienda
1801 982 2252 1067 indignatione
2305 982 2476 1065 posi·

537 1076 689 1133 tum
732 1068 834 1133 sit.
921 1067 1272 1133 Hominem
1315 1069 1524 1150 ipsum
1560 1067 1755 1151 paulo
1797 1068 2089 1152 asperius
2130 1088 2235 1133 me
2278 1088 2473 1151 quam

588 1153 849 1220 utabam
907 1161 1222 1219 tractasse
1279 1173 1452 1218 nunc
1505 1152 1934 1236 drepehendo.
1957 1158 2011 1232 ⁴)
2131 1152 2264 1219 Sed
2321 1153 2475 1236 quia

641 1247 774 1304 tres
808 1238 1072 1323 quidam
1108 1239 1231 1305 sibi
1265 1237 1679 1305 immodicam
1720 1239 2205 1304 vehementiam
2261 1238 2473 1305 videri

533 1334 871 1409 negarunt
911 1344 1019 1389 me
1061 1322 1435 1406 persuaderi
1478 1344 1612 1390 non
1655 1345 1850 1408 aegre
1893 1344 2123 1408 passus
2156 1344 2322 1389 sum.
2392 1321 2472 1389 Si

533 1417 797 1493 tempus
863 1409 1123 1475 tulisset
1174 1417 1497 1493 optassem
1559 1408 1853 1475 libellum
1908 1418 2258 1493 antequam
2320 1407 2470 1475 ede-

535 1502 723 1561 retur
763 1495 878 1561 abs
920 1501 984 1560 te
1027 1494 1282 1560 lectum.
1355 1494 1557 1560 Forte
1599 1496 1776 1561 enim
1817 1494 2183 1562 admonitus
2225 1494 2470 1578 aliquid

535 1590 912 1646 mutassem.
1018 1577 1153 1646 Sed
1187 1586 1372 1644 tanta
1426 1581 1547 1645 fuit
1595 1581 1924 1647 festinatio
1966 1587 2043 1646 nt
2084 1580 2470 1646 dictaverim

538 1672 818 1742 tantum,
862 1664 1028 1731 alius
1061 1666 1384 1749 relegerit,
1421 1665 1574 1732 inde
1613 1666 1789 1749 prelo
1826 1688 1980 1732 mox
2013 1666 2468 1733 commiserim.

539 1749 750 1835 Spero
793 1758 1009 1816 tamen
1053 1750 1220 1815 nihil
1276 1750 1434 1830 fore,
1493 1750 1663 1835 quod
1709 1752 1825 1817 tibi
1867 1751 2056 1820 valde
2109 1751 2467 1836 displiceat.

537 1835 921 1921 Legationis
953 1856 1118 1919 quae
1158 1835 1446 1901 Bernam
1490 1837 1691 1903 missa
1753 1846 1855 1904 est
1907 1837 2176 1904 sollicite
2219 1838 2471 1903 exitum

536 1930 1012 2005 exspectamus.
1030 1924 1088 1995 ὅ)
1188 1919 1410 2003 Quum
1471 1932 1623 1989 ante
1680 1920 1819 1989 dies
1873 1944 2110 1989 novem
2166 1923 2471 1989 inchoata

535 2006 624 2071 sit
664 2007 848 2083 actio,
894 2005 1213 2071 nihildum
1267 2008 1429 2073 certi
1480 2007 1754 2074 allatum
1815 2017 1915 2075 est
1969 2008 2050 2074 de
2103 2029 2468 2093 progressu.

534 2090 723 2171 Vale,
765 2092 1000 2157 eximie
1043 2092 1145 2157 vir
1188 2101 1254 2157 et
1305 2092 1470 2158 mihi
1524 2114 1608 2159 ex
1651 2093 1867 2161 animo
1922 2093 2188 2161 colende
2245 2092 2465 2160 frater.

536 2175 771 2243 Saluta
814 2198 956 2244 meo
998 2176 1262 2243 nomine
1305 2178 1387 2244 D.
1440 2177 1846 2258 Pellicanum,
1904 2181 1986 2246 D.
2037 2178 2465 2260 Gualtherum,

531 2262 620 2328 D.
693 2262 1108 2342 Theodorum,
1173 2284 1449 2348 generos
1528 2276 1672 2331 tuos
1734 2266 1930 2330 etiam
1997 2271 2065 2331 et
2127 2263 2462 2332 familiam.

529 2344 858 2415 Dominus
887 2369 1002 2414 vos
1037 2369 1262 2414 omnes
1293 2351 1468 2415 tueri
1491 2361 1557 2416 et
1599 2371 1824 2436 regere
1866 2358 2112 2435 pergat.
2161 2348 2466 2436 Oollegae

531 2434 664 2585 ιόιὲιί
721 2434 1070 2584 1:1luri11nam
1127 2435 1635 2585 robl'is552alutem
1696 2435 1936 2504 dicunt.
2037 2435 2347 2503 Genevae
2404 2441 2463 2502 7.

660 2540 739 2585 en
789 2541 860 2586 as
940 2540 1194 2586 anuarn
1410 2572 1424 2585 .

1444 2656 1726 2723 Ioannes
1765 2655 2080 2725 Oalvinus
2122 2665 2289 2723 tuus.

699 2841 825 2908 His
877 2842 1088 2909 literis
1140 2845 1396 2928 scriptis
1449 2845 1697 2909 reversi
1751 2857 1910 2911 sunt
1962 2845 2188 2911 Berna
2237 2847 2462 2914 nuncii

523 2945 600 2992 re
653 2926 915 2994 infecta.
1030 2929 1209 3013 Ergo
1293 2949 1465 2995 nova
1537 2930 1702 2994 ratio
1778 2929 2068 2997 ineunda
2131 2932 2290 2996 erit:
2377 2930 2460 2997 ad

525 3011 714 3079 cuius
733 3011 1247 3079 moderationem
1268 3035 1387 3098 pro
1410 3013 1580 3079 virili
1617 3014 1850 3093 enitar,
1885 3035 2117 3100 meque
2138 3017 2462 3083 facturum

528 3118 717 3181 spero
769 3107 848 3164 ut
903 3101 1109 3165 nostri
1165 3097 1248 3165 ad
1304 3100 1723 3166 durissimum
1780 3101 2177 3185 postulatum
2237 3123 2308 3169 se
2363 3104 2464 3168 in-

526 3184 812 3249 flectant.
876 3183 1050 3267 Quia
1073 3193 1291 3251 tamen
1331 3205 1450 3269 pro
1479 3185 1800 3253 furciferis
1841 3195 2134 3272 satagere
2156 3197 2459 3274 pergunt,

521 3287 763 3334 ‘vereor
803 3289 890 3334 ne
932 3269 1198 3336 tandem
1238 3268 1534 3337 illudant.
1634 3268 1770 3337 Sed
1811 3273 2030 3338 omnia
2080 3281 2301 3340 tamen
2344 3295 2459 3341 ex·

525 3353 732 3437 periri
773 3355 980 3422 fixum
1024 3364 1140 3422 est.

1367 3817 1571 3892 2⁰71.

1078 3947 1536 4023 0211.leth
1579 3955 1900 4025 LASOO.

699 4119 1052 4189 Exuterie
1104 4123 1367 4209 a'Reqe
1421 4124 1714 4193 Poloniae
1768 4128 2029 4212 aecepa'e
2083 4128 2248 4196 satie
2296 4130 2460 4197 videt

523 4207 587 4273 ei
626 4208 909 4275 stimulos
947 4209 1261 4276 addendos
1279 4229 1408 4276 esse
1446 4216 1516 4276 ut
1542 4213 2456 4301 refomauonemoerioaqyre-

520 4293 756 4360 dictur.
876 4293 1191 4362 Ecclesiae
1251 4293 1837 4378 Raneofordieneis
1900 4301 2178 4368 dissidia
2239 4302 2457 4383 iprum

519 4381 906 4457 mucione,
958 4381 1233 4447 maxime
1282 4401 1425 4448 vero
1476 4381 1821 4468 Anylorum
1873 4386 2131 4452 minime
2185 4386 2455 4453 velatum

523 4464 773 4565 odium..
833 4465 1037 4531 Addit
1095 4466 1400 4550 quaedam
1456 4467 1532 4533 de
1593 4488 1790 4536 causa
1842 4471 2294 4538 matrimoniali
2332 4473 2459 4539 sibi

518 4719 815 4790 (Impressa
862 4727 1041 4777 exstat
1105 4722 1161 4775 in
1215 4724 1464 4777 Andreae
1509 4725 1704 4779 Alciati
1749 4726 1997 4795 Epistola
2048 4733 2241 4783 contra
2282 4730 2453 4784 vitam

520 4791 889 4859 monasticam,
922 4791 1008 4844 cni
1042 4790 1248 4844 accedit
1281 4791 1496 4863 Sylloge
1529 4809 1599 4863 ep
1641 4832 1654 4847 .
1691 4794 1815 4848 clar.
1852 4796 2089 4851 virorum
2122 4797 2186 4852 1..
2209 4798 2270 4852 B.
2297 4797 2451 4854 1695.

656 4857 708 4914 8.
741 4875 865 4929 pag.
899 4856 1023 4916 451.
1058 4859 1159 4930 Bp.
1195 4859 1310 4914 172.
1382 4861 1546 4932 Apud
1579 4809 1896 4933 gnyperum
1932 4864 2314 4934 desideratur.)

721 5062 782 5125 4)
819 5063 1009 5119 Nimis
1040 5081 1159 5121 sero
1194 5073 1244 5121 et
1269 5065 1487 5134 frustra
1521 5066 1846 5124 adnm.

722 5131 783 5194 5)
821 5133 896 5187 In
917 5134 1072 5190 Acti-s
1108 5134 1340 5192 Senam
1371 5136 1439 5190 de
1473 5150 1538 5191 ea
1572 5136 1722 5191 niba.
1796 5138 2037 5193 Pertinet
2069 5139 2149 5194 ad
2280 5142 2448 5195 otium

511 5198 589 5254 de
614 5199 830 5264 foedere
861 5203 1192 5258 remeando.
1250 5205 1450 5275 Manto·
1478 5211 1637 5261 erant
1658 5205 1875 5274 Bonna,
1900 5204 2103 5277 Curta,
2138 5207 2205 5263 de
2269 5199 2480 5265 Arehe'

602 5267 770 5323 Boset
801 5273 898 5339 qun·
929 5272 1075 5327 som
1104 5277 1408 5341 amnica
1441 5274 1682 5331 callebat.
1755 5273 1835 5342 Of.
1862 5274 2081 5332 Gratus
2113 5276 2193 5332 ad
2224 5276 2274 5331 7.
2304 5276 2447 5333 Non.
2542 5285 2547 5292 ‘

497 5273 682 5391 ἔξω.
723 5335 857 5393 υ...

2059 450 2583 520 EPISTOLAE
2628 453 3048 519 2070—2073

4387 450 4512 514 360

2584 638 2966 705 Clarissimo
3009 647 3079 705 et
3117 639 3396 706 eximiae
3428 634 3698 723 'pietatis
3733 637 4188 721 doctrinaeque
4230 636 4374 702 viro
4420 633 4509 701 D.

2582 724 2821 790 Ioanni
2863 745 2903 790 a
2942 725 3173 805 Lasco,
3227 724 3403 790 fideli
3459 745 3650 790 servo
3694 722 3942 790 Ohristi
3996 730 4401 807 symmystae
4443 727 4512 786 et

2680 810 2868 876 fratri
2910 810 3499 878 observandissime
3541 809 3822 875 Ioannes
3863 806 4176 875 Calvinus
4219 805 4290 874 S.
4332 807 4408 873 P.

2750 996 2853 1064 De
2896 1006 3068 1063 statu
3118 996 3427 1065 ecclesiae
3456 956 3548 1063 ‘in
3605 998 3806 1065 variis
3849 998 4153 1081 Europae
4195 994 4506 1080 partibus.

2744 1153 2965 1219 Tertio
2999 1158 3148 1236 post
3187 1152 3293 1218 die
3327 1172 3521 1236 quam
3564 1151 3729 1218 mihi
3776 1150 4002 1216 literae
4044 1158 4192 1216 tuae
4214 1150 4507 1219 redditae

2573 1240 2871 1319 fuissent,
2898 1242 2943 1316 ¹)
2985 1238 3345 1306 clarissime
3386 1239 3493 1304 vir
3534 1247 3602 1304 et
3645 1234 4014 1304 venerande
4055 1236 4276 1316 frater,
4332 1255 4506 1302 com-

2574 1323 2763 1390 mode
2815 1345 2886 1389 se
2942 1323 3050 1391 hic
3114 1325 3390 1390 nuncius
3453 1321 3711 1402 obtulit,
3791 1322 3849 1388 si
3904 1319 4093 1387 modo
4156 1322 4361 1387 otium
4422 1320 4508 1387 ad

2573 1409 2989 1476 scribendum
3043 1408 3288 1476 fuisset.
3401 1409 3611 1475 Malui
3667 1416 3886 1475 tamen
3944 1409 4116 1473 inter
4171 1408 4507 1493 angustias

2573 1494 2819 1578 aliquid
2867 1495 3156 1561 breviter
3210 1494 3512 1572 scribere,
3570 1514 3763 1578 quam
3820 1500 3896 1559 ut
3948 1513 4210 1576 prorsus
4261 1514 4508 1560 vacuus

2574 1581 2657 1646 ad
2721 1591 2788 1647 te
2851 1582 3126 1646 veniret.
3236 1578 3315 1647 Si
3378 1580 3687 1656 nuncius,
3769 1600 3963 1663 quem
4026 1580 4098 1643 in
4160 1578 4505 1645 Poloniam

2572 1666 2834 1732 mittere
2869 1666 3269 1744 decreveras,
3313 1667 3444 1732 iam
3487 1666 3815 1751 profectus
3857 1676 3978 1742 est,
4021 1663 4291 1749 gaudeo.
4367 1664 4505 1730 Nec

2574 1751 2796 1818 dubito
2839 1753 2931 1818 ita
2973 1774 3132 1831 esse,
3177 1752 3332 1836 quia
3362 1753 3495 1818 iam
3539 1752 3658 1817 tibi
3700 1751 3783 1816 ad
3818 1770 4090 1816 manum
4133 1758 4291 1815 erat.
4380 1749 4505 1816 Ut-

2572 1858 2825 1921 cunque
2866 1839 3015 1904 Rex
3071 1839 3290 1921 cupiat
3344 1838 3510 1904 bene
3563 1837 3949 1921 compositas
4003 1855 4144 1902 esse
4198 1834 4505 1902 ecclesias

2571 1929 2791 1989 tamen
2833 1944 2917 1988 ex
2960 1925 3372 1990 cunctatione
3425 1944 3577 1989 eum
3624 1923 3862 2007 frigere
3906 1929 4191 2005 apparet.
4284 1924 4503 2005 Atque

2572 2017 2650 2073 ut
2717 2009 2789 2074 in
2856 2011 3075 2074 sinum
3147 2018 3332 2074 tuum
3400 2009 3621 2074 omnia
3684 2007 4088 2074 familiariter
4152 2006 4502 2090 deponam:

2569 2114 2773 2179 quum
2816 2094 3069 2180 prolixe
3092 2093 3174 2160 ad
3217 2115 3367 2161 enm
3410 2093 3489 2160 de
3511 2093 3969 2160 reformatione
4002 2092 4425 2176 scripsissem,
4443 2094 4500 2170 ²)

2568 2177 2791 2245 literas
2823 2200 3034 2264 nuper
3075 2180 3216 2247 eius
3269 2181 3533 2245 nomine
3590 2180 3863 2263 scriptas
3915 2185 3983 2244 et
4032 2178 4237 2262 Regis
4287 2177 4502 2262 sigillo

2568 2264 2823 2331 clausas
2876 2266 3113 2349 accepi,
3132 2268 3190 2349 ⁸)
3247 2286 3328 2331 ex
3395 2266 3628 2349 quibus
3682 2265 3841 2331 satis
3908 2263 4203 2348 intelligo
4270 2282 4502 2347 parum

2569 2370 2713 2417 esse
2755 2349 2838 2417 ad
2893 2360 3144 2416 tantam
3213 2371 3352 2417 rem
3404 2352 3640 2429 animi,
3689 2350 3817 2416 nisi
3870 2350 4107 2417 acriter
4148 2358 4498 2434 pungatur,

2612 2435 2741 2501 uod
2796 2445 2863 2501 te
2920 2435 3276 2520 prudenter
3335 2436 3873 2502 animadvertisse
3945 2434 4311 2500 exhortatio
4381 2442 4500 2500 tua

2567 2457 2985 2587 demonstrat.
3083 2523 3254 2588 Mihi
3299 2522 3658 2588 humanum
3716 2523 3855 2588 eins
3911 2540 4295 2605 responsum
4357 2521 4497 2585 eius

2526 2638 2529 2639 ⁷
2564 2606 2804 2673 iterum
2847 2606 3118 2674 acuendi
3159 2609 3562 2675 occasionem
3605 2608 3799 2674 simul
3843 2615 3908 2674 et
3946 2608 4252 2674 fiduciam
4297 2608 4495 2675 dedit.

2565 2691 2671 2757 Ita
2710 2694 2975 2759 omnino
3014 2693 3152 2759 fore
3195 2715 3402 2777 spero,
3447 2703 3521 2759 ut
3544 2692 3822 2761 diversis
3863 2694 4148 2760 stimulis
4166 2695 4492 2761 incitetur.

2565 2776 2747 2843 Idem
2791 2780 2989 2844 etiam
3033 2778 3204 2864 apud
3246 2781 3489 2846 multos
3530 2800 3828 2864 proceres
3870 2780 4146 2846 tentabo.

2752 2862 3095 2964 Westphali
3179 2865 3486 2967 refutatio
3550 2863 3912 2966 excuditur,

2564 2947 3079 3122 En‘iffiffinu.
3088 2948 3849 3104 &memffltzsssssslzt
3892 2949 4265 3103 (ἐξξίιῗῗὲ
4277 3002 4293 3030 ’
4315 2972 4495 3103 αἶῗὲἓ

2563 3118 2666 3186 Ne
2687 3141 2849 3204 quos
2913 3122 3239 3188 sanabiles
3291 3123 3685 3189 offenderem
3742 3122 3961 3189 studui
4017 3123 4184 3188 mihi
4246 3131 4496 3207 tempe-

2563 3226 2728 3272 rare.
2753 3211 2809 3284 ⁴)
2865 3205 3156 3274 Gallicae
3176 3206 3483 3274 ecclesiae
3508 3211 3559 3294 ⁸)
3584 3208 3921 3276 dissidium
3944 3229 4050 3274 me
4071 3208 4498 3275 vehementer

2563 3292 2907 3378 excruciat.
2996 3290 3075 3359 Si
3107 3294 3444 3360 venissent
3484 3314 3667 3360 meae
3702 3294 3932 3361 literae
3965 3302 4120 3359 ante
4153 3295 4237 3361 D.
4280 3293 4496 3361 Seche-

2560 3376 2642 3441 lii
2704 3375 3057 3445 discessum
3121 3377 3414 3445 redditus
3477 3380 3706 3448 fuisset
3768 3379 4094 3465 placatior.
4214 3378 4495 3462 Quando

2563 3461 2802 3529 amissa
2854 3472 2957 3529 est
2996 3483 3077 3566 ea
3118 3464 3566 3566 opportunitas
3582 3516 3598 3546 ,
3655 3487 3831 3533 nunc
3858 3550 3873 3567 .
3888 3465 4033 3566 aliis
4073 3466 4496 3567 pacificandis

2560 3547 3584 3735 ἓξὲωφὲἓᾱέωῗὶιὲἓᾶαὲἓέἓ
3619 3552 4495 3723 002ἒῖῗῶῗῷἯὲῗέ

2560 3716 2962 3821 deferbuisse
3015 3720 3286 3807 gaudeo,
3339 3723 3410 3823 ⁴si
3462 3730 3684 3788 tamen
3711 3725 4143 3823 ‘contentione
4160 3808 4175 3822 ι
4197 3721 4277 3788 de
4402 3722 4498 3789 'ta

2556 3805 3572 3978 ἓῗῶᾟῃῖᾶωῗῖἰᾶᾞῗὲἷίῒι
3622 3807 3974 3960 ‘tiz-'m
3987 3945 4005 3974 ‚
4047 3806 4215 3959 33.
4236 3831 4355 3960 Ἅι
4374 3829 4497 3961 ⁰ae

2559 3975 2914 4043 ostendunt
2948 3979 3128 4045 sanis
3169 3979 3455 4046 consiliis
3489 3981 3862 4064 morigeros,
3906 3989 3972 4045 et
4012 4000 4151 4064 ego,
4193 3980 4295 4045 uti
4336 3978 4498 4049 hae-

2557 4069 2756 4128 tenus
2818 4064 3019 4147 coepi,
3081 4064 3395 4132 fovendae
3452 4066 3630 4150 pacis
3705 4074 3898 4131 autor
3960 4064 4090 4132 illis
4153 4085 4296 4132 esse
4357 4086 4496 4132 non

2559 4145 2874 4214 desinam.
2988 4148 3085 4216 Ut
3136 4152 3445 4251 profugos
3505 4151 3744 4217 fratres
3800 4158 3867 4218 et
3919 4149 4165 4222 Christi
4232 4150 4495 4220 exsules

2559 4232 2903 4318 prohibere
2968 4235 3245 4319 hospitio
3319 4257 3454 4301 non
3529 4236 3658 4301 fuit
3741 4235 4134 4308 christianae
4206 4237 4495 4322 pietatis,

2558 4329 2877 4402 quantum
2934 4327 3155 4386 tamen
3196 4320 3328 4387 odii
3392 4320 3564 4406 apud
3598 4320 4177 4388 Francfordienses
4231 4332 4457 4388 contra
4472 4358 4493 4372 ·

2558 4405 2788 4485 xerim,
2804 4406 3236 4473 amarulentis
3255 4406 3567 4491 epistolae
3589 4405 3672 4472 ad
3692 4427 3800 4473 me
3819 4408 4096 4491 scriptae
4118 4406 4421 4474 ostendit.
4433 4411 4492 4485 ⁸)

2556 4491 2878 4556 Antorem
2899 4493 3235 4559 nominare
3277 4492 3446 4558 nihil
3481 4494 3736 4573 attinet,
3772 4493 3956 4560 cuius
3977 4501 4199 4560 tamen
4240 4494 4497 4579 stylum

2553 4573 2744 4642 facile
2799 4597 3095 4661 agnosco.
3207 4578 3300 4643 Et
3368 4584 3540 4645 certe
3595 4576 3766 4663 quod
3824 4578 3906 4644 ad
3960 4579 4173 4663 ipsum
4237 4586 4495 4663 spectat

2555 4668 2844 4727 veterem
2903 4685 3094 4729 suum
3145 4663 3470 4749 hospitem
3531 4673 3630 4730 tot
3681 4663 3922 4731 aculeis
3976 4666 4299 4749 configere
4354 4685 4493 4731 non

4027 2885 4178 2931 uam
4246 2865 4496 2932 videbis

2554 4934 2736 4990 ²071.
2793 4935 3716 5060 >ffffluetinpraeoedeass

3118 5281 3436 5361 collaetatus,
3469 5282 3703 5335 mm
3733 5282 3999 5337 mentione
4034 5279 4237 5338 Stadii.
