4850 6200
313 427 431 488 785

309 609 624 697 postridie
668 618 742 675 ut
783 610 950 675 scivi
992 609 1076 674 D.
1102 607 1508 675 Balduinum
1550 607 1659 674 hic
1702 614 1892 674 aucto
1935 606 2259 690 stipendio

310 706 658 774 retentum,
717 703 784 760 et
830 693 1356 779 Heidelbergam,
1415 701 1642 759 contra
1687 713 1881 776 quam
1925 693 2255 775 putabam,

309 782 602 862 liberam,
647 781 867 846 statim
908 779 1135 846 ducem
1179 780 1592 862 Bipontimm
1635 780 1903 862 eiusque
1944 778 2259 845 cancella-

310 870 479 935 rium
540 866 668 932 adii
724 876 800 932 ut
861 866 1457 933 commendationes
1516 864 1824 931 haberem
1869 865 1951 930 ad
1997 864 2254 930 Electo-

310 976 448 1020 rem
512 953 898 1028 Palatinum,
962 953 1030 1017 in
1096 952 1530 1017 conditionem
1567 971 1731 1034 quae
1776 950 2101 1016 Baldm’no
2142 951 2256 1015 ob·

309 1041 444 1105 lata
505 1040 736 1116 fuerat,
795 1039 1050 1103 etiamsi
1108 1060 1252 1103 eam
1283 1039 1683 1121 ignorarem:
1724 1057 1882 1120 quos
1926 1035 2257 1102 redeundo

312 1148 348 1192 e
382 1127 632 1210 nuptiis
676 1124 810 1189 illie
853 1126 1064 1207 recepi
1110 1135 1176 1189 et
1220 1123 1302 1189 ad
1325 1123 1697 1189 Electorem
1741 1144 1886 1188 cum
1925 1121 2258 1187 veteribus

327 1211 791 1295 Virtevnberyioi
847 1210 1072 1287 literis,
1118 1209 1354 1291 quibus
1408 1208 1491 1274 ob
1535 1228 1798 1274 causam
1840 1209 2195 1291 praefatam
2222 1210 2258 1245 ⁴*

312 1300 406 1363 uti
453 1297 810 1389 nolueram,
856 1298 1020 1360 misi.
1089 1294 1166 1361 Si
1213 1295 1337 1360 hoe
1380 1293 1637 1359 deficiat
1680 1294 1960 1377 petenda
2004 1305 2102 1358 est
2123 1294 2255 1358 Ba-

309 1383 488 1461 silea,
534 1394 608 1448 ut
666 1381 954 1447 consiliis
1012 1390 1078 1446 et
1133 1380 1320 1446 libris
1373 1379 1642 1444 edendis
1710 1401 1818 1445 me
1873 1380 2252 1445 sustineam.

311 1468 639 1535 Putabam
663 1467 1109 1550 Ricquevillae
1151 1477 1408 1551 partem
1442 1465 1912 1549 stipendiorum
1951 1476 2016 1530 et
2058 1486 2253 1548 pecu-

311 1556 572 1619 niarum
630 1564 861 1618 mutuo
918 1555 1144 1633 (etiarn
1197 1554 1638 1618 concionatori
1696 1553 1902 1618 aulico
1968 1551 2254 1634 Georyii)

314 1641 617 1705 datarum
661 1640 966 1721 recipere.
1057 1639 1201 1703 Non
1262 1638 1474 1703 solum
1518 1658 1763 1703 vaenue
1828 1636 1947 1702 sed
1989 1657 2106 1720 spe
2151 1636 2259 1700 ab·

313 1729 517 1792 scissa
580 1726 761 1790 redii.
841 1726 988 1809 Ego
1030 1724 1239 1789 multo
1298 1725 1544 1789 maiora
1607 1743 1838 1806 passus
1902 1743 2065 1787 sum.
2171 1722 2253 1787 D.

329 1813 666 1896 Verymus
709 1813 780 1875 in
821 1813 952 1875 fine
986 1810 1164 1875 Iunii
1200 1809 1634 1875 Stukcardiae
1677 1810 1840 1873 mihi
1884 1807 2260 1873 ostenderat

312 1897 543 1963 literas
598 1897 835 1962 Frane.
902 1895 1177 1970 Οναηιίἱ,
1250 1895 1452 1979 legati
1524 1896 1816 1978 Auyusti,
1878 1894 2256 1978 Augsburgi

311 1984 599 2068 petentis
659 1984 740 2047 D.
804 1982 1183 2048 &ibaldum
1237 1982 1575 2065 Lypsiam.
1639 1982 1738 2045 De
1796 2001 1900 2045 me
1966 1980 2045 2044 ad
2108 2001 2256 2044 eum

315 2071 580 2150 scripsit
656 2069 1006 2152 Veryerius‚
1075 2068 1365 2133 sarciens
1430 2066 1604 2149 quod
1650 2068 1730 2130 de
1779 2064 2083 2130 Gribaldo
2128 2069 2263 2145 (me

315 2155 715 2225 inconsulto)
751 2152 1166 2237 subrogando
1203 2155 1431 2236 egit.‘²›
1503 2151 1636 2218 Sed
1681 2153 1916 2217 Franc.
1969 2151 2261 2216 emmiu.»-

315 2241 397 2306 ad
468 2263 571 2305 me
626 2241 890 2322 scripsit
948 2239 1232 2305 Casselis
1297 2239 1511 2304 locum
1571 2260 1703 2303 non
1770 2258 1911 2303 esse
1960 2257 2260 2313 vacuum,

315 2328 577 2392 etiamsi
621 2348 724 2390 me
765 2324 952 2390 valde
996 2327 1132 2390 suis
1166 2326 1604 2390 necessarium
1639 2322 1965 2389 scriberet.
2005 2323 2261 2388 Forsan

316 2412 587 2495 quidam
624 2434 659 2476 e
705 2413 950 2475 rabinis
994 2411 1123 2475 illis
1160 2413 1563 2493 seripserunt
1598 2431 1703 2474 me
1753 2431 1885 2475 non
1941 2430 2085 2473 esse
2129 2408 2264 2471 illie

314 2520 475 2563 suae
529 2498 797 2563 factioni
855 2498 1185 2562 idoneum:
1247 2519 1412 2577 quae
1472 2496 1553 2560 D.
1617 2495 2010 2561 Valerandus
2050 2494 2262 2558 Fran-

317 2584 644 2649 eofordiae
699 2605 908 2666 nuper
968 2581 1434 2665 suspicabatur.
1526 2582 1816 2647 Gavisus
1861 2594 2079 2645 tamen
2117 2600 2262 2643 sum

315 2670 571 2735 Caselis
615 2669 848 2734 videns
893 2670 1226 2733 ministros
1270 2668 1529 2751 scriptis
1573 2668 1705 2731 tuis
1752 2668 1848 2732 uti
1885 2664 1967 2730 ad
2010 2666 2262 2731 concio-

320 2778 440 2821 nes
499 2778 651 2821 suas
690 2754 1140 2830 instruendas,
1187 2764 1252 2817 et
1295 2766 1360 2817 te
1403 2752 1667 2836 plurimi
1725 2754 1961 2830 faeere,
2019 2753 2265 2835 ipsum-

318 2862 445 2925 que
491 2841 1134 2924 superintendentem
1176 2836 1503 2921 ὁμόψηφον.

492 2927 682 2993 Unus
737 2927 1064 2990 iuniorum
1122 2927 1491 3007 principum
1547 2925 1710 2989 fiens
1769 2923 2064 2988 narravit
2110 2921 2265 3004 quid

326 3013 786 3095 Oldcndorpius
806 3015 857 3088 ³)
895 3012 1087 3094 paulo
1131 3020 1281 3076 ante
1329 3029 1578 3076 annum
1610 3017 1839 3075 eontra
1879 3029 1986 3073 me
2021 3009 2262 3074 fecerit.

318 3100 468 3166 Non
519 3113 762 3164 temere
807 3100 1124 3182 petieram
1169 3097 1540 3164 missionem
1601 3118 1640 3161 a
1697 3095 2015 3177 Tubinga.
2106 3093 2265 3159 Cer-

319 3193 464 3251 tum
514 3187 687 3250 enim
736 3184 1052 3249 habebam
1097 3185 1560 3266 Martpurgum
1604 3181 1771 3246 mihi
1812 3191 2112 3264 apertum
2155 3201 2267 3245 ore

318 3273 599 3337 senioris
644 3270 1057 3354 Landyravii.
1129 3271 1233 3334 Ad
1277 3290 1470 3351 quem
1517 3267 1776 3349 (videns
1829 3268 2048 3332 omnia
2103 3266 2269 3330 mihi

321 3356 661 3442 praecludi
698 3357 1036 3440 'I'ubingae
1074 3365 1139 3420 et
1181 3376 1363 3438 spem
1409 3355 1695 3418 familiae
1741 3354 2075 3430 amissam)
2122 3352 2265 3416 lite·

323 3466 432 3508 ras
478 3444 675 3507 etiam
724 3440 1042 3507 secundas
1086 3443 1409 3506 miseram.
1499 3437 1897 3505 Ceciderunt
1932 3447 2154 3503 tamen
2199 3439 2268 3502 in

322 3550 562 3594 manus
614 3528 1033 3608 Oldendovpii,
1080 3528 1191 3609 qui
1236 3546 1391 3591 suae
1437 3526 1679 3609 gloriae
1723 3527 1963 3588 timens
2008 3535 2080 3588 ut
2125 3524 2269 3588 nul-

319 3615 459 3679 lum
505 3614 815 3678 haberem
854 3634 1236 3695 responsum
1282 3613 1515 3677 effecit.
1603 3611 1710 3676 Ita
1752 3611 1995 3674 factum
2033 3620 2133 3674 est
2180 3618 2265 3683 ut,

323 3722 523 3782 quum
585 3701 714 3763 iam
782 3699 987 3763 literis
1045 3720 1084 3763 a
1137 3720 1240 3762 me
1298 3697 1622 3762 Balduino
1665 3696 1880 3761 missis
1921 3716 2057 3760 non
2100 3703 2272 3760 esset

323 3786 661 3871 integrum
706 3787 1167 3868 profectionem
1195 3782 1877 3866 Montbelgardensem
1921 3781 2267 3863 suscipere,

325 3871 566 3938 falsum
611 3892 725 3954 spe
768 3880 836 3934 et
871 3870 1127 3936 scholae
1172 3880 1238 3935 et
1281 3870 1434 3934 novi
1481 3867 1649 3951 asyli
1695 3867 2000 3932 ecclesiae
2044 3867 2268 3942 (etiam

326 3979 366 4024 a
407 3957 813 4042 principibus
856 3956 1170 4021 Bambaci
1214 3976 1412 4038 prope
1456 3954 1855 4037 Tubingam)
1900 3953 2153 4018 iniecta.
2173 3955 2226 4028 ⁴)

502 4041 804 4126 Septima
855 4042 1054 4107 huius
1110 4040 1356 4106 mensis
1401 4038 1590 4104 valde
1636 4039 1935 4104 turbatus
1969 4058 2114 4102 sum
2160 4059 2271 4102 au·

327 4129 515 4196 diens
561 4150 600 4193 a
645 4129 726 4193 D.
766 4129 1062 4213 Martyre
1098 4126 1209 4209 (ab
1245 4126 1372 4192 alio
1415 4126 1761 4191 recitatum
1809 4122 2272 4207 neglexissem)

327 4218 646 4300 scriptum
705 4214 829 4278 sibi
886 4233 925 4277 a
981 4225 1066 4290 te,
1121 4213 1417 4277 auditum
1477 4233 1580 4275 me
1637 4211 1877 4276 librum
1944 4209 2134 4274 edere
2190 4208 2271 4273 de

325 4300 534 4366 libero
600 4300 890 4376 arbitrio,
937 4299 1108 4382 quod
1168 4320 1285 4364 nec
1347 4317 1639 4380 unquam
1694 4295 2035 4361 somniavi.
2138 4294 2270 4361 Hic

329 4407 448 4471 ego
497 4397 612 4462 (ne
655 4385 911 4468 longior
947 4387 1103 4464 sim)
1126 4384 1317 4449 inieci
1354 4384 1606 4466 copiam
1649 4381 1778 4447 acti
1816 4381 2015 4446 unius
2037 4379 2270 4445 Casse-

327 4471 549 4548 lensis‚
618 4480 691 4536 ut
760 4493 983 4536 nosses
1036 4491 1230 4554 quam
1295 4468 1459 4534 illud
1516 4488 1757 4533 vanum
1823 4468 1927 4543 sit,
1963 4486 2157 4549 quam
2201 4467 2270 4530 in

329 4560 474 4623 aliis
522 4556 942 4641 praepeditus
988 4557 1132 4622 sim.
1190 4554 1367 4638 Quin
1413 4554 1630 4634 etiam,
1672 4553 1730 4617 si
1754 4572 2010 4635 possem
2056 4563 2124 4616 et
2156 4572 2269 4616 va-

330 4665 492 4709 cuus
551 4664 760 4708 essem
779 4693 793 4720 ,
859 4664 986 4707 non
1054 4642 1268 4707 solum
1334 4640 1463 4706 scio
1529 4639 1882 4704 vocationis
1925 4640 2110 4714 fines,
2155 4635 2270 4702 sed

330 4730 529 4794 etiam
586 4730 760 4793 intra
813 4728 974 4807 illos,
1041 4749 1171 4792 non
1216 4749 1358 4793 esse
1401 4747 1716 4793 concursu
1761 4723 2266 4808 impediendum,

539 5001 597 5066 2)
639 5002 789 5056 Haec
833 5001 1018 5056 omnia
1064 4999 1288 5055 aliunde
1330 5001 1546 5069 iuncta.-
1591 5001 1753 5053 etiam
1795 4996 1865 5053 de
1902 4995 2185 5052 Reichtero
2220 5002 2272 5050 et

334 5069 554 5126 Granio
588 5071 731 5124 niba
761 5069 1031 5124 habmus.

539 5139 593 5205 3)
635 5140 903 5200 Ioannes,
956 5136 1128 5194 Iocus
1181 5136 1433 5190 Hambur
1468 5137 1612 5189 ensis
1663 5137 1801 5189 satis
1852 5133 2062 5198 clarus,
2119 5132 2268 5200 prof.

335 5206 705 5273 Francofurti
737 5208 812 5261 ad
851 5206 1138 5271 Viatia-um,
1211 5212 1361 5260 cetea
1444 5206 1671 5269 oloniae,
1708 5203 1938 5273 denique
1975 5201 2271 5271 Marburqi

333 5278 428 5333 uon·
460 5282 577 5333 vita
607 5276 830 5342 functus
863 5284 941 5330 est
975 5293 1024 5329 a.
1065 5221 1216 5330 1565.

538 5345 598 5412 4)
636 5346 790 5400 Haec
823 5346 924 5400 tibi
954 5343 1278 5400 extricando
1310 5343 1680 5411 relinquimus.

544 5429 766 5484 calva-i
792 5443 975 5498 opera.
1047 5427 1169 5484 Vol.
1207 5425 1338 5484 XV.

1985 422 2149 483 1555
2183 418 2639 487 SEPTEMB.

4182 438 4307 500 '786

2359 607 2477 675 sed
2534 610 2670 676 suis
2725 608 3087 693 quibusque
3135 613 3438 695 operibus
3492 616 3855 684 insistendo
3889 619 4175 689 vicissim
4220 623 4309 690 ad.

2359 696 2869 761 exstructionem
2911 697 3202 763 universi
3247 699 3706 768 adiuvandum.
3775 706 3940 771 'rota
3963 704 4308 775 cattorum

2358 780 2743 881 aula-valde
2784 780 2997 847 sobria
3038 792 3154 861 est,
3201 792 3268 850 et
3311 787 3453 851 eius
3476 789 3847 868 consiliarii,
3892 793 3961 856 in
3999 793 4307 860 steriliori

2358 866 2674 966 religione
2716 868 3008 934 saniores
3051 867 3311 950 Suevis,
3357 893 3520 957 opus
3565 884 3784 941 tamen
3820 877 4190 945 habuerunt
4225 900 4303 945 eo

2360 961 2606 1036 scripto
2661 953 3016 1019 admoneri.
3102 956 3416 1023 Felieiter
3462 959 3626 1038 vale,
3690 971 3757 1025 et
3801 962 4165 1048 longiorem
4239 973 4307 1032 et

2359 1037 2773 1104 incultiorem
2830 1040 3250 1122 scriptionem
3315 1044 3467 1110 boni
3511 1047 3794 1113 consule.
3898 1052 4304 1135 Argentinae

2362 1127 2464 1188 20.
2511 1123 2923 1208 Septembris
2976 1131 3154 1191 1555.

3530 1268 3711 1333 Tuus
3755 1290 3837 1333 ex
3882 1272 4132 1337 intimis

3468 1351 3747 1419 Carolus
3790 1356 4178 1426 Molinaeus.

3122 1642 3530 1655 -———

3232 1861 3435 1932 2300.

2684 2014 3501 2084 WHI‘PTINGHAMUS
3549 2017 3985 2092 GALVINO.

2381 2271 2394 2283 ⁴
2432 2272 2445 2284 ⁸
2543 2184 2763 2285 IJaucq
2819 2191 3059 2251 tantum
3104 2207 3224 2268 pro
3280 2192 3571 2271 tempore,
3629 2210 3818 2271 quum
3875 2194 4006 2259 iam
4064 2197 4201 2279 ‘ip-90
4242 2217 4308 2263 sc

2367 2276 2581 2336 mrum
2625 2278 2917 2354 accunyat.

2655 2443 2769 2509 (Ex
2803 2443 3139 2512 autographo
3175 2442 3306 2499 Ood.
3341 2443 3544 2498 Genu.
3587 2444 3699 2512 113,
3739 2447 3827 2500 fol.
3866 2446 4010 2515 127.)

2372 2700 2386 2714 ·
2540 2612 2979 2713 ornatissimo
3033 2614 3175 2680 viro
3238 2615 3323 2679 D.
3379 2615 3606 2681 Ioanni
3668 2618 3947 2685 Calvino
4004 2621 4308 2708 theologo

2367 2712 2811 2784 integerrimo,

3805 2790 4133 2857 Genevae.

2543 2955 2614 3023 S.
2683 2955 2875 3036 Quod
2920 2958 3229 3041 putabam
3276 2958 3397 3023 has
3454 2959 3675 3023 literas
3722 2962 3833 3024 vix
3878 2962 4070 3043 paulo
4114 2964 4310 3030 eitius

2372 3041 2454 3108 ad
2502 3050 2564 3107 te
2609 3044 2882 3126 perferri
2926 3044 3210 3127 potuisse
3252 3064 3446 3126 quam
3490 3044 3765 3128 ipsemet
3809 3046 4120 3129 adessem,
4177 3071 4310 3117 non

2372 3139 2510 3194 tam
2553 3129 2807 3211 copiose
2844 3150 3039 3213 quam
3082 3150 3187 3195 res
3230 3130 3374 3212 ipsa
3409 3131 3693 3214 postulet
3734 3139 3801 3196 et
3843 3142 3919 3197 ut
3961 3155 4081 3218 ego
4115 3157 4311 3219 cupe-

2369 3236 2513 3280 rem
2576 3215 2929 3282 conscribo,
3032 3215 3201 3280 Nam
3258 3216 3643 3281 transmissa
3713 3218 3845 3283 iam
3914 3221 4311 3305 supellectile

2370 3301 2549 3366 omni
2606 3301 2729 3383 ipsi
2783 3300 3044 3383 quantis
3096 3322 3437 3384 possumus
3482 3303 3788 3368 maximis
3842 3305 4183 3372 itineribus
4226 3306 4312 3372 ad

2372 3407 2490 3452 vos
2533 3387 3003 3451 contendimus.
3035 3391 3085 3465 ¹)
3153 3388 3256 3452 De
3298 3387 3427 3452 illis
3468 3389 3579 3470 qui
3622 3389 3921 3455 Basileae
3965 3401 4122 3456 sunt
4163 3412 4310 3474 spe-

2374 3493 2599 3537 ramus
2642 3477 2779 3536 fore
2822 3481 2899 3537 ut
2941 3485 3088 3556 post
3131 3471 3422 3536 habitum
3471 3482 3694 3538 mutuo
3738 3474 4134 3558 colloquium
4179 3497 4312 3542 una

2372 3558 2708 3623 nobiscum
2754 3567 2822 3622 et
2863 3571 2979 3623 tua
3013 3560 3374 3641 praestanti
3410 3559 3716 3624 fruantur
3750 3581 3947 3642 opera
3981 3570 4047 3626 et
4081 3562 4307 3628 divino

2370 3642 2490 3708 illo
2558 3643 2729 3726 apud
2791 3665 2905 3708 vos
2971 3642 3282 3708 beneficio
3339 3666 3468 3708 non
3533 3645 3742 3709 solum
3800 3646 4127 3729 gaudeant
4190 3647 4306 3713 sed

2372 3729 2851 3812 amplectantur
2892 3730 3087 3794 etiam
3132 3739 3198 3793 et
3239 3730 3471 3795 colant.
3493 3731 3552 3806 2)
3638 3731 3741 3795 De
3800 3730 4005 3798 literis
4049 3734 4181 3799 tuis
4227 3732 4311 3799 ad

2373 3825 2632 3880 nostros
2664 3817 2715 3897 ³)
2776 3813 2984 3897 deque
3042 3814 3305 3881 decessu
3361 3825 3584 3880 nostro
3640 3837 3714 3881 ac
3776 3819 4052 3883 caeteris
4116 3819 4312 3885 rebus

2372 3900 2770 3984 propediem,
2829 3913 2904 3966 ut
2962 3922 3170 3985 spero,
3217 3920 3452 3965 coram.
3545 3902 3623 3965 D.
3668 3903 3742 3966 de
3788 3902 4012 3968 Sancto
4046 3905 4312 3971 Andrea

2374 3997 2644 4051 strenue
2688 3996 2755 4051 et
2788 4008 3044 4052 summo
3077 4007 3223 4052 enm
3263 3988 3590 4050 communi
3627 3987 4044 4053 ecelesiarum
4089 3990 4312 4057 fructu

2375 4072 2484 4139 hic
2528 4094 2598 4138 se
2642 4074 2857 4156 gessit.
2884 4075 2940 4155 ⁴)
3025 4073 3106 4136 D.
3152 4070 3435 4135 Ioannes
3479 4094 3520 4137 a
3561 4072 3891 4154 Glaubury
3936 4075 4309 4154 honorifice,

2376 4166 2453 4223 ut
2495 4157 2705 4238 debet,
2753 4161 2847 4223 tui
2889 4159 3284 4221 mentionem
3328 4157 3496 4233 fecit,
3556 4159 3850 4240 rogitans
3894 4173 3968 4222 ut
4011 4171 4074 4223 te
4116 4181 4312 4243 quam

2377 4243 2875 4328 diligentissime
2933 4263 3051 4307 suo
3115 4241 3466 4306 salutarem
3528 4246 3787 4306 nomine
3845 4245 3954 4325 qui
4017 4248 4310 4329 negotio-

2375 4351 2527 4394 rum
2562 4328 2980 4395 multitudine
3023 4327 3390 4409 implicatus
3427 4328 3547 4392 hoe
3591 4329 3977 4410 praesertim
4021 4340 4310 4414 tempore

2376 4414 2459 4479 ad
2520 4425 2584 4479 tc
2639 4417 2918 4480 seribere
2977 4412 3355 4495 supersedit.
3458 4413 3684 4479 Nostri
3728 4435 3955 4481 omnes
4014 4425 4077 4481 te
4137 4417 4311 4482 salu-

2376 4509 2537 4578 tant,
2583 4508 2969 4566 veneranter
3012 4518 3087 4563 ac
3128 4498 3546 4564 meritissimo
3600 4501 3834 4565 colunt.
3921 4501 4104 4568 Deus
4149 4501 4304 4587 Opt.

2374 4789 2568 4846 2800.
2591 4790 2647 4854 1)
2688 4790 2880 4844 Plures
2914 4804 3039 4856 erqo
3071 4789 3240 4854 fuere.
3295 4788 3448 4842 Inter
3556 4805 3617 4841 os
3645 4790 3787 4853 forte
3828 4789 4177 4847 Goodmanus
4210 4796 4309 4864 qui

2371 4864 2499 4912 teste
2524 4858 2860 4913 Robinsonio
2895 4857 3091 4922 (Zuric
3123 4859 3299 4911 letters
3332 4857 3403 4910 11.
3440 4855 3471 4909 7
3509 4858 3565 4924 9)
3600 4863 3749 4912 circa
3784 4875 3848 4910 m.
3879 4858 3920 4910 S
3983 4866 4019 4912 t.
4056 4860 4302 4917 Franco·

2367 4927 2611 4993 fordiam
2656 4928 2887 4996 reliquit.
2960 4926 3147 4981 Etiam
3192 4927 3254 4978 in
3289 4925 3550 4978 Troublcs
3584 4926 3647 4980 of
3675 4927 3762 4979 Fr.
3809 4943 3863 4994 p.
3900 4927 3935 4979 ὃ
4005 4929 4209 4983 dicitur
4241 4947 4303 4986 eo

2371 5011 2549 5049 mense
2597 5012 2711 5049 una
2763 5012 2882 5050 cum
2936 4994 3138 5048 Knoaeo
3192 4991 3440 5047 amem
3486 4997 3555 5048 ab
3610 4995 3828 5049 ecclesia
3880 4997 4174 5065 anglicana
4226 5000 4305 5054 ad

2367 5067 2608 5132 pastoris
2639 5080 2836 5118 munus
2870 5069 3111 5118 vocatum
3144 5062 3331 5128 fuisse.

2575 5132 2635 5196 2)
2675 5131 2795 5186 Imo
2827 5138 2879 5187 ct
2918 5132 2978 5186 ho*
3022 5130 3088 5185 de
3135 5132 3363 5198 lituryia
3396 5130 3780 5198 disceptabant.
3854 5131 4094 5204 (δῆγμα,
4136 5136 4296 5191 Mem.

2371 5202 2479 5258 111.
2511 5200 2644 5322 λέ).
2668 5201 2930 5325 ἓξ32ἕιί131.
2972 5201 3015 5266 1,
3045 5216 3102 5268 p.
3139 5198 3281 5264 408.)

2572 5337 2633 5405 4)
2672 5339 2917 5393 Genevac
2949 5335 3195 5391 reducem
3231 5336 3428 5389 sistunt
3458 5333 3590 5404 Req.
3615 5332 3691 5387 du
3717 5333 3928 5392 Conseil
3961 5338 4037 5393 ad
4068 5339 4153 5395 29.
4185 5342 4313 5403 Oct.

3820 5421 3890 5476 50
