4850 6200
341 418 470 480 853

341 625 499 670 nam
564 614 635 668 et
699 601 1061 680 Genevam,
1127 603 1421 669 Bernam
1483 603 1805 686 scripsere
1868 610 2065 686 atque
2121 602 2296 668 inter

343 688 737 756 dissidentes
779 711 852 756 se
892 698 1259 772 sequestres
1294 689 1596 772 ingerere
1617 687 2056 772 postularunt.
2117 685 2297 768 Quid

344 776 440 842 eis
475 776 562 841 sit
595 796 984 860 responsum
1020 776 1252 841 nescio.
1306 774 1453 840 Hoc
1485 775 1638 856 scio,
1674 782 1930 840 nostros
1965 782 2042 839 ut
2076 774 2296 839 redin-

343 870 646 946 tegretur
688 862 976 928 amicitia
1019 860 1188 925 nihil
1232 881 1368 926 non
1411 861 1718 927 facturos.
1742 863 1770 901 ³
1884 858 2300 927 conduceret

342 950 565 1032 itaque
629 949 686 1014 si
743 948 1049 1031 protinus
1107 946 1551 1029 amplissimus
1606 954 2035 1031 magistratus
2078 953 2300 1012 vester

344 1046 413 1101 et
475 1035 619 1117 ipse
663 1034 735 1098 in
790 1034 1058 1099 brevem
1114 1031 1412 1097 libellum
1457 1032 1691 1117 lingua
1734 1032 2112 1117 germanica
2154 1040 2301 1098 acta

345 1120 677 1186 tumultus
719 1119 1051 1202 totiusque
1105 1138 1338 1184 causae
1394 1118 1571 1183 illius
1632 1118 1960 1184 infaustae
2016 1119 2299 1184 conscri-

347 1205 550 1283 beret,
598 1215 664 1270 et
707 1208 873 1272 citra
905 1226 1156 1269 moram
1203 1204 1335 1270 huc
1377 1207 1689 1271 mitteret.
1704 1206 1762 1282 ⁴)
1844 1203 2033 1272 Scias
2077 1214 2299 1269 autem

345 1293 741 1358 brevitatem
784 1291 1026 1356 nostris
1070 1310 1213 1356 esse
1249 1292 1709 1374 gratissimam.
1768 1290 1914 1374 Ego
1949 1311 2104 1355 vero
2139 1289 2303 1356 haec

347 1379 470 1444 tibi
505 1390 818 1459 tanquam
854 1377 1088 1442 intimo
1110 1396 1258 1441 meo
1280 1378 1487 1443 amice
1511 1380 1564 1451 ⁸)
1597 1397 1897 1461 suggere,
1933 1385 2003 1441 et
2035 1375 2302 1458 quidem

345 1488 432 1531 ex
477 1465 727 1531 nullius
772 1462 1044 1528 alterius
1083 1462 1416 1528 instinctu.
1495 1461 1573 1530 Si
1615 1483 1774 1527 vero
1831 1462 2176 1527 consilium
2220 1461 2302 1526 il·

346 1550 464 1616 lud
508 1572 733 1615 meum
777 1560 1217 1633 opportunum
1271 1549 1473 1613 fuerit
1514 1549 1754 1627 visum,
1806 1548 1993 1614 effice
2037 1558 2111 1612 ut
2154 1547 2302 1613 abs-

349 1659 479 1721 que
521 1657 709 1701 mora
730 1636 1040 1700 sortiatur
1074 1636 1401 1713 effectum,
1445 1636 1542 1700 ita
1583 1644 1806 1699 tamen
1853 1642 1927 1699 ut
1971 1633 2155 1698 nulla
2197 1655 2307 1717 pe-

347 1725 533 1789 nitus
577 1723 703 1787 mei
748 1723 866 1786 fiat
907 1721 1177 1785 mentio.
1275 1721 1490 1785 Deum
1537 1730 1761 1797 testor,
1808 1741 1913 1785 me
1956 1719 2304 1785 incolumi-

345 1819 551 1873 tatem
595 1806 910 1875 ecclesiae
954 1816 1021 1870 et
1063 1827 1292 1872 veram
1337 1826 1567 1890 pacem
1609 1806 2003 1889 reipublicae
2050 1816 2306 1871 vestrae

347 1908 648 1979 spectare
694 1902 760 1958 et
813 1914 1050 1976 cupere
1100 1902 1486 1977 promotam.
1568 1891 1968 1974 Quanquam
2028 1912 2185 1958 vero
2229 1900 2304 1956 tu

347 1982 636 2065 plurima
691 1980 1027 2061 scripseris
1083 1999 1249 2062 quae
1290 1978 1421 2045 huc
1464 1979 1767 2061 inprimis
1811 1978 2075 2058 faciunt,
2120 1977 2304 2042 nullo

347 2080 574 2132 tamen
618 2087 767 2132 cum
812 2067 1034 2130 fructu
1055 2065 1375 2148 singulari
1420 2065 1525 2129 vel
1574 2086 1613 2129 a
1657 2072 1722 2129 te
1766 2064 1872 2129 vel
1920 2086 1961 2130 a
2002 2086 2109 2130 me
2154 2085 2303 2147 pro-

346 2163 696 2237 ponentur.
784 2151 1106 2234 Suspecta
1150 2160 1347 2215 erunt
1390 2151 1614 2216 multis
1658 2149 1954 2234 plurima.

525 2238 746 2304 Causa
798 2238 1150 2302 iuramenti
1206 2235 1456 2301 iamdiu
1499 2257 1604 2301 me
1647 2237 1839 2302 torsit
1881 2246 1952 2300 et
1993 2236 2303 2301 maximis

345 2325 888 2408 gravissimisque
960 2320 1291 2388 laboribus
1357 2344 1463 2388 me
1528 2322 1868 2405 implicuit.
1895 2325 1952 2400 ⁶)
2053 2321 2300 2404 Scripsi

345 2410 915 2494 frequentissimas
961 2410 1269 2486 Bernam,
1317 2409 1644 2474 Basileam
1690 2419 1757 2473 et
1779 2408 2301 2487 Schaffhusium,

342 2497 624 2562 hortans
671 2506 746 2559 ut
783 2516 911 2560 non
938 2496 1266 2577 patiantur
1311 2494 1646 2576 profanari
1688 2495 2010 2561 sinceram
2047 2495 2302 2577 religio-

344 2604 504 2648 nem
540 2598 836 2646 nostram
871 2592 939 2646 et
981 2580 1384 2646 adorandum
1412 2579 1539 2645 Dei
1582 2601 1838 2645 nomen.
1903 2581 1997 2644 Et
2040 2580 2302 2663 quidem

343 2669 578 2734 fideles
647 2669 885 2750 ubique
949 2667 1288 2733 ministros
1355 2665 1590 2749 reperi,
1656 2665 1775 2731 sed
1835 2666 1905 2730 in
1971 2665 2304 2748 republica

343 2766 496 2839 post
553 2755 869 2835 inclytam
927 2754 1214 2819 Bernam
1274 2773 1516 2837 paucos
1569 2752 1866 2835 intelligo
1925 2751 2140 2829 fortes,
2188 2760 2303 2817 aut

344 2850 527 2907 certe
578 2844 683 2921 qui
745 2838 868 2904 hoc
923 2841 1258 2922 negotium
1315 2840 1408 2903 ita
1464 2846 1538 2903 ut
1583 2836 1853 2904 decebat
1893 2837 2299 2919 expendunt.

341 2928 649 3010 Fingunt
707 2925 799 2989 illi
858 2924 1135 2991 subinde
1204 2925 1420 2990 Deum
1487 2946 1622 2988 non
1685 2922 1947 3003 offendi,
1992 2924 2050 2988 si
2093 2922 2304 2989 forma

272 3065 286 3079 .
341 3022 605 3078 tantum
655 3022 921 3094 praeeat
964 3011 1223 3094 vulgari
1265 3010 1377 3094 qui
1420 3011 1864 3075 iuramentum
1913 3009 2147 3092 accipit
2188 3018 2304 3075 aut

343 3101 652 3183 concipit,
705 3098 815 3182 qui
874 3107 1165 3182 praestat
1219 3107 1440 3164 autem
1491 3117 1625 3162 non
1682 3103 1998 3180 sequatur
2042 3106 2302 3163 sanctos

339 3188 476 3253 Dei
533 3183 1008 3268 coniungendo.
1099 3185 1245 3268 Ego
1303 3202 1458 3248 vero
1512 3183 1779 3246 omnino
1823 3183 2165 3264 scripturis
2200 3184 2301 3248 in-

341 3280 642 3340 structus
698 3270 1023 3338 contendo
1079 3271 1380 3336 illicitum
1424 3289 1567 3334 esse
1611 3289 1689 3332 ea
1729 3269 1803 3333 in
1844 3269 2089 3333 nostris
2132 3278 2299 3334 tem·

340 3359 476 3444 plis
541 3359 751 3423 forma
815 3358 1071 3440 praeire
1137 3376 1305 3440 quae
1368 3363 1595 3438 aperte
1657 3374 1809 3419 cum
1858 3353 1991 3419 Deo
2034 3361 2102 3419 et
2143 3376 2301 3420 vera

340 3444 668 3528 religione
725 3449 1143 3527 compugnat.
1230 3441 1292 3506 N
1298 3461 1370 3506 ec
1425 3440 1618 3506 aliter
1674 3441 1969 3506 sentiunt
2013 3441 2301 3507 ministri

339 3539 413 3597 et
456 3530 584 3596 viri
629 3529 780 3595 boni
824 3551 1069 3595 omnes.
1159 3528 1361 3593 Multi
1403 3528 1670 3592 interim
1712 3527 2143 3592 inveniuntur
2185 3528 2300 3610 qui

340 3625 413 3684 et
464 3618 591 3700 ipsi
651 3630 884 3682 contra
941 3616 1216 3679 verbum
1285 3614 1404 3678 Dei
1466 3614 1631 3676 nihil
1669 3613 1884 3677 moliri
1928 3613 2159 3678 volunt
2202 3615 2297 3678 vi-

339 3703 505 3782 deri,
560 3703 824 3767 interim
873 3724 1003 3765 non
1045 3702 1346 3766 illicitum
1392 3699 1555 3763 illud
1600 3712 1854 3782 putant,
1897 3718 1963 3763 et
2004 3699 2151 3764 ideo
2195 3720 2297 3765 so-

339 3790 465 3857 ciis
499 3787 983 3856 concedendum
1040 3787 1250 3851 modis
1292 3786 1593 3851 omnibus
1637 3785 2063 3851 contendunt.
2131 3785 2301 3851 Gra-

341 3877 451 3944 vis
486 3882 590 3940 est
631 3894 787 3958 ergo
831 3874 1180 3938 contentio.
1249 3872 1387 3937 Nec
1431 3869 1657 3936 dubito
1693 3873 1855 3953 quin
1899 3871 2142 3936 nostris
2187 3892 2300 3936 au-

340 3969 524 4027 tores
567 3961 776 4025 simus
832 3968 900 4024 et
956 3959 1324 4024 hortatores
1370 3956 1601 4022 necubi
1659 3958 2012 4041 profanent
2060 3978 2300 4022 nomen

342 4046 476 4112 Dei
522 4046 751 4121 nostri,
796 4045 1038 4111 nedum
1073 4045 1138 4108 in
1187 4064 1258 4107 re
1303 4051 1437 4107 tam
1485 4055 1708 4127 aperte
1751 4062 1900 4107 cum
1944 4043 2145 4108 verbo
2169 4041 2300 4109 Dei

342 4142 683 4219 pugnante
738 4141 856 4196 etc.
957 4130 1283 4196 Audimus
1340 4128 1530 4193 modo
1584 4130 1655 4192 in
1701 4129 1982 4194 comitiis
2039 4128 2299 4195 Baden·

344 4221 530 4284 sibus
585 4220 654 4282 in
714 4215 892 4281 aliud
947 4227 1206 4300 tempus
1261 4236 1404 4279 esse
1440 4235 1706 4280 causam
1749 4213 1933 4279 illam
1969 4215 2299 4294 reiectam,

346 4305 518 4388 quod
564 4303 880 4367 acerrime
938 4303 1246 4385 utrinque
1304 4300 1706 4366 certantibus
1760 4301 2108 4367 convenire
2163 4321 2298 4364 non

345 4393 649 4475 potuerit.
736 4388 1099 4454 Dominum
1155 4408 1269 4452 oro
1335 4397 1411 4451 ut
1475 4407 1553 4451 ea
1595 4406 1762 4468 quae
1819 4387 2082 4468 pietatis
2145 4396 2302 4451 sunt

342 4478 663 4541 faciamus
732 4495 1006 4557 semper,
1078 4475 1346 4557 ipseque
1412 4472 1533 4537 hoc
1599 4471 1946 4537 dissidium
2015 4472 2301 4557 benigne

344 4568 713 4647 componat.

555 4732 614 4796 3)
657 4732 732 4786 D.
769 4731 817 4785 ’1.
856 4730 1001 4786 Nou.
1040 4730 1349 4785 Beruenses
1389 4735 1660 4798 roqmnt
1697 4729 2034 4784 Genevenses
2066 4736 2129 4786 ut
2161 4730 2301 4800 loya-

344 4810 429 4857 1os
453 4803 720 4856 mitterent
739 4818 877 4871 pour
894 4801 1089 4853 traiter
1106 4802 1247 4853 dela
1264 4798 1743 4880 combourgeoisie.
1777 4798 1944 4869 (Rey.
1964 4798 2017 4854 d.
2043 4799 2299 4864 conscit.)

555 4870 615 4993 ἐ)
656 4871 749 4952 4η
782 4870 846 4924 id
876 4869 1084 4936 factum
1123 4871 1198 4922 sit
1229 4883 1514 4923 nescunus.

678 4957 695 4992 ι
733 4977 745 4990 .

557 4941 616 5074 63
648 4954 844 5063 baasa
879 5007 1010 5061 haec
1044 5007 1105 5061 s'n
1139 5003 1389 5061 comitiis
1424 5004 1777 5060 Badera-sibus
1808 5006 1909 5060 sub
1942 5004 2103 5071 finem
2145 5004 2303 5060 Octo·

347 5081 465 5135 bris
498 5078 599 5133 hoc
629 5082 795 5152 pacto
829 5092 943 5132 οοηι
986 5075 1275 5196 estimavit
1307 5080 1370 5128 ut
1402 5079 1600 5128 mtra
1641 5074 1882 5138 formula
1925 5075 2179 5129 adhiberi
2211 5074 2300 5129 do-

346 5150 541 5204 buerit.
612 5147 797 5210 (Hess,
834 5145 927 5198 Bu
1018 5144 1086 5198 11.
1176 5142 1251 5212 7.)
1293 5171 1353 5182 —
1391 5143 1521 5214 Ipse
1540 5143 1894 5213 Bullinqerus
1927 5143 2017 5198 hic
2051 5143 2130 5197 ad
2156 5159 2301 5198 mar·

399 5220 408 5230 '
544 5236 559 5267 .-
607 5216 936 5270 Coniunctae
971 5213 1146 5267 adhuc
1181 5217 1414 5282 quatuor
1447 5213 1610 5266 urbes
1646 5218 1878 5282 egerunt
1912 5212 2052 5265 hanc
2086 5228 2301 5266 eausam

347 5303 412 5409 ric
445 5286 794 5407 pffitularunt
827 5283 1524 5422 nnmaeeggiiiffiegiffl
1541 5281 1644 5336 sibi
1678 5283 1779 5336 sub
1813 5282 2179 5336 obtestatione
2215 5297 2300 5336 so·

391 5373 455 5408 us
548 5371 662 5407 vim
697 5370 932 5408 nominis
1033 5371 1068 5406 n
1529 5390 1545 5406 .

2041 415 2205 479 1555
2247 410 2666 481 NOVEMB.

4228 422 4363 486 854

2593 601 2992 685 mehazeae
3067 604 3202 670 iam
3266 611 3579 688 quartum
3642 611 3872 672 eontra
3931 627 4053 673 nos
4115 607 4359 675 librum

2603 689 2715 755 vit.
2738 692 2795 772 ⁷)
2884 690 3190 756 Habetur
3243 691 3624 758 monoculus
3685 693 3861 758 inter
3924 711 4152 759 caecos
4216 715 4358 760 rex.

2401 773 2695 841 Ultimus
2757 776 2831 841 in
2886 784 2954 841 te
3011 777 3296 842 maxime
3350 776 3792 862 expugnando
3835 778 4102 846 laborat.
4192 780 4361 846 Pro-

2401 860 2559 926 inde
2603 883 2735 927 non
2781 860 3080 945 displicet
3123 860 3287 927 mihi
3331 868 3524 928 tuum
3567 864 3915 930 consilium
3959 872 4037 930 ut
4076 864 4175 931 illi
4218 886 4358 931 res-

2402 944 2694 1031 pondeas
2756 947 3069 1026 modeste,
3135 968 3401 1015 causam
3466 969 3643 1033 agas,
3707 971 4056 1033 personam
4110 952 4250 1017 eius
4292 958 4360 1018 et

2401 1031 2888 1099 immodestiam
2932 1035 3219 1100 hominis
3265 1045 3579 1100 transeas.
3605 1038 3658 1110 ⁸)
3746 1034 3969 1103 Statui
4015 1045 4082 1101 et
4123 1057 4265 1122 ego,
4300 1037 4359 1103 si

2403 1120 2731 1185 Dominus
2784 1120 2993 1184 vitam
3048 1122 3458 1200 concesserit,
3504 1118 3589 1185 ad
3633 1142 3672 1186 a
3801 1133 4026 1187 menta
4064 1123 4359 1205 ipsorum

2403 1204 2973 1288 querimoniasque
3033 1207 3413 1290 praecipuas
3467 1226 3702 1290 respon
3750 1227 3888 1273 ere:
3933 1230 4112 1275 nunc
4156 1231 4359 1292 quum

2403 1300 2756 1375 occupatus
2798 1292 2925 1356 sim
2968 1291 3182 1376 opella
3224 1313 3357 1376 qua
3398 1292 3707 1359 brevibus
3760 1294 4103 1376 potissima
4159 1315 4359 1361 verae

2406 1376 2741 1442 doctrinae
2784 1379 3000 1460 capita
3042 1398 3318 1461 expono,
3341 1380 3397 1453 ⁹)
3441 1378 3541 1444 ita
3581 1380 3811 1445 multis
3852 1379 4166 1446 stati-ibus
4207 1401 4358 1465 pos-

2405 1461 2770 1529 tulantibus
2826 1472 2896 1528 et
2945 1485 3052 1529 me
3110 1463 3519 1548 urgentibus,
3572 1484 3846 1548 eamque
3903 1466 4077 1531 inter
4120 1487 4360 1550 paucos

2407 1547 2547 1615 dies
2588 1549 2659 1615 in
2705 1548 3043 1632 publicum
3075 1550 3408 1615 exituram
3431 1572 3463 1616 s
3511 1570 3641 1630 erc,
3666 1572 3950 1634 eousque
3992 1572 4189 1635 cogor
4231 1551 4358 1618 dif-

2407 1635 2582 1700 ferre
2620 1656 2845 1700 meum
2867 1636 3268 1701 institutum:
3304 1633 3453 1701 dein
3501 1657 3539 1702 e
3573 1644 3953 1702 convertam
3995 1658 4102 1703 me
4145 1646 4359 1703 totum

2408 1721 2493 1786 ad
2549 1721 2740 1785 illum
2799 1721 3108 1803 laborem,
3131 1724 3218 1793 ¹⁰)
3286 1722 3418 1787 nisi
3458 1720 3746 1788 Domino
3793 1722 3968 1789 aliud
4012 1723 4214 1788 fuerit
4256 1725 4358 1789 vi-

2407 1828 2557 1872 sum
2624 1816 2692 1872 et
2753 1809 3016 1892 negotia
3073 1807 3385 1873 ecclesiae
3449 1817 3715 1874 nostrae
3758 1809 3885 1874 alio
3927 1830 4034 1874 me
4078 1810 4356 1892 rapiant.

2408 1893 2702 1958 Emersit
2746 1904 2814 1957 et
2853 1893 3023 1959 alius
3069 1892 3336 1976 quidam
3381 1892 3787 1979 sartaginum
3846 1894 4072 1974 fartor,
4135 1905 4360 1980 pastor

2406 1979 2790 2044 Bremensis
2810 1978 3095 2046 Ioannes
3123 1980 3495 2057 Timauum,
3531 1980 3639 2047 cui
3673 1980 3937 2047 cordate
3974 1989 4042 2045 et
4075 1981 4362 2063 pruden-

2408 2075 2511 2130 ter
2558 2064 2895 2150 respondit
2939 2073 3164 2131 noster
3198 2065 3310 2130 ille
3342 2065 3630 2131 Ioannes
3663 2087 3707 2131 a
3751 2066 3972 2132 Lasso.
4004 2071 4090 2145 1¹)
4159 2066 4364 2133 Liber

2406 2152 2767 2235 impressus
2801 2160 2900 2216 est
2945 2160 3015 2217 et
3054 2152 3224 2216 forte
3258 2171 3439 2217 nunc
3472 2149 3558 2217 ad
3598 2158 3666 2216 te
3701 2151 3990 2234 perlatus
4024 2161 4091 2218 et
4135 2153 4360 2220 lectus.

2406 2237 2645 2319 Inepta
2686 2237 2947 2320 quidem
2994 2238 3239 2320 scripta
3281 2236 3416 2303 vidi
3437 2236 3742 2321 plurima,
3789 2237 3905 2303 sed
3947 2238 4204 2305 nullum
4248 2239 4362 2304 ad-

2406 2323 2537 2390 huc
2579 2323 2694 2388 illo
2738 2324 3045 2407 ineptius.
3129 2322 3351 2389 Unum
3398 2333 3463 2387 te
3506 2344 3638 2402 erc,
3682 2326 3776 2389 mi
3825 2323 4084 2390 domine
4128 2335 4198 2389 et
4231 2327 4364 2390 fra-

2406 2418 2526 2487 ter,
2586 2418 2662 2473 ut
2705 2411 2762 2475 si
2830 2408 3224 2492 respondere
3290 2411 3659 2493 perrexeris
3718 2409 4068 2493 Westphalo
4113 2433 4191 2476 ea
4232 2431 4365 2497 qua

2406 2496 2548 2560 fieri
2594 2504 2810 2579 potest
2853 2495 3358 2561 mansuetudine
3401 2496 3631 2563 utaris.

2578 2581 2725 2646 Iam
2768 2580 2937 2663 quod
2974 2601 3364 2647 consensum
3408 2581 3595 2645 illum
3639 2581 3894 2659 attinet,
3941 2580 4021 2648 de
4066 2603 4193 2665 quo
4228 2581 4361 2647 cla-

2405 2665 2706 2732 rissimus
2763 2668 2867 2732 vir
2910 2666 2994 2732 D.
3046 2666 3275 2733 Petrus
3324 2666 3580 2751 Martyr
3623 2667 3869 2745 scribit,
3897 2671 3980 2746 ¹²)
4045 2667 4220 2732 idem
4264 2676 4362 2733 te-

2406 2774 2555 2819 cum
2612 2754 2860 2818 sentire
2912 2754 3182 2818 omnino
3239 2772 3455 2837 cogor.
3545 2752 4005 2819 certissimum
4042 2762 4144 2819 est
4186 2774 4360 2819 nun-

2405 2859 2604 2921 quam
2648 2860 2768 2906 nos
2789 2840 3081 2905 Bernam
3126 2846 3194 2905 et
3214 2838 3547 2904 Basileam
3591 2843 3877 2921 (possem
3923 2850 3990 2903 et
4032 2839 4195 2904 alias
4238 2861 4362 2904 nu-

2406 2931 2694 3001 merare)
2771 2925 3254 2990 consentientes
3328 2924 3686 2991 habituros.
3777 2927 3862 2988 At
3926 2927 4185 2991 omissis
4255 2924 4362 2992 his

2406 3030 2542 3076 non
2605 3009 2795 3077 video
2853 3033 2941 3076 an
3008 3010 3144 3076 ullo
3198 3030 3350 3077 cum
3415 3009 3634 3077 fructu
3699 3010 3935 3094 reliqui
4000 3011 4362 3094 quidquam

2406 3105 2625 3182 agant.
2707 3096 2782 3164 Si
2826 3097 3093 3165 omnino
3135 3097 3575 3163 necessarium
3619 3095 3922 3163 videatur
3976 3096 4359 3164 huiusmodi

2404 3183 2740 3268 quidpiam
2798 3184 3228 3262 conscribere,
3288 3203 3522 3265 operae
3574 3183 3860 3267 pretium
3922 3184 4088 3248 mihi
4145 3183 4360 3249 facere

2407 3268 2724 3335 videreris
2769 3271 2825 3335 si
2868 3278 2940 3334 tu
2984 3291 3063 3335 ea
3107 3271 3359 3335 ratione
3403 3288 3531 3352 qua
3573 3267 3834 3334 edidisti
3894 3269 4359 3336 Defensionem

2403 3356 2852 3422 consensionis
2895 3357 3093 3421 etiam
3137 3355 3387 3438 reliqua
3433 3375 3795 3437 exponeres
3820 3354 4146 3440 dogmata,
4192 3376 4360 3438 quae

2404 3439 2658 3506 dudum
2714 3443 2788 3506 in
2845 3442 3030 3508 libris
3087 3442 3543 3506 ministrorum
3588 3441 4012 3507 ecclesiarum
4057 3440 4360 3507 Helveti-

2402 3549 2628 3593 carum
2697 3528 3020 3611 copiosius
3087 3527 3383 3611 exposita
3455 3534 3522 3590 et
3585 3527 3892 3593 omnibus
3958 3534 4116 3592 sunt
4172 3526 4359 3594 libris

2401 3615 2896 3680 communicata.
2969 3615 3063 3678 At
3115 3612 3451 3695 oportebat
3498 3611 3681 3678 illam
3726 3612 4204 3696 expositionem
4259 3613 4359 3677 in-

2401 3700 2653 3764 cribere
2711 3711 2778 3763 ct
2838 3698 3138 3764 dedicare
3193 3698 3482 3764 ecclesiis
3536 3707 3733 3780 atque
3768 3698 4189 3764 ecclesiarum
4234 3699 4358 3762 mi-

2401 3786 2629 3850 nistris
2654 3785 2985 3851 Saxoniae
3028 3785 3381 3868 superioris
3425 3795 3491 3849 et
3524 3785 3871 3862 inferioris,
3913 3783 4193 3869 denique
4238 3785 4362 3850 toti

2402 3869 2642 3954 populo
2700 3883 2819 3936 etc.
2850 3873 2932 3949 18)
2990 3873 3084 3936 At
3126 3872 3194 3935 in
3217 3870 3343 3936 hac
3367 3871 3777 3953 expositione
3801 3892 3981 3950 cave,
4011 3871 4106 3935 mi
4137 3871 4360 3952 frater,

2400 3967 2471 4022 et
2534 3957 2689 4023 boni
2733 3957 3001 4024 consule
3043 3977 3157 4022 oro
3199 3955 3368 4038 quod
3415 3956 3523 4022 hic
3582 3978 3884 4041 suggero,
3921 3977 4008 4021 ne
4049 3955 4359 4041 praedes-

2399 688 2513 753 vul

2611 4246 2855 4370 Ίέῒῗίἅσ
2906 4246 3158 4316 Proleyq.
3213 4252 3407 4302 nostra
3473 4245 3618 4301 Tem.
3667 4243 3778 4298 IX.
3829 4260 3960 4313 paq.
4010 4243 4123 4310 xvj.
4196 4244 4364 4313 Hm,

2610 4384 2671 4446 8)
2709 4386 2865 4440 Haec
2894 4385 3009 4450 fuit
3042 4384 3285 4439 secunda
3320 4383 3588 4450 Defensio
3623 4381 3752 4436 Ian.
3788 4378 3925 4434 1556
3961 4380 4123 4434 edita.

2608 4454 2671 4522 9)
2705 4455 2925 4508 Summa
2959 4454 3300 4508 christlicher
3335 4453 3455 4507 Reli
3498 4454 3602 4505 ‘on.
3639 4452 3763 4505 Ζῆν.
3806 4448 3953 4504 1556.
3990 4448 4076 4504 12.
4148 4448 4359 4503 Dieata

2408 4524 2677 4578 Guilelmo
2712 4524 2957 4577 Hassiae
2995 4522 3372 4591 Landyravio.
3512 4523 3719 4576 atinum
3760 4520 3894 4585 fecit
3936 4518 4081 4573 hune
4126 4517 4360 4573 labellum

2405 4593 2591 4648 Iosias
2631 4591 2896 4647 Simlerus
2930 4593 3029 4646 sub
3063 4593 3255 4647 titulo.-
3288 4590 3680 4659 compendium
3714 4587 4043 4641 christianae
4081 4588 4360 4656 religionis

2403 4663 2592 4716 decem
2628 4661 2779 4714 libris
2815 4660 3283 4730 comprehensum.
3319 4660 3434 4730 Tig.
3473 4658 3689 4712 Frosch.
3727 4654 3883 4710 1556.
3920 4654 3969 4709 8.
4027 4656 4365 4720 (Pestalosss‘

2402 4320 2438 4374 1.
2473 4318 2580 4386 lp

2396 4748 2458 4800 p.
2491 4729 2643 4794 469.)

2580 4798 2666 4867 10)
2703 4797 3058 4868 Apologetica
3092 4797 3366 4867 expositio
3400 4812 3508 4865 qna
3543 4795 3847 4849 ostenditur
3864 4793 4153 4875 Tigurinae
4189 4791 4358 4846 eccle·

2404 4869 2517 4922 siae
2552 4867 2831 4921 ministros
2879 4868 3083 4921 nullum
3128 4868 3283 4936 sequi
3328 4867 3525 4935 dogma
3571 4864 3905 4917 haereticum
3941 4880 3999 4915 ιιι
4037 4862 4215 4915 Coena
4250 4860 4357 4915 Do-

2405 4937 2555 5005 mini,
2590 4937 2788 4990 libellis
2825 4937 3163 5006 quorundam
3208 4936 3419 4988 acerbis
3465 4934 3719 5003 opposita
3753 4937 3810 4985 et
3845 4932 3914 4984 ad
3951 4947 4137 4984 omnes
4184 4931 4357 4985 since·

2404 5024 2524 5060 ram
2558 5005 2849 5059 veritatem
2884 5011 2941 5058 et
2985 5009 3228 5059 sanctam
3272 5020 3461 5074 pacem
3497 5008 3742 5056 amantes
3778 5001 3984 5055 Christi
4018 5000 4207 5054 fideles
4241 5001 4357 5070 pla-

2403 5076 2525 5130 cide
2570 5075 2774 5143 scripta
2817 5090 2930 5195 gg}
2964 5073 3033 5128 H.
3070 5074 3458 5142 Bullingerum.
3528 5071 3644 5141 Tig.
3689 5087 3775 5140 ap.
3811 5070 4035 5125 Gesner.
4084 5088 4156 5123 m.
4192 5069 4358 5124 Febr.

2409 5142 2557 5199 1556.
2630 5159 2742 5197 erm
2792 5141 2823 5195 1

2576 5161 2670 5274 191)
2721 5211 2856 5265 Vide
2958 5210 3134 5265 aeeed.
3168 5215 3280 5265 not.
3317 5208 3370 5263 3.

2577 5279 3138 5418 aaut...
3212 5341 3606 5416 ...Μ
3842 5427 3944 5483 ..-
