4850 6200
324 489 425 551 201

323 674 458 754 lare,
503 696 668 760 quos
709 674 865 742 boni
907 695 1133 743 omnes
1178 674 1502 741 sanctiore
1536 695 1735 760 quam
1777 674 2052 742 stater-ni
2093 676 2257 744 iuris

323 761 588 843 vinculo,
630 760 752 828 hoc
794 769 910 841 est,
963 772 1277 845 paternae
1318 759 1585 827 virtutis
1628 759 2056 828 similitudine
2097 782 2253 829 con-

321 848 745 914 iunctissimos
799 869 930 913 non
995 847 1218 914 minus
1278 858 1456 915 certo
1519 848 1660 914 fore
1723 856 1993 932 sperant
2055 867 2252 931 quam

321 929 494 999 avide
537 934 827 1018 cupiunt.
916 931 1112 1015 Quod
1153 935 1209 1000 si
1254 933 1394 1001 eius
1436 934 1673 1017 patris,
1728 954 1922 1017 quem
1981 932 2251 999 laudare

319 1018 1012 1172 ῗῗέἑηὲᾚέἓῑᾝ
1036 1028 1415 1171 2ῗέἓὲἒὼ
1436 1020 1806 1172 iffi&
1840 1018 2251 1189 gmmffiissssffii

320 1190 545 1256 sinceri
588 1190 853 1275 pietatis
893 1190 1178 1257 cultores
1192 1242 1207 1267 ‚
1265 1211 1428 1276 quos
1478 1190 1594 1256 illa
1636 1190 1975 1257 devinctos
2016 1190 2142 1256 sibi
2183 1198 2252 1256 et

321 1276 552 1343 amicos
619 1276 832 1343 habet.
932 1277 1139 1343 Porro
1203 1276 1286 1343 ad
1345 1276 1586 1343 laboris
1651 1278 1779 1342 mei
1833 1277 2250 1342 commenda-

319 1362 553 1428 tionem
595 1360 771 1447 apud
805 1363 1150 1446 Principes
1192 1361 1458 1430 Christo
1499 1383 1656 1430 vere
1696 1361 1987 1428 addictos
2040 1382 2250 1429 unum

321 1446 428 1514 hoc
493 1448 778 1517 sufficiet
791 1499 807 1528 ,
876 1448 1048 1531 quod
1111 1449 1352 1533 ubique
1416 1458 1484 1515 et
1546 1468 1926 1534 germanam
1990 1449 2250 1533 pietatis

322 1532 673 1600 doctrinm
736 1554 1057 1614 asserere,
1119 1544 1187 1600 et
1247 1536 1452 1601 sacris
1508 1533 1630 1600 Dei
1692 1534 1973 1600 oraculis
2036 1534 2249 1601 lucem

318 1621 540 1685 afferre
585 1641 715 1687 non
759 1622 1010 1686 minore
1052 1620 1181 1687 fide
1215 1640 1412 1704 quam
1446 1620 1815 1687 reverentia
1857 1620 2103 1686 studeo.
2171 1618 2250 1687 Si

315 1705 469 1773 forte
511 1714 731 1773 autem
776 1716 1035 1773 vestrae
1080 1705 1476 1773 Celsitudini
1515 1707 1777 1791 ignotus
1821 1726 1989 1785 sum,
2033 1713 2136 1774 est
2178 1707 2251 1771 in

316 1792 448 1858 aula
491 1801 716 1859 vestra
757 1792 1153 1859 clarissimus
1194 1794 1298 1859 vir
1319 1793 1710 1860 Franciscus
1753 1791 2173 1859 Emmaus
2194 1798 2249 1870 ⁴)

315 1877 765 1956 cancellarius,
810 1880 922 1962 qui
1043 1899 1082 1943 o
1140 1900 1278 1958 sua,
1323 1898 1451 1962 qua
1493 1900 1598 1945 me
1643 1885 1797 1944 ante
1841 1900 2047 1945 annos
2090 1899 2250 1962 qua-

314 1963 665 2031 tuordeeim
691 1968 742 2041 ὅ)
786 1986 973 2048 comp
1001 1987 1164 2031 exus
1207 1974 1325 2042 est,
1371 1963 1824 2030 benevolentia
1863 1964 2028 2030 mihi
2070 1968 2249 2031 favo-

313 2070 436 2115 rem
485 2050 802 2117 conciliet.
893 2052 1115 2134 Atque
1159 2060 1234 2116 ut
1276 2071 1316 2115 a
1359 2049 1661 2117 laudibus
1720 2048 2041 2117 abstineat
2125 2071 2246 2116 uas

315 2136 572 2201 minime
633 2136 918 2220 postulo,
985 2137 1214 2202 saltem
1270 2135 1352 2202 de
1408 2156 1556 2202 mea
1611 2135 1695 2201 ad
1751 2158 1869 2221 pro
1915 2142 2086 2221 a'gan
2132 2157 2246 2201 um

312 2220 552 2287 Christi
781 2243 894 2287 um
959 2221 1306 2288 sedulitate
1384 2222 1748 2289 testabitur.
1897 2243 2004 2287 am
2071 2243 2244 2301 vero,

313 2328 500 2403 quum
543 2327 669 2373 ean
713 2329 839 2385 em,
898 2326 1029 2391 qua
1069 2308 1223 2373 olim
1269 2330 1307 2373 a
1356 2308 1443 2373 ud
1499 2308 2022 2375 cordatissimum
2067 2309 2246 2392 prin-

313 2413 511 2577 ἓξὲξ
551 2402 1274 2562 ἔὲἓιῖἓωωζῖῗέῗῧηὲο
1283 2394 2087 2559 ..3323‘123222‘2'23'03ss033'
2089 2405 2246 2544 ‘2¹32

310 2585 394 2629 rei
436 2563 569 2630 sibi
611 2574 979 2649 compertae
1021 2565 1225 2631 testis.
1298 2565 1549 2642 Valete,
1594 2566 2016 2631 illustrissimi
2049 2566 2245 2631 Priu-

309 2650 494 2732 cipes.
585 2649 914 2717 Dominus
958 2673 1074 2717 vos
1117 2673 1235 2717 suo
1277 2651 1604 2734 praesidio
1662 2662 1955 2729 tueatur,
2011 2652 2247 2735 spiritu

310 2735 707 2818 prudentiae,
752 2737 1099 2820 aequitatis
1142 2747 1209 2803 et
1250 2738 1655 2803 fortitudinis
1701 2738 2048 2822 gubernet,
2107 2758 2247 2803 om-

310 2821 500 2904 nique
556 2821 1079 2889 benedictionum
1137 2844 1376 2907 genere
1443 2823 1810 2906 locupletet.
1912 2822 2243 2900 Genevae,

309 2906 512 2988 pridie
557 2906 884 2975 calendas
927 2910 1214 2992 Augusti
1257 2909 1347 2975 M.
1395 2910 1478 2974 D.
1525 2909 1750 2975 LIIII.
2121 2946 2130 2959 ι

1176 3420 1371 3491 1992.

685 3577 1180 3645 FARELLUS
1225 3576 1858 3646 BULLINGERO.

475 3749 863 3816 Promissis
904 3750 1221 3817 nonnanis
1264 3751 1339 3816 de
1375 3752 1767 3833 responsione
1807 3757 2018 3818 contra
2055 3751 2248 3820 West-

293 3836 557 3916 phalam
591 3836 683 3902 vel
724 3858 766 3901 a
811 3835 1069 3902 Calvino
1110 3838 1202 3902 vel
1247 3859 1287 3901 α
1347 3836 1554 3903 Vireto
1608 3837 2056 3918 conscribenda,
2086 3860 2242 3921 pro-

301 3919 420 3988 lixe
479 3924 878 3989 concionatur
933 3923 1009 3988 de
1062 3922 1242 3987 rebus
1296 3923 1649 4006 Anyzorum
1665 3974 1681 4002 ,
1733 3924 2244 4005 Locamcnsium,

301 4005 946 4094 Maydeburqensium,
997 4007 1370 4074 Metensium
1413 4015 1468 4073 et
1517 4007 1920 4075 orbanorum.

301 4178 402 4242 (Ex
453 4185 684 4249 autogr-a
722 4178 794 4231 ho
841 4178 1004 4232 Areh.
1049 4179 1223 4234 Turic.
1273 4179 1416 4232 Plut.
1466 4178 1560 4232 vl.
1611 4179 1736 4232 Vol.
1772 4178 1887 4248 166,
1941 4181 2067 4234 olim
2103 4182 2243 4253 Epp.

720 4265 822 4301 om.
860 4246 944 4308 24,
980 4248 1072 4300 fol.
1108 4245 1227 4301 335.
1269 4278 1330 4286 —-
1367 4247 1559 4301 Simler
1593 4248 1716 4302 Vol.
1753 4247 1870 4310 82.)

535 4407 700 4415 ψ

501 4521 568 4587 4)
599 4527 766 4576 natus
823 4521 1086 4575 Vinariae
1134 4519 1289 4585 1504,
1329 4526 1623 4591 postquam
1666 4521 2034 4579 addiscendae
2076 4525 2240 4579 iaris-

291 4589 622 4656 prada-tace
680 4604 900 4659 operam
951 4592 1203 4650 navam,
1257 4592 1499 4659 primum
1554 4590 1968 4647 Melanehthone
2018 4595 2242 4663 auspice

289 4659 1054 4795 {rm-cerm
1100 4657 2245 4797 Wmmemmmw

305 4795 599 4865 Myconium
643 4796 818 4863 (Hist.
868 4797 966 4850 ref.
1011 4813 1040 4850 e
1103 4817 1106 4822 ’
1142 4797 1400 4867 Cyprian.
1446 4798 1505 4851 L.
1546 4796 1682 4850 1718
1714 4815 1767 4867 p.
1801 4796 1893 4864 57)
1941 4798 2075 4854 aicit
2118 4816 2238 4855 eum

297 4865 399 4919 den
434 4865 671 4921 feiusten
689 4866 891 4920 Orator
925 4865 982 4920 in
999 4866 1192 4919 Lateiu
1228 4865 1309 4919 als
1337 4883 1462 4919 man
1489 4867 1668 4919 seiner
1684 4867 1807 4920 Zeit
1838 4869 1893 4920 in
1913 4866 2238 4923 Germanien

299 4935 476 4988 haben
513 4939 724 5017 mogon,
761 4936 1120 5005 pietatemque
1152 4940 1202 4989 et
1237 4934 1540 4989 doctrinam
1576 4937 1693 4989 eius
1727 4936 1982 4992 laudibus
2017 4938 2237 4993 extollit.

301 5000 383 5065 Of.
421 5003 632 5059 Adam
679 5005 835 5060 Vitae
866 5019 1032 5072 qerm.
1072 5002 1335 5059 lotorum
1378 5020 1434 5072 p.
1472 5001 1589 5067 135,
1624 5002 1811 5073 Dans,
1849 5005 1983 5059 Fre.
2021 5005 2234 5062 Burck·

297 5071 414 5136 ara,
450 5072 629 5127 sacha
681 5072 912 5128 Can-cler
969 5070 1160 5128 Weim.
1205 5070 1361 5128 1825.
1433 5072 1601 5127 Duas
1644 5074 1796 5138 filias
1837 5074 2064 5129 eloeavit
2107 5077 2236 5130 alte·

295 5156 416 5194 ran
465 5139 745 5197 Victorino
779 5139 1051 5209 Striaelio,
1083 5140 1309 5196 alteram
1351 5140 1634 5196 Matthaeo
1677 5140 2067 5198 Wesenbcckio.

506 5207 567 5275 5)
596 5225 665 5264 ni.
705 5210 1016 5265 Februario
1050 5216 1099 5264 et
1137 5210 1348 5264 Martio
1384 5209 1520 5263 1539
1557 5209 1924 5278 Francofurti
1953 5210 2150 5278 (Dans
2224 5252 2238 5265 .

295 5276 418 5341 39),
471 5277 560 5331 vel
589 5278 886 5350 Haaenoae
931 5285 979 5331 et
1023 5276 1357 5333 Wormatiae
1401 5278 1550 5334 1540.
1622 5278 1818 5346 (Secia.
1851 5278 1919 5333 11.
1969 5279 2083 5334 159.
2123 5281 2146 5332 1
2224 5318 2237 5332 .

299 5345 562 5402 Sachama.
593 5345 690 5403 111.
764 5389 777 5401 .
819 5344 1068 5400 258.282.
1350 5348 1361 5359 '
1399 5347 1637 5403 ‚AnnaL
1671 5366 1727 5417 p.
1761 5346 1909 5414 431.)
1960 5348 2130 5416 Infra
2163 5349 2242 5405 ad

293 5413 344 5467 7.
387 5413 604 5472 Octobr.
639 5364 857 5474 Ιιῶὸιο
891 5431 972 5486 ep.
1009 5416 1160 5473 Bure
1269 5415 1365 5473 τά·
1395 5417 1473 5472 ad
1510 5416 1811 5474 Calvinum.

1995 491 2159 553 15⁵4
2202 484 2598 555 AUGUST.

4170 495 4294 559 202

2530 674 2742 742 Servo
2799 674 3050 743 Christi
3095 674 3285 743 valde
3341 677 3589 761 insigni
3628 674 3996 746 Heinricho
4039 678 4297 746 Bullin-

2355 781 2540 847 gero,
2599 781 2795 845 quam
2837 761 3215 830 fidelissimo
3269 762 3518 847 pastori
3572 763 3883 831 ecclesiae
3925 763 4296 850 Tigurinae,

2351 847 2615 930 pietatis
2663 847 3000 915 doctrinae
3060 847 3531 915 studiosissimo
3593 850 3928 929 assertori,
3986 851 4173 917 fratri
4230 858 4300 918 et

2351 940 2757 1018 symmystae
2798 955 2992 1018 quam
3036 933 3389 1002 carissimo.
3660 943 3665 951 '
3847 1020 3863 1036 .

3785 1020 4034 1106 '1¹1gur1.

2523 1155 2593 1224 S.
2653 1157 3088 1240 Posteaquam
3114 1156 3447 1225 Οαῐυὲηαηι
3484 1157 3685 1222 invisi
3709 1162 3760 1234 ¹)
3803 1161 3913 1239 qui
3951 1160 4295 1227 consilium

2351 1254 2540 1309 tuum
2562 1243 2727 1308 mihi
2750 1243 3009 1325 aperuit
3050 1243 3181 1308 tuis
3226 1242 3308 1307 ad
3354 1263 3508 1308 eum
3551 1242 3775 1321 literis,
3821 1243 3952 1308 huc
3993 1265 4296 1312 reversus

2351 1339 2501 1395 tuas
2519 1331 2578 1405 ²)
2620 1329 2857 1411 accepi,
2900 1328 3136 1411 quibus
3177 1328 3370 1413 plene
3412 1329 3682 1403 indicas,
3726 1328 3880 1410 quid
3917 1338 3983 1393 te
4014 1340 4294 1411 moveat,

2351 1423 2427 1480 ut
2470 1413 2644 1498 quod
2687 1415 3041 1479 instantius
3083 1435 3168 1480 ex
3209 1423 3275 1479 te
3318 1411 3616 1499 petebam
3661 1413 3861 1479 semel
3920 1422 4114 1498 atque
4170 1417 4295 1483 ite-

2351 1521 2500 1599 rum
2544 1521 2674 1567 non
2717 1519 2982 1566 censeas
3033 1521 3210 1599 nunc
3269 1495 3599 1598 expedire.
3685 1499 3910 1598 Facile
3950 1501 4077 1565 fuit
4128 1503 4297 1567 mihi

2349 1607 2508 1739 33¹1:
2521 1584 3257 1749 ffissssssffsstbssss
3298 1584 3468 1737 ⁶¹⁶1&
3448 1606 3808 1737 mm&
3854 1587 4298 1756 “A‘'“goumgffiss-''ass

2349 1758 2636 1824 Domino
2679 1778 2879 1841 super
2920 1757 3109 1823 donis
3148 1756 3267 1822 tibi
3397 1759 3480 1821 tis
3522 1754 3695 1840 quod
3740 1755 3962 1822 videas
4005 1758 4294 1839 meliora,

2351 1852 2418 1909 et
2461 1866 2540 1910 ea
2582 1863 2771 1909 cures
2806 1842 3170 1928 diligenter.
3266 1841 3568 1908 calvinus·
3606 1842 3753 1907 vult
3810 1842 4090 1909 Viretmn
4130 1864 4296 1927 opus

2351 1930 2475 1996 hoc
2532 1932 2807 2008 efficere,
2830 1933 2886 2007 ⁸)
2958 1927 3129 2012 quod
3194 1928 3503 1994 facilitate
3568 1927 3848 2012 quadam
3913 1929 4160 2007 valeat,
4226 1942 4297 1997 et

2349 2017 2570 2081 minus
2613 2014 3054 2093 subolfacient,
3100 2015 3210 2097 qui
3254 2033 3387 2079 non
3431 2023 3568 2080 tam
3603 2024 3759 2080 sunt
3783 2013 4048 2081 Calvino
4081 2018 4295 2094 amici,

2350 2101 2600 2184 aliquid
2653 2121 2736 2165 ex
2808 2122 2883 2166 eo
2936 2108 3353 2185 congestum,
3425 2101 3773 2183 minusque
3845 2102 4296 2184 gravabuntur

2350 2186 2773 2264 subscribere,
2820 2196 2892 2251 ut
2935 2207 3065 2252 non
3113 2185 3347 2250 addam
3400 2206 3507 2264 ea,
3563 2186 3798 2269 quibus
3854 2195 4112 2252 tantum
4155 2208 4289 2252 non

2348 2271 2664 2339 obruitur.
2768 2271 3018 2338 Viretus
3060 2279 3366 2338 causatur
3379 2271 3442 2355 ⁴)
3484 2292 3555 2337 se
3588 2291 3725 2336 non
3767 2292 3955 2355 posse
3995 2272 4065 2337 id
4108 2292 4297 2355 prae-

2350 2367 2528 2425 stare
2572 2357 2743 2443 quod
2794 2355 3112 2433 calcium,
3158 2365 3293 2422 tam
3337 2378 3559 2440 presse
3602 2358 3828 2440 paucis
3871 2360 4093 2423 omnia
4126 2379 4295 2425 com·

2347 2445 2578 2529 plecti,
2635 2465 2804 2528 quae
2854 2443 2935 2508 ad
2995 2464 3134 2508 rem
3192 2443 3499 2530 faciunt„
3538 2453 3604 2508 et
3645 2444 3880 2525 quibus
3937 2443 4295 2511 adversarii

2348 2532 2824 2597 convincantur
2866 2529 3159 2612 improbe
3201 2550 3321 2594 nos
3362 2549 3444 2611 op
3490 2550 3739 2613 ugnare
3776 2538 3844 2595 et
3872 2549 4086 2614 agere.
4154 2529 4293 2613 Op-

2349 2623 2561 2682 tarem
2606 2616 2733 2694 hic,
2778 2617 2834 2681 si
2878 2614 3000 2680 tibi
3040 2635 3173 2679 non
3207 2623 3309 2680 est
3341 2634 3449 2679 mo
3476 2624 3709 2691 estum‚
3751 2623 3815 2680 te
3851 2615 4085 2680 horum
4130 2616 4293 2681 alte-

2350 2723 2500 2767 rum
2542 2700 2766 2767 iubere
2809 2700 2932 2767 hoc
2976 2699 3265 2785 aggredi,
3310 2701 3367 2766 si
3402 2710 3636 2765 neuter
3664 2699 3953 2765 nondum
3990 2705 4289 2784 coeperit.

2351 2786 2581 2872 Spero,
2625 2795 2705 2852 ut
2745 2788 3077 2870 scripsisti,
3122 2807 3262 2851 rem
3303 2786 3579 2853 feliciter
3614 2805 4075 2867 successuram,
4120 2786 4293 2869 quod

2348 2874 2517 2940 faxit
2555 2873 2882 2939 Christus.

2522 2960 2733 3025 Bruta
2789 2978 3059 3042 prorsus
3111 2965 3183 3022 et
3233 2958 3372 3023 fera
3427 2957 3811 3022 Britanniae
3856 2958 4149 3041 Regina,
4216 2968 4295 3022 ut

2348 3045 2586 3123 ferunt,
2631 3066 2771 3111 sese
2814 3043 3024 3110 indies
3059 3044 3281 3110 vincit.
3366 3044 3577 3109 Aiunt
3618 3043 3791 3108 enim
3836 3063 4095 3110 curasse
4137 3063 4294 3111 con-

2349 3133 2512 3216 fingi
2566 3133 2861 3196 omnium
2910 3131 3100 3215 signa
3154 3129 3476 3207 iudicum,
3533 3149 3661 3213 quo
3718 3128 4087 3195 Elisabetha
4105 3130 4162 3204 ⁵)
4220 3133 4291 3195 in

2295 3253 2300 3268 ι
2348 3237 2609 3284 carcere
2651 3224 3011 3294 necaretur,
3058 3225 3196 3282 tam
3244 3227 3344 3281 est
3387 3215 3615 3281 sitiens
3654 3215 3990 3299 sanguinis
4034 3217 4293 3293 sororis,

2349 3312 2416 3369 et
2474 3303 2604 3369 nisi
2647 3302 2977 3368 Dominus
3031 3302 3322 3368 vinctam
3379 3302 3625 3386 insigni
3684 3300 4000 3366 miraculo
4054 3313 4292 3380 servet,

2349 3389 2521 3472 quod
2562 3391 2728 3454 faxit
2770 3389 3317 3454 clementissimus
3362 3396 3562 3471 pater,
3610 3407 3769 3453 sane
3810 3395 4027 3450 actum
4072 3397 4171 3451 est
4212 3388 4296 3454 de

2350 3496 2446 3540 ea.
2535 3475 2661 3540 Est
2703 3473 3051 3540 admodum
3111 3475 3353 3539 sanctis
3407 3472 3707 3554 precibus
3764 3471 4294 3552 incumbendum,

2349 3569 2423 3625 ut
2466 3559 2791 3626 Dominus
2833 3561 3137 3626 restituat
3178 3559 3487 3624 miseram
3531 3557 3847 3642 Angliam
3890 3558 3959 3621 in
4002 3579 4153 3622 eum
4199 3558 4294 3624 lo-

2348 3667 2522 3725 cum,
2568 3646 2745 3711 unde
2785 3644 3056 3720 excidit,
3114 3654 3179 3710 et
3220 3645 3474 3728 potiora
3530 3641 3752 3721 addat,
3808 3649 3883 3707 ut
3939 3651 4013 3707 tu
4072 3651 4295 3710 sancte

2348 3753 2576 3797 mones
2633 3733 2703 3796 in
2770 3753 2971 3797 causa
3025 3731 3541 3796 Locarnensium
3567 3733 3619 3807 ⁶)
3691 3750 3852 3811 quos
3925 3730 4294 3795 misericors

2351 3817 2656 3884 Christus
2699 3819 3052 3894 intueatur,
3117 3837 3525 3900 regnumque
3569 3835 3763 3880 suum
3807 3813 3979 3897 apud
4025 3834 4137 3880 eos
4179 3817 4296 3880 flo-

2349 3925 2493 3969 rere
2537 3904 2747 3980 faeiat,
2790 3904 3146 3986 firmusque
3190 3902 3325 3967 illic
3381 3910 3449 3966 et
3488 3900 3734 3984 passim
3791 3897 3906 3965 det
3943 3901 4148 3966 verbo
4191 3922 4295 3966 ra-

2348 3989 2553 4068 dices,
2628 3988 2900 4056 sublatis
2960 3988 3293 4064 omnibus,
3365 4007 3529 4072 quae
3583 3986 3899 4069 impedire
3952 3995 4291 4052 conantur.

2346 4245 2524 4300 1992.
2552 4245 2608 4314 1)
2643 4247 2789 4302 circa
2838 4244 2979 4299 Idus
3028 4243 3229 4300 Iunias
3286 4245 3566 4299 occasione
3618 4242 3873 4312 epistolae
3934 4259 3972 4296 a
4031 4243 4295 4298 Vandelw

2342 4315 2466 4385 prul
2551 4383 2612 4448 2)
2810 4381 2975 4436 ditas.

2552 4453 2613 4517 3)
2716 4490 2728 4502 .
2766 4449 2918 4504 1978.

2551 4519 2616 4586 4)
2664 4519 2812 4574 Talis
2842 4519 3074 4589 epistola
3106 4533 3218 4572 noa
3252 4523 3443 4573 exstat.

2547 4587 2611 4656 5)
2652 4589 2723 4642 In
2760 4589 3123 4657 suspicionem
3164 4586 3433 4642 inciderat
3469 4587 3896 4654 conspirationis
3939 4584 4291 4657 Wyattianae

2342 4661 2615 4716 consciam
2648 4659 2824 4724 fuisse
2858 4663 2908 4712 et
2937 4658 3176 4725 primum
3210 4658 3271 4708 in
3298 4653 3469 4708 Turri
3501 4655 3846 4710 Londinensi
3874 4660 4065 4722 postea
4092 4653 4288 4708 Wood-

2342 4728 2539 4784 stockii
2580 4727 2795 4782 detenta
2840 4726 3048 4780 deinum
3086 4732 3213 4793 post
3249 4724 3476 4778 Mariae
3516 4726 3741 4792 nuptias
3785 4723 4024 4804 libertati
4072 4722 4289 4805 reddita

2338 4799 2468 4866 fuit,
2513 4796 2608 4851 sed
2646 4797 2845 4849 missae
2891 4797 3146 4848 interesse
3191 4797 3380 4848 coacta
3428 4798 3477 4847 et
3523 4808 3694 4862 usqae
3727 4796 3960 4860 ancipiti
3996 4808 4057 4846 m
4092 4790 4287 4847 dism-

2338 4869 2498 4922 mine.
2569 4863 2793 4934 (δῆγμα
2824 4863 2920 4916 111.
2957 4861 2986 4914 1
3019 4879 3074 4930 p.
3110 4860 3261 4927 551.)
3747 4931 3756 4942 ι
4066 4929 4076 4939 ·
4206 4930 4214 4938 α
4259 4930 4268 4939 .

2546 4933 2605 5000 6)
2645 4933 2960 4987 Locamum
3007 4932 3084 4986 ad
3128 4933 3307 4986 heum
3354 4930 3657 4985 Verborum
3704 4935 3868 4983 situm
3881 4968 3896 4994 ,
3943 4927 4102 4983 hodie
4146 4928 4287 4983 Tici-

2341 5003 2503 5128 mina.
2529 5001 3081 5126 fflzitadefptlubvss
3118 4997 3911 5136 igvetccgrielzffligbiprziraed'igfare
3951 4997 4283 5135 evanyiglitiievi

2339 5144 2542 5211 coepit,
2582 5146 2634 5196 et
2668 5110 3019 5221 Ballinjerus
3058 5138 3398 5262 ρααῑέωροεί
3430 5136 3700 5259 VSmatum
3755 5134 4119 5259 Turicensesst
4133 5135 4285 5216 ‘adiit

2334 5217 2525 5349 ἔξοδος
2536 5213 3201 5356 'aqalwnetiamarmeoessiaeo
3226 5221 3412 5344 1212}ae
3443 5220 3660 5329 ww&
3678 5220 3892 5340 'ff‘m
3800 5343 3808 5354 .
3893 5219 3936 5335 ἕ
3964 5219 4024 5328 ezt)
4048 5205 4283 5343 ςιιιιίιιονΜς

2336 5349 2676 5480 ῗὲιέρεὲίοαιίἷ
2814 5361 2876 5401 os
2900 5344 2987 5468 316
2968 5344 3286 5480 “gramm
3280 5343 3598 5480 razo-*gudam
3633 5343 4014 5398 sollicitarunt.
4066 5343 4279 5408 (Peste-
