4850 6200
365 424 480 488 ⁷01

362 629 592 676 versus
631 628 882 677 novum
924 620 1257 678 certamen
1300 628 1509 676 novas
1564 629 1794 692 preces
1851 608 2314 692 concipiamus,

361 693 595 777 quibus
680 716 757 761 ro
799 697 1114 762 fratribus
1156 717 1545 781 pugnemus.
1588 731 2315 743 ——————

361 819 445 830 —
482 815 571 829 —
738 790 931 848 utant
980 792 1048 848 te
1101 783 1338 848 fratres
1389 802 1647 859 omnes,
1702 781 2089 846 nominatim
2147 802 2315 847 uxor

361 875 427 931 et
484 875 630 933 tota
692 869 957 934 familia.
1055 867 1357 936 Salutem
1402 866 1548 933 dico
1604 866 1910 951 collegae,
1966 866 2311 942 Maturino,

360 951 803 1021 Dominus-tino
844 966 914 1020 et
955 955 1230 1020 caeteris
1272 953 1519 1031 amicis,
1574 953 1879 1036 inprimis
1920 974 2078 1018 vero
2122 973 2308 1036 prae·

360 1038 548 1105 fecto.
638 1040 809 1107 Vale
851 1041 1117 1125 optime.
1208 1040 1601 1105 Lausannae
1644 1042 1747 1103 28.
1791 1038 1945 1104 Iulii
2001 1045 2179 1105 1555.

1349 1177 1532 1242 Tuus
1576 1176 1807 1242 Petrus
1850 1176 2140 1241 Viretus.

1126 1572 1534 1584 ——u—

1232 1827 1431 1898 2255.

974 1982 1215 2047 BEZA
1251 1981 1682 2048 OALVINO.

529 2153 919 2221 Praemissis
957 2154 1277 2219 nonnullis
1308 2156 1385 2220 de
1425 2154 1613 2220 rebus
1637 2153 2314 2238 Mombelqardensiam

345 2246 403 2305 et
446 2240 524 2305 de
561 2242 861 2323 prosapie
919 2239 1381 2306 Genevensibas
1423 2241 1569 2322 fase
1609 2242 1859 2321 exponit
1935 2261 2124 2306 suam
2175 2261 2313 2307 sen-

346 2328 603 2392 tentiam
646 2332 701 2391 et
742 2326 935 2392 dubia
977 2328 1289 2408 quaedam
1330 2328 1408 2392 de
1451 2327 2024 2409 praedestinatione
2080 2333 2138 2391 et
2189 2348 2311 2393 nen

336 2433 582 2495 parum
615 2414 856 2478 curiose
889 2411 1019 2479 Dei
1050 2413 1321 2478 consilia
1354 2419 1689 2477 scrutatur.

346 2584 461 2649 (Ex
500 2584 839 2653 autographo
873 2583 1001 2637 000.
1038 2582 1242 2639 Gener.
1297 2583 1414 2649 117,
1468 2585 1560 2637 fol.
1614 2583 1698 2638 20.
1752 2584 1872 2638 coll.
1929 2600 1975 2637 c.
2011 2584 2131 2639 cod.
2188 2582 2308 2646 119,

762 2653 855 2707 sol.
890 2651 974 2706 27.
1039 2653 1229 2707 Edidit
1265 2654 1453 2717 Baum,
1493 2654 1637 2707 Besa
1673 2654 1713 2708 1.
1749 2651 1895 2718 442.)
1954 2731 1965 2742 ⁹

518 2824 784 2890 Eximio
828 2846 1020 2891 servo
1065 2823 1194 2890 Dei
1237 2827 1322 2890 D.
1377 2825 1613 2890 Ioanni
1657 2824 1937 2892 Calvino
1995 2825 2305 2892 ecclesiae

342 2910 759 2978 Genevensis
800 2909 1180 2978 fidelissimo
1225 2913 1469 2995 pastori
1514 2921 1581 2976 et
1635 2911 1811 2995 patri
1867 2911 2033 2977 mihi
2090 2914 2305 2978 obser-

341 2996 766 3063 vandissimo.

1795 3083 2126 3151 Genevae.

516 3254 589 3322 S.
660 3256 860 3341 Ergo,
915 3257 1175 3339 quando
1231 3254 1324 3321 ita
1390 3255 1607 3338 placet
1624 3308 1639 3335 ,
1701 3255 1978 3322 tabellae
2033 3265 2301 3323 nostrae

339 3341 787 3409 excudentur:
816 3345 869 3418 ¹)
949 3341 1064 3408 000
1140 3362 1299 3426 rogo
1378 3344 1678 3426 perficias
1758 3363 1844 3407 ne
1924 3343 2109 3425 prius
2184 3341 2300 3410 ad-

339 3437 690 3496 moveatur
715 3448 952 3493 manus
979 3427 1159 3511 operi
1188 3447 1387 3511 quam
1424 3427 1844 3513 appendicem
1883 3430 2122 3495 misero
2149 3450 2300 3495 cum

337 3515 611 3598 reliquis
654 3512 907 3580 duabus
951 3514 1208 3579 tabellis
1251 3515 1322 3578 in
1366 3514 1601 3596 quibus
1651 3535 1800 3579 sum
1858 3527 2129 3580 conatus
2187 3514 2299 3579 ad-

337 3601 781 3668 versariorum
812 3601 1184 3683 opinionem
1214 3610 1725 3682 repraesentare.
1782 3601 2046 3666 Mittam
2078 3609 2300 3667 autem

335 3687 523 3755 brevi
569 3687 627 3752 si
672 3684 927 3752 dederit
971 3685 1319 3752 Dominus.
1983 3732 1990 3739 -

512 3773 619 3838 De
662 3771 942 3839 Berazdo
986 3773 1239 3837 utinam
1282 3793 1368 3836 ne
1411 3793 1531 3838 nos
1575 3771 1759 3838 fallat
1802 3773 2217 3856 exspectatio.
2242 3777 2298 3846 2)

339 3857 825 3943 Mombelgardi
882 3855 967 3924 ad
1036 3857 1295 3924 Comitis
1359 3860 1623 3942 nuptias
1642 3861 1698 3930 ⁸)
1766 3857 2066 3924 audimus
2126 3859 2302 3924 inter

339 3957 636 4012 caeteros
680 3944 878 4009 etiam
916 3942 1501 4028 Wirtemberyioum,
1545 3944 1960 4026 Bipontinum
1999 3956 2067 4009 et
2100 3945 2302 4009 Lant-

336 4031 635 4116 mavium
699 4030 1035 4095 affuturos.
1148 4029 1381 4114 Oogita
1444 4050 1530 4095 an
1591 4030 1700 4097 1110
1764 4052 1906 4096 0000
1963 4030 2304 4097 commoda

340 4118 580 4183 offerat
621 4116 894 4194 occasi0‚
955 4114 1186 4181 saltem
1243 4136 1363 4199 per
1415 4116 1643 4182 literas
1702 4116 1999 4181 tentandi
2056 4116 2143 4181 ali
2190 4116 2302 4181 uid

342 4201 422 4269 de
467 4223 711 4268 coenae
755 4203 1015 4287 negotio
1060 4212 1127 4267 et
1151 4200 1358 4268 turbis
1394 4202 1522 4268 illis
1566 4223 1830 4268 rursum
1854 4204 2148 4286 aquibus

341 4472 594 4539 22552)
627 4473 848 4529 Summa
880 4477 1053 4529 totius
1087 4475 1457 4529 christanismi
1476 4493 1520 4530 0.
1556 4477 1853 4546 descriptio
1890 4481 1948 4530 et
1981 4476 2303 4530 distributio

340 4559 631 4598 cansamm
665 4545 856 4598 salutis
892 4545 1185 4598 electorum
1222 4555 1280 4598 00
1313 4546 1469 4598 exitii
1503 4547 1858 4614 reproborum
1906 4562 1975 4598 ex
2025 4547 2193 4600 000110
2239 4546 2302 4599 li·

339 4614 479 4666 teris
514 4613 759 4676 00110000,
797 4630 919 4668 0001
956 4615 1110 4666 brevi
1157 4614 1518 4684 explicatione
1566 4615 1795 4670 tabulae.
1868 4614 2063 4682 (Beea,
2120 4614 2300 4668 Tract.

339 4682 499 4737 theol.
533 4682 581 4735 L
612 4697 671 4750 p.
709 4679 854 4750 170.)
923 4683 1035 4737 Est
1076 4683 1376 4737 declaratio
1408 4684 1677 4752 dogmatis
1711 4683 1778 4737 de
1806 4684 2305 4751 praedestinatione

338 4750 593 4832 methodo
659 4752 943 4818 tabellari,
1011 4766 1173 4821 quam
1247 4753 1483 4816 dixeris,
1553 4754 1884 4808 concinnata
1940 4768 2059 4807 cum
2130 4769 2301 4807 anno-

549 4886 607 4951 2)
646 4887 1082 4958 Mombelqardia
1099 4887 1358 4942 dimissus
1377 4890 1477 4956 (N.
1496 4886 1656 4954 2240)
1680 4888 2043 4944 Lausannam
2079 4896 2303 4945 vocatae

336 4959 519 5024 luisse
551 4956 770 5012 videtur
803 4959 865 5011 in
899 4958 1072 5012 locum
1108 4957 1428 5013 Hotomani.
1507 4958 1601 5013 Ibi
1636 4959 1780 5012 enim
1815 4959 2063 5012 docuisse
2096 4964 2299 5013 certum

340 5035 448 5093 εει,-
497 5026 632 5081 haee
682 5026 884 5081 notitia
938 5026 1016 5080 ad
1068 5031 1278 5094 tempus
1331 5028 1660 5082 accessibnis
1720 5027 2084 5094 definiendum
2140 5028 2296 5081 valet.

343 5096 550 5152 Postea
589 5093 861 5150 Genavam
894 5096 1173 5150 concessit.

550 5163 612 5226 3)
653 5162 923 5234 Georgius
988 5179 1163 5219 eones
1231 5163 1547 5219 Barbarum
1628 5162 1882 5233 Philippi
1947 5163 2075 5218 Lan
2183 5165 2302 5218 avii

343 5233 591 5289 Haeeiae
634 5231 805 5294 filiam
851 5235 1029 5297 duxit,
1084 5235 1306 5303 eiusque
1345 5235 1496 5300 filius
1527 5231 1857 5287 Fridericue
1895 5240 2021 5303 post
2138 5234 2297 5287 risto-

338 5304 509 5372 phori
549 5307 772 5357 norim
817 5301 1015 5359 ducum
1080 5301 1639 5372 Wirtemberqensiun
1695 5304 1887 5357 sen'em
1940 5305 2297 5359 continuavit.

340 5372 584 5440 (Pfietoe.
619 5371 661 5425 1.
694 5370 813 5425 309.
856 5371 1066 5441 Kuqzer
1098 5373 1143 5425 1.
1179 5371 1326 5436 406.)

2206 425 2371 486 1555
2411 421 2598 488 IUL.

4248 428 4370 490 702

2419 608 2741 676 excitatis.
2830 608 3184 675 Genserem
3229 608 3490 691 quidem
3535 630 3654 692 ego
3695 584 3938 693 aliq⁸uid
3985 631 4126 675 0000
4171 611 4252 676 00
4295 632 4372 677 00

2417 693 2832 760 scribendum
2891 694 2976 760 ad
3032 695 3402 778 Tigurinos,
3458 708 3532 759 ut
3585 695 3642 759 si
3699 696 3794 760 ita
3849 694 3980 761 illis
4039 696 4372 763 videretur

2417 781 2750 845 communi
2773 782 3041 846 nomine
3061 802 3137 846 ac
3181 781 3448 846 consilio
3484 802 3589 845 res
3612 789 3753 847 tota
3776 781 4367 848 administraretur.

2418 864 2553 931 Sed
2598 866 2680 932 00
2721 867 2825 932 1110
2867 877 2941 931 00
2986 868 3358 932 constitues.
3462 865 3637 947 Quia
3692 878 3911 932 tamen
3969 867 4234 933 assidue
4289 868 4370 935 de

2416 951 2522 1015 1110
2567 951 2760 1018 rebus
2802 954 3036 1036 cogito,
3080 974 3210 1018 non
3256 954 3434 1035 potui
3473 974 3606 1017 non
3651 953 3733 1017 ad
3777 962 3844 1017 te
3887 953 4169 1018 scribere
4199 954 4372 1037 quod

2417 1037 2584 1100 mihi
2628 1039 2698 1102 in
2741 1052 3029 1103 mentem
3075 1041 3276 1103 venit.

2591 1124 2854 1188 Literas
2911 1137 3055 1189 tuas
3112 1125 3193 1188 ad
3268 1124 3631 1189 musculum
3703 1129 3981 1206 primam
4050 1146 4369 1208 quamque

2418 1210 2823 1275 occasionem
2860 1211 3035 1275 nacti
3057 1211 3426 1275 curabimus
3448 1209 3884 1292 perferendas.
3935 1211 4369 1278 Hotomannas

2418 1295 2803 1377 iampridem
2877 1296 3192 1362 discessit.
3217 1302 3269 1373 ⁴)
3384 1294 3599 1360 Hodie
3670 1316 3863 1360 mane
3934 1296 4370 1363 discesserunt

2415 1401 2501 1445 ex
2549 1380 2674 1447 hac
2715 1383 2877 1447 urbe
2918 1382 3208 1446 Bernam
3253 1401 3483 1446 versus
3524 1394 3800 1464 quatuor
3847 1404 3930 1447 ex
3973 1384 4212 1449 vestris
4255 1406 4370 1450 ex-

2416 1467 2689 1545 sulibus,
2736 1467 3069 1544 Peri-inae,
3105 1467 3477 1544 Balthasar‚
3499 1469 3550 1551 ⁸)
3593 1467 3980 1533 Bertezerius
4021 1481 4086 1535 00
4145 1470 4368 1539 Verna.

2416 1552 2632 1617 Aiunt
2667 1553 2954 1618 Bernam
2999 1555 3095 1617 ire
3139 1565 3206 1617 et
3228 1551 3378 1617 inde
3424 1552 3507 1617 ad
3550 1566 3833 1619 caeteros
3856 1575 4110 1638 quoque
4153 1576 4375 1640 pagos,

2416 1659 2653 1720 nempe
2696 1650 2792 1716 ut,
2859 1641 2913 1704 01
2957 1641 3100 1704 fieri
3143 1642 3378 1723 possit,
3445 1659 3670 1705 omnes
3715 1640 4140 1706 inflamment.
4244 1643 4375 1710 Hic

2416 1745 2574 1808 ergo
2655 1724 3132 1808 dispiciendum
3207 1746 3539 1791 censerem
3606 1745 3689 1789 an
3757 1727 4095 1791 commoda
4160 1728 4376 1811 aliqua

2416 1811 2671 1875 ratione
2706 1813 2911 1893 possit
2944 1809 3266 1877 incendiis
3309 1811 3601 1876 nondum
3624 1812 3925 1877 excitatis
3968 1827 4034 1878 et
4077 1814 4374 1881 fortassis

2416 1896 2616 1961 etiam
2684 1917 3023 1980 nunquam
3088 1896 3452 1963 excitandis
3534 1900 3803 1963 occurri.
3926 1899 4118 1964 Nosti
4192 1901 4370 1966 enim

2415 2002 2611 2065 quam
2657 1983 2849 2047 avide
2886 1984 3176 2067 plerique
3199 1984 3361 2048 haec
3397 1982 3735 2060 imbibant,
3781 1993 3849 2048 et
3887 1987 4088 2049 semel
4134 1987 4373 2053 hausta

2417 2089 2613 2151 quam
2660 2090 2853 2154 aegre
2916 2069 3181 2134 eiiciant
3243 2092 3326 2135 ex
3391 2071 3642 2147 anime,
3708 2082 3784 2134 ut
3847 2071 4140 2138 fortassis
4205 2073 4373 2139 nihil

2417 2157 2713 2219 nocuerit
2775 2154 3173 2238 reipublicae
3246 2164 3504 2220 vestrae
3574 2155 3832 2237 publico
3911 2158 4152 2240 scripto
4231 2180 4370 2224 rem

2415 2254 2664 2323 gestam
2722 2241 3097 2324 complecti,
3156 2242 3490 2324 ipsiusque
3549 2242 3710 2306 adeo
3767 2242 3987 2307 iudicii
4047 2247 4370 2311 rationem

2413 2326 2773 2405 ostendere,
2801 2327 3140 2393 etillorum
3165 2328 3529 2393 calumnias
3554 2326 3903 2411 diligenter
3916 2329 4181 2406 diluere,
4197 2333 4370 2414 quod

2412 2414 2544 2477 iam
2604 2413 2849 2478 videris
2906 2435 3147 2499 magna
3199 2435 3281 2478 ex
3339 2424 3523 2495 parte
3580 2415 4000 2497 praestitisse.
4103 2417 4364 2483 Vellem

2414 2511 2632 2562 autem
2679 2499 2748 2563 id
2790 2501 2984 2564 etiam
3038 2500 3274 2583 attingi
3320 2498 3487 2583 quod
3544 2500 3653 2563 isti
3710 2500 4033 2575 dictitant,
4080 2512 4191 2566 tuo
4239 2506 4362 2570 sci-

2411 2582 2567 2649 licet
2609 2585 2879 2651 arbitrio
2924 2586 3086 2651 haec
3130 2586 3349 2651 omnia
3405 2587 3567 2661 fieri,
3631 2587 3742 2668 qui
3797 2589 4090 2670 privatas
4145 2590 4365 2654 inimi-

2409 2671 2597 2735 citias
2639 2674 3071 2755 persequaris,
3131 2673 3315 2754 quasi
3374 2671 3621 2737 scilicet
3675 2673 3823 2735 istic
3877 2692 4130 2756 regnes,
4193 2674 4366 2757 0000

2410 2756 2574 2821 mihi
2619 2757 2879 2838 quidem
2924 2757 3185 2823 videtur
3234 2756 3360 2822 dici
3416 2778 3544 2821 non
3607 2777 3796 2840 posse
3850 2759 4007 2842 quin
4063 2761 4182 2823 toti
4239 2762 4365 2826 rei-

2452 2842 2704 2908 ublicae
2747 2854 3006 2908 vestrae
3064 2846 3364 2908 inuratur
3421 2843 3739 2926 quaedam
3797 2846 4131 2911 servitutis
4189 2856 4362 2912 nota.

2586 2929 2667 2993 de
2709 2928 2817 2994 his
2858 2949 3113 3013 quoque
3155 2940 3228 2994 tu
3273 2929 3678 2996 deliberabis.

2580 3015 2683 3080 Tu
2726 3017 2969 3081 nostris
2991 3015 3521 3081 annotationibus
3540 3017 3595 3095 θ)
3624 3037 3751 3100 000
3773 3016 3964 3100 plura
3986 3018 4363 3098 mutaveris,

2405 3122 2484 3166 eo
2528 3102 2692 3166 mihi
2735 3103 2957 3168 minus
2995 3101 3451 3187 displicebunt.
3540 3102 3775 3186 Itaque
3818 3124 3977 3186 rogo
4020 3112 4098 3168 ut
4143 3104 4250 3170 1110
4292 3106 4364 3170 in

2404 3188 2687 3253 amicum
2753 3207 2899 3254 eam
2965 3189 3380 3255 severitatem
3464 3208 3770 3254 exerceas
3836 3210 3965 3271 qua
4040 3198 4110 3254 tu
4193 3191 4363 3256 00100

2405 3273 2655 3339 00111000
2695 3275 2766 3339 10
2790 3273 3204 3342 adversarios
3227 3285 3372 3341 tuos
3416 3276 3533 3352 uti,
3578 3273 3813 3357 siquid
3855 3277 4134 3341 istorum
4178 3296 4364 3341 men-

2405 3357 2608 3426 daciis
2629 3360 2975 3439 credimus,
3019 3361 3087 3426 id
3130 3371 3247 3438 est,
3291 3372 3368 3426 ut
3389 3382 3521 3427 non
3557 3364 3975 3443 conquiescas
4015 3362 4144 3427 nisi
4181 3384 4366 3445 pror-

2406 3466 2520 3510 sus
2566 3444 2796 3512 deletis
2839 3468 3004 3529 quae
3051 3447 3168 3511 tibi
3213 3446 3683 3530 displicuerint.

2579 3531 2715 3598 Sed
2759 3554 2905 3599 0000
2948 3532 3031 3598 00
3077 3532 3350 3598 tabellas
3388 3532 3600 3598 10000.
3655 3532 3900 3598 Incidit
3941 3534 4109 3597 mihi
4152 3533 4361 3601 nodus

2405 3637 2602 3700 quem
2648 3640 2804 3703 rogo
2850 3629 2922 3684 ut
2967 3629 3038 3683 tu
3081 3619 3248 3683 mihi
3282 3619 3585 3701 explices.
3674 3617 3923 3684 Scribit
3955 3619 4205 3685 Paulus
4241 3641 4364 3687 nos

2404 3723 2546 3768 esse
2591 3712 2745 3770 ante
2787 3705 3018 3770 mundi
3062 3706 3460 3771 creationem
3501 3705 3739 3769 electos
3781 3705 3850 3768 in
3889 3704 4173 3771 Christo.
4231 3706 4362 3773 Hic

2402 3790 2693 3872 primum
2737 3811 2999 3873 quaero.
3044 3790 3365 3874 quomodo
3409 3792 3498 3857 sit
3538 3789 3914 3873 accipienda
3959 3790 4216 3857 electio:
4276 3814 4362 3859 an

2406 3874 2655 3942 scilicet
2693 3897 2813 3959 pro
2870 3889 3138 3942 aeterno
3197 3877 3308 3941 illo
3351 3878 3477 3941 Dei
3513 3878 3848 3961 proposito
3892 3898 4021 3959 quo
4075 3900 4196 3943 nos
4251 3878 4362 3944 de·—

2406 3962 2685 4027 stinavit
2727 3960 3077 4046 adoptioni,
3124 3984 3208 4028 an
3253 3984 3411 4028 vero
3455 3963 3671 4045 potius
3715 3985 3833 4045 pro
3879 3964 4076 4028 huius
4127 3986 4363 4048 propo-

2407 4048 2519 4112 siti
2579 4049 3097 4130 exsequutione?
3157 4069 3324 4131 quae
3378 4047 3638 4131 quidem
3697 4051 3781 4120 (si
3840 4071 3974 4116 non
4028 4051 4094 4113 in
4153 4052 4361 4128 nobie,

2406 4135 2519 4215 qui
2576 4143 2752 4199 certo
2805 4147 3134 4200 momento
3191 4135 3525 4201 nascimur
3584 4151 3650 4200 et
3718 4157 4053 4212 vocamur,
4123 4134 4237 4201 sed
4292 4138 4362 4200 in

2406 4221 2550 4284 Deo
2594 4219 3072 4290 consideretur)
3117 4243 3248 4287 uon
3285 4223 3503 4286 minus
3548 4234 3645 4286 est
3682 4233 3949 4286 aeterna
3982 4242 4178 4303 quam
4225 4223 4362 4305 pri-

2406 4327 2589 4370 mum
2634 4306 2797 4371 illud
2844 4307 3272 4390 propositum,
3317 4309 3617 4389 quamvis
3662 4307 3911 4372 ordinis
3970 4306 4199 4371 habita
4257 4328 4361 4372 ra-

2405 4393 2584 4457 tione
2626 4392 2740 4457 illa
2781 4393 2890 4458 isti
2934 4393 3406 4459 substernatur.
3475 4393 3734 4458 Deinde
3772 4393 3892 4457 hoc
3935 4394 4135 4456 etiam
4181 4412 4360 4477 roge,

2405 4476 2729 4561 quomodo
2772 4480 2845 4543 in
2888 4478 3155 4544 Christo
3200 4479 3494 4545 dicamur
3538 4480 3755 4544 electi:
3816 4499 3898 4542 an
3960 4477 4133 4560 quod
4176 4477 4362 4545 Deus

2402 4563 2472 4628 in
2518 4563 2859 4630 Ohristum
2905 4567 3261 4648 respiceret
3306 4586 3507 4649 quum
3542 4587 3661 4630 nos
3704 4561 4237 4647 praedestinaret,
4276 4586 4360 4630 an

2404 4669 2561 4715 vero
2597 4650 2789 4732 0000,
2835 4672 3036 4735 quum
3084 4674 3202 4718 000
3245 4651 3377 4716 iam
3421 4652 3494 4714 in
3538 4671 3680 4715 sese
3724 4649 4171 4716 constituisset
4224 4672 4360 4716 ser-

2405 4756 2593 4814 vare,
2669 4745 2896 4820 postea
2974 4739 3060 4816 (01
3147 4757 3489 4803 causarum
3568 4737 3862 4802 ordinem
3967 4748 4360 4818 spectemus)

2606 5026 2666 5095 4)
2707 5026 2790 5095 Of.
2833 5027 2904 5080 N.
2951 5025 3108 5082 2246.
3143 5026 3297 5081 2248.
3390 5027 3525 5081 Vide
3571 5033 3749 5081 tamen
3794 5027 3912 5080 eius
3957 5041 4036 5094 ep.
4084 5026 4138 5080 d.
4185 5027 4236 5080 d.
4275 5027 4356 5082 29.

2533 5133 2547 5147 ⁶
2607 5165 2662 5231 5)
2703 5165 2849 5235 Sept.
2933 5164 2997 5218 Is
3029 5181 3096 5218 ea·
3131 5166 3316 5231 officio
3349 5166 3591 5218 manen-is
3630 5164 3978 5232 Compar-etos
4028 5167 4091 5219 in
4136 5166 4359 5220 vincula

2398 5234 2702 5290 coniecerat
2725 5276 2739 5301 ,
2786 5240 2981 5304 postea
3024 5249 3152 5287 vero
3210 5234 3329 5301 ipse
3395 5249 3516 5288 cam
3574 5233 3754 5287 Verna
3815 5234 4029 5287 carceri
4104 5234 4360 5290 addictio

2401 5300 2509 5366 (23.
2549 5303 2686 5438 1061))
2707 5305 2857 5428 §eya
2892 5318 3100 5425 se.wm
3135 5304 3362 5357 caeteris
3397 5303 3671 5357 subduxit.
