4850 6200
404 386 530 446 555

404 568 504 637 bis
526 569 588 721 ’ἐ
600 565 964 653 prodierint
983 563 1085 631 illi
1103 563 1308 633 libelli
1329 562 1606 632 Martini
1630 562 1852 642 Benii,
1877 561 2211 646 Monfortii
2230 569 2353 628 etc.

401 656 537 722 Pro
630 652 786 739 quid
822 651 1050 720 audio!
1150 650 1299 736 Ego
1341 648 1606 736 quidem
1651 669 1889 735 aquam
1930 668 2192 733 semper
2248 668 2356 713 ca-

401 742 583 808 mino
625 740 780 807 huic
822 738 1051 807 attuli:
1094 735 1211 804 sed
1255 737 1312 803 si
1354 735 1570 803 nostri
1612 735 1722 803 hic
1764 736 2010 803 scirent
2055 755 2097 801 a
2137 754 2247 800 me
2289 741 2357 799 te

401 828 473 893 id
515 825 849 911 suspicari,
895 823 1163 890 omnino
1205 822 1426 890 oleum
1482 822 1806 889 afferrem.
1910 820 2006 888 At
2056 840 2235 898 cave,
2289 829 2356 885 te

403 915 689 989 obsecro,
735 934 817 979 ne
861 908 1128 977 aliunde
1188 907 1562 977 resciscant.
1659 907 1998 974 Confirmo
2052 926 2176 991 ego
2232 905 2355 972 tibi

401 998 655 1066 libellos
710 997 874 1064 istos
929 993 1087 1062 odio·
1135 993 1362 1061 haberi
1417 992 1501 1060 ab
1558 994 1863 1059 omnibus
1918 993 2162 1058 nostris
2179 1042 2194 1069 ‚
2249 990 2355 1056 in-

402 1086 636 1175 primis
683 1103 838 1150 vero
882 1083 963 1149 ab
1008 1081 1152 1167 ipso
1194 1080 1525 1164 Principe,
1578 1080 1690 1163 qni
1732 1100 1856 1146 nec
1913 1079 2076 1144 duos
2129 1098 2356 1144 versus

401 1172 618 1256 potuit
661 1172 878 1254 legere
917 1168 993 1235 in
1035 1186 1114 1233 eo
1156 1166 1270 1251 qui
1310 1165 1442 1250 ipsi
1485 1176 1628 1231 erat
1666 1164 2042 1248 inscriptus.
2128 1165 2356 1262 Agno-

403 1258 505 1323 vit
561 1257 738 1323 enim
803 1276 930 1340 quo
983 1251 1223 1337 spiritu
1291 1258 1464 1318 esset
1513 1251 1944 1318 concinnatus
2009 1260 2076 1315 et
2131 1254 2359 1315 reiecit

405 1342 600 1411 illico.
691 1340 826 1408 Sed
869 1337 1029 1425 quid
1076 1359 1194 1404 nos
1237 1357 1472 1423 purgo,
1515 1336 1703 1422 quasi
1755 1350 1829 1402 tu
1872 1336 2127 1402 nescias
2181 1333 2359 1401 unde

452 1426 808 1496 redierint?
895 1426 1083 1492 Bone
1120 1423 1325 1501 Deus,
1364 1422 1521 1507 quid
1562 1422 1836 1506 inquam
1882 1419 2124 1489 audio?
2181 1419 2356 1486 Mal-

402 1452 535 1582 lem
578 1513 841 1601 papista
877 1533 1039 1589 esse,
1099 1530 1556 1610 speraremque
1599 1508 1732 1575 illic
1776 1507 2059 1592 aliquam
2100 1508 2357 1573 miseri-

404 1599 694 1667 cordiam
758 1596 1191 1686 ignorationis
1271 1616 1455 1662 meae
1469 1647 1484 1673 ,
1609 1615 1760 1660 nam
1833 1604 2022 1660 autor
2095 1592 2358 1659 illorum

403 1687 740 1764 librorum,
785 1705 977 1768 quem
1020 1683 1157 1751 scio
1205 1680 1473 1761 invidia,
1513 1701 1552 1746 o
1600 1681 1679 1757 io,
1736 1679 1914 1747 mala
1966 1678 2360 1747 conscientia

402 1770 762 1857 impulsum
821 1769 1195 1855 scripsisse,
1261 1780 1457 1851 atque
1513 1766 1783 1833 omnino
1849 1775 1929 1832 ut
1986 1764 2360 1832 diffamaret

403 1860 612 1926 bonas
679 1855 1003 1923 ccclesias.
1112 1854 1248 1921 Nos
1317 1852 1525 1931 enim,
1595 1854 1858 1918 tametsi
1926 1852 2119 1939 ignes
2197 1851 2359 1917 istos

403 1944 543 2029 pati
610 1963 741 2008 non
812 1941 1170 2026 possimus,
1244 1950 1465 2006 tamen
1534 1960 1671 2005 non
1741 1940 2105 2004 laceramus
2127 1989 2141 2013 ,
2223 1957 2358 2003 non

403 2031 656 2096 invisos
734 2047 1050 2095 conamur
1128 2024 1400 2091 reddere
1489 2046 1599 2090 eos
1671 2025 1784 2109 qui
1867 2023 1997 2089 illis
2064 2031 2356 2090 utuntur.

404 2115 745 2198 Quantum
835 2134 990 2178 vero
1074 2111 1339 2177 intersit
1413 2111 1587 2177 inter
1663 2130 1784 2176 nos
1869 2120 1934 2175 et
2020 2109 2171 2175 illos
2247 2108 2360 2191 qui

406 2201 654 2284 sparsis
709 2199 894 2266 libris
941 2218 1061 2264 vos
1104 2196 1475 2276 traducunt,
1532 2196 1680 2281 quis
1735 2219 1866 2262 non
1916 2194 2134 2262 videt?
2225 2191 2360 2261 Sed

405 2289 592 2354 Deus
634 2285 806 2352 male
849 2284 1050 2351 faciat
1097 2282 1396 2350 Servetis
1439 2291 1508 2347 et
1551 2282 1865 2349 monstris
1910 2282 2151 2348 talibus
2194 2301 2359 2365 quae

406 2371 706 2438 diabolus
775 2369 1053 2453 arripuit
1140 2390 1258 2452 pro
1336 2368 1676 2435 occasione
1693 2421 1709 2447 ,
1791 2388 1918 2452 qua
2002 2367 2361 2434 multorum

406 2458 610 2525 animi
664 2455 1133 2534 dividerentur,
1193 2475 1395 2538 quum
1451 2463 1672 2521 essent
1734 2452 2025 2538 alioquin
2089 2453 2358 2540 conglu-

405 2545 619 2611 tinati.
710 2546 820 2611 An
879 2542 1095 2609 nescis
1155 2541 1564 2608 Gratarolum
1582 2543 1637 2618 ²)
1698 2538 1863 2606 mihi
1918 2538 2214 2606 libellum
2257 2561 2359 2605 re-

403 2629 588 2716 pudii
653 2629 943 2707 misisse,
1009 2648 1146 2693 non
1203 2625 1376 2710 quod
1441 2649 1548 2693 me
1606 2623 2042 2693 Servetanum
2144 2632 2361 2691 utaret

404 2715 724 2793 (nondum
770 2715 945 2780 enim
995 2724 1131 2779 tam
1176 2713 1346 2779 male
1391 2712 1472 2779 de
1507 2716 1661 2792 me),
1706 2711 1823 2778 sed
1856 2710 2031 2795 quod
2124 2711 2359 2778 ‘xerim

405 2812 471 2867 et
514 2800 676 2880 dioc,
722 2802 778 2867 si
800 2821 1013 2868 essem
1046 2797 1245 2865 iudex
1280 2797 1510 2865 talium
1596 2820 1885 2864 arcerem
1922 2799 2117 2864 vitae.
2177 2795 2361 2880 Quin

403 2887 560 2955 andi
619 2887 933 2972 amplius:
995 2885 1379 2962 Lautumias,
1401 2889 1454 2962 ⁸)
1692 2885 1956 2968 inenyus
1998 2898 2066 2951 et
2123 2881 2360 2967 reliqui

401 2974 557 3041 Itali
603 2975 716 3057 qni
741 2972 1058 3040 Genevae
1094 2970 1345 3056 degunt
1385 2983 1541 3036 sunt
1561 2971 1760 3036 etiam
1787 2990 1827 3034 a
1848 2991 1955 3035 me
1988 2969 2354 3036 abalienati.

404 3059 603 3129 Certe
647 3058 950 3144 refriguit
1005 3078 1269 3141 prorsus
1332 3057 1573 3123 caritas
1636 3077 1766 3140 qua
1829 3078 1949 3123 nos
2013 3055 2228 3139 patria
2293 3064 2362 3120 et

404 3144 771 3213 similitudo
847 3141 1217 3210 studiorum
1296 3155 1364 3207 ct
1438 3141 1830 3209 conditionis
1906 3144 2357 3208 coniunxerat.

404 3232 513 3299 De
556 3231 779 3298 animo
825 3228 1074 3297 Galo-ini
1115 3248 1275 3314 erga
1316 3248 1426 3294 me
1470 3227 1638 3294 nihil
1692 3249 1959 3312 possum
2013 3229 2359 3306 affirmare,

405 3317 523 3385 sed
585 3319 701 3384 vix
771 3314 1214 3399 perseverabit
1278 3314 1349 3379 in
1409 3323 1631 3380 vetere
1702 3314 2158 3380 benevolentia
2228 3312 2361 3379 illis

407 3402 885 3470 accusantibus.
955 3399 1089 3468 Sed
1125 3398 1282 3482 quid
1319 3399 1558 3485 agam?
1617 3398 1902 3467 Deserat
1936 3421 2040 3465 me
2078 3397 2362 3466 mundns

405 3499 695 3574 quantus
736 3496 1027 3571 quantus
1061 3495 1180 3565 est,
1218 3507 1255 3552 e
1301 3507 1340 3552 o
1375 3488 1594 3552 nescio
1629 3485 1906 3567 adulari,
1947 3485 2096 3551 nolo
2131 3494 2364 3552 contra

406 3574 877 3642 conscientiam
935 3573 1133 3656 loqui.
1304 3581 1375 3637 at
1430 3571 1564 3637 illis
1620 3573 1677 3638 si
1734 3593 1862 3639 non
1920 3572 2242 3648 exclamo,
2302 3572 2360 3637 si

404 3660 741 3727 neminem
779 3660 1052 3741 concito,
1095 3660 1153 3725 si
1190 3680 1323 3725 non
1361 3659 1589 3725 desino
1622 3656 1769 3725 illos
1804 3678 2058 3724 amare:
2100 3667 2360 3724 tantum

405 3748 466 3814 si
509 3768 721 3831 rogor,
764 3743 937 3830 quod
982 3756 1049 3810 et
1088 3765 1237 3811 raro
1280 3745 1374 3823 fit,
1432 3743 1574 3809 dico
1618 3743 1908 3810 modeste
1951 3765 2167 3811 meam
2208 3765 2359 3810 sen-

405 3833 700 3898 tentiam.
801 3833 911 3897 An
954 3839 1299 3915 propterea
1341 3829 1584 3897 debent
1633 3830 2007 3896 abalienare
2059 3828 2357 3897 animos?

406 3918 545 3985 Res
588 3918 682 3985 sic
726 3923 842 3994 est,
899 3939 1006 3983 me
1052 3918 1378 3983 neminem
1434 3937 1628 3983 nosse
1670 3915 1738 3982 in
1795 3916 1899 3982 his
1958 3916 2200 3981 nostris
2256 3937 2360 3982 ec-

407 4003 623 4072 clesiis
665 4003 781 4088 qui
821 4002 890 4069 id
933 4025 1067 4070 non
1102 4003 1347 4070 sentiat
1387 4000 1558 4086 quod
1593 4023 1715 4087 ego
1760 4002 1989 4080 sentio,
2038 4022 2169 4066 non
2214 4002 2360 4087 qui·

408 4089 558 4157 dem
601 4090 674 4155 in
707 4089 993 4175 gratiam
1024 4087 1253 4156 Ducis.
1327 4088 1481 4155 Non
1524 4090 1695 4155 enim
1743 4110 1973 4155 sumus
2013 4088 2200 4164 tales,
2243 4085 2360 4154 sed

406 4177 558 4260 quia
602 4174 921 4243 habemus
963 4185 1031 4240 et
1088 4196 1210 4242 nos
1266 4184 1527 4241 nostras
1582 4195 1826 4241 causas.
1934 4174 2032 4240 Ac
2097 4175 2175 4238 do
2234 4172 2362 4241 hoc

1889 371 2419 445 EPIS'rom
2460 375 2884 441 2179—2181

4286 374 4413 438 656

2460 562 2637 628 satis.
2740 561 3033 627 Tantum
3090 570 3157 628 te
3198 569 3506 648 rogatum
3560 561 3780 639 velim,
3822 561 4114 630 Henrice
4156 560 4413 628 Bullin-

2453 668 2616 733 oere,
2681 658 2758 712 ut
2820 667 3085 713 omnem
3147 647 3582 733 suspicionem
3647 668 3970 729 amoveas,
4034 669 4181 716 esse
4234 647 4413 713 inter

2458 756 2579 800 nos
2619 732 2782 800 talia
2821 732 3093 820 ingenia
3133 753 3305 819 quae
3348 732 3515 800 tales
3559 732 3761 802 libros
3814 735 4050 801 ferant.
4149 732 4413 817 Quaere

2457 820 2729 906 propius
2772 819 3021 905 Tiguro
3038 823 3095 897 ⁴)
3139 828 3209 885 et
3247 818 3566 886 invenies.
3655 818 3915 887 Deinde
3956 842 4043 887 ne
4075 829 4267 904 putes
4308 821 4413 886 in-

2457 904 2874 992 fringendam
2909 905 3250 973 caritatem
3294 907 3350 973 si
3392 907 3460 972 in
3498 926 3576 973 eo
3608 904 3882 974 articulo
3916 927 3958 972 a
3994 906 4180 973 vobis
4220 905 4413 973 dissi-

2458 990 2708 1060 demus.

2632 1077 2957 1163 Superest
3001 1088 3073 1144 ut
3112 1097 3321 1161 pauca
3344 1076 3557 1146 dicam
3580 1076 3663 1145 de
3696 1076 3955 1145 silentio
3998 1076 4173 1163 quod
4207 1076 4416 1162 scrip-

2459 1185 2677 1231 seram
2720 1186 2826 1230 me
2869 1162 3147 1248 probare
3188 1164 3263 1229 in
3306 1164 3513 1230 altero
3551 1164 3844 1232 articulo.
3930 1164 4110 1231 Mihi
4149 1163 4415 1232 libellus

2476 1248 2842 1335 westphali,
2885 1249 3054 1315 mihi
3093 1248 3327 1316 literae
3362 1250 3831 1317 nonnullorum
3867 1270 4000 1317 non
4037 1258 4196 1316 sunt
4235 1250 4417 1318 visae

2462 1336 2631 1401 tanti
2675 1345 2748 1401 ut
2791 1346 3059 1420 propter
3102 1355 3213 1402 eas
3256 1337 3410 1403 novi
3455 1358 3494 1403 a
3536 1337 3727 1405 vobis
3783 1335 3988 1403 libelli
4044 1335 4412 1414 ederentur,

2461 1422 2587 1489 hac
2649 1422 3033 1504 praesertim
3086 1432 3221 1487 tem
3342 1431 3493 1489 tate.
3611 1423 3758 1490 Hoc
3827 1424 4003 1488 sensi
4075 1431 4144 1488 et
4200 1425 4413 1489 sentio

2463 1506 2694 1574 adhuc.
2783 1510 2881 1574 At
2912 1528 3030 1576 vos
3063 1506 3199 1573 aliu
3247 1559 3264 1586 ,
3299 1507 3725 1593 libellumque
3759 1508 4086 1576 edidistis:
4128 1515 4198 1573 at
4234 1508 4415 1575 vide-

2463 1594 2619 1661 bitis
2660 1593 2819 1679 quid
2862 1603 3316 1678 consequetur,
3361 1615 3468 1661 me
3510 1594 3772 1680 quidem
3816 1595 4036 1661 flente.
4100 1592 4232 1661 Sus
4280 1596 4415 1662 icor

2464 1680 2644 1745 enim
2690 1680 2979 1764 primum
3024 1700 3393 1748 emersuros
3445 1682 3551 1765 qui
3610 1682 3925 1749 acerrime
3974 1701 4217 1764 respon
4261 1688 4416 1758 eant

2464 1786 2856 1850 omnemque
2897 1767 3082 1832 litem
3126 1779 3468 1832 renovent.
3558 1764 3819 1833 Deinde
3861 1778 3930 1833 et
3972 1766 4151 1832 aliud
4196 1768 4414 1833 timeo.

2465 1854 2560 1919 At
2602 1860 2859 1935 poterat
2899 1852 3136 1918 redimi
3190 1852 3323 1919 tale
3380 1852 3889 1933 incommodum,
3946 1874 4093 1919 meo
4151 1853 4418 1937 quidem

2463 1935 2722 2004 iudicio.
2832 1937 3038 2005 Vobis
3091 1959 3249 2004 vero
3322 1960 3452 2005 non
3520 1946 3622 2006 est
3683 1940 3780 2005 ita
3841 1941 4080 2005 visum.
4192 1937 4417 2020 Quare

2464 2032 2765 2109 superest
2830 2030 2905 2091 ut
2969 2023 3192 2091 Deum
3258 2046 3481 2111 rogem
3557 2035 3637 2092 ut
3698 2026 3919 2091 omnia
3993 2027 4065 2090 in
4145 2024 4413 2091 bonum.

2460 2109 2742 2177 Interim
2804 2131 2939 2176 non
3004 2109 3230 2177 desino
3294 2132 3414 2177 vos
3478 2131 3702 2177 amare
3767 2121 3835 2178 et
4101 2112 4123 2175 i
4185 2112 4417 2178 facere.

2466 2196 2759 2263 Licuerit
2781 2195 2956 2281 quod
2990 2196 3204 2263 sentio
3239 2196 3471 2264 dicere.
3511 2235 3594 2246 -
3632 2236 3716 2247 --
3752 2234 3833 2246 —-
3873 2233 3955 2247 -
4047 2196 4419 2283 tutgardiae

2466 2288 2522 2345 7.
2567 2280 2819 2368 Aprilis
2868 2286 3050 2349 1555.

3864 2421 4241 2505 Vei-getius.

2635 2625 2917 2692 Detinui
2961 2626 3187 2693 literas
3231 2648 3437 2711 usque
3482 2626 3565 2693 ad
3610 2627 3786 2694 hunc
3830 2626 4003 2694 diem
4051 2632 4109 2693 9.
4149 2624 4417 2711 Aprilis.

2464 2712 2636 2797 Legi
2679 2713 2934 2779 interea
2976 2712 3293 2780 libellum.
3313 2717 3374 2799 ⁶)
3461 2716 3783 2781 Doctrina
3824 2732 4161 2798 nunquam
4195 2711 4424 2796 displi-

2463 2800 2617 2867 cuit.
2721 2799 2867 2864 'l'ua
2921 2799 3088 2864 mihi
3141 2799 3350 2866 multo
3403 2801 3618 2886 magis
3673 2801 3990 2884 probatur
4044 2798 4342 2883 epistola,
4359 2799 4420 2880 8)

2464 2893 2697 2969 utpote
2733 2883 3087 2951 modestior
3120 2906 3317 2968 quam
3352 2885 3766 2953 Oalviniana.
3854 2886 3926 2953 Is
3967 2897 4144 2952 certe
4178 2885 4304 2950 hac
4347 2885 4422 2948 in

2463 2991 2663 3038 causa
2704 2971 2980 3037 nimium
3024 2971 3188 3037 mihi
3229 2969 3497 3039 videtur
3539 2972 3908 3038 virulenter
3950 2971 4143 3055 loqui.
4233 2969 4421 3036 Deus

2465 3057 2709 3144 dirigat
2751 3058 2822 3124 in
2867 3059 3129 3126 bonnm.

2634 3142 2825 3211 Idem
2867 3144 3118 3230 scripsi.
3206 3144 3346 3210 Diu
3387 3144 3483 3210 fui
3526 3165 3677 3213 cum
3718 3146 3807 3212 D.
3850 3143 4137 3223 Brenno,
4181 3142 4296 3228 qui
4332 3164 4419 3210 ex

2472 3230 2695 3297 animo
2736 3230 3015 3315 ingemit
3056 3229 3549 3316 reprehendens
3606 3229 4035 3315 Waetphalum
4073 3229 4264 3296 illum
4347 3229 4419 3293 ui

2463 3315 2764 3382 libellum
2809 3315 3034 3396 edidit,
3078 3326 3148 3382 et
3190 3336 3419 3383 omnes
3461 3319 3570 3401 qni
3614 3318 3801 3383 litem
3846 3326 4191 3396 renovant,
4237 3314 4317 3381 ad
4366 3317 4419 3363 '-

2465 3399 2690 3487 ditqne
2743 3400 2965 3468 Deum
3019 3410 3315 3486 tempore
3372 3403 3516 3487 ipso
3571 3403 4000 3471 inventurum
4052 3400 4424 3469 remedium

2466 3487 2618 3555 huic
2661 3487 2862 3554 malo:
2911 3509 3113 3572 quare
3161 3488 3435 3555 minime
3478 3488 3782 3557 debuisse
3817 3488 4160 3576 exagitari.
4247 3488 4424 3554 Tum

2465 3595 2617 3660 ego:
2662 3576 2869 3660 Atqui
2912 3575 3046 3640 iam
3086 3574 3387 3642 Calvinus
3420 3574 3773 3660 respondit.
3831 3577 3979 3644 Hoc
4023 3596 4179 3643 vero
4207 3573 4423 3641 Bren-

2465 3663 2627 3726 tium
2667 3680 2778 3726 ma
2828 3661 2881 3727 's
2924 3661 3137 3742 torsit,
3173 3671 3241 3726 et
3282 3668 3458 3728 certe
3500 3682 3709 3745 paene
3749 3662 3937 3729 flevit
3970 3661 4212 3741 dolore,
4246 3659 4425 3746 quod

2467 3755 2694 3813 sancte
2852 3768 3011 3813 rmo.
3116 3745 3343 3830 Quum
3384 3748 3559 3813 enim
3602 3768 3997 3833 magnopere
4040 3756 4226 3833 optet
4265 3768 4423 3814 con-

2465 3832 2776 3912 cordiam,
2827 3832 3170 3900 videbatur
3210 3833 3311 3899 illi
3354 3854 3497 3898 eam
3541 3835 3803 3901 silentio
3862 3857 3995 3902 non
4055 3834 4423 3901 contentio-

2466 3918 2665 3985 nibus
2710 3920 2940 3987 sarciri
2977 3940 3188 4002 posse.
3294 3919 3400 3985 De
3458 3920 3832 4005 praeteritis
3874 3943 4004 3987 non
4066 3934 4168 3988 est
4208 3920 4422 3987 consi-

2464 4004 2659 4079 lium.
2715 4005 2831 4072 sed
2887 4028 2954 4071 m
3089 4025 3129 4071 o
3185 4005 3576 4072 redimerem
3631 4028 3717 4073 ne
3773 4008 3920 4073 istic
3974 4006 4194 4073 editus
4246 4014 4424 4072 esset

2466 4089 2748 4157 libellus.
2847 4092 2956 4156 Ex
3059 4112 3136 4158 oc
3190 4090 3435 4160 ducatu
3490 4114 3683 4159 nemo
3741 4091 3928 4160 vobis
3980 4091 4420 4178 respondebit,

2463 4176 2639 4330 {3311
2696 4186 2908 4329 certob
2931 4179 3101 4329 scitas
3121 4188 3280 4328 :vaf
3319 4177 4067 4332 'elaqmbunttiagaffnae
4119 4190 4190 4246 et
4244 4198 4423 4244 nova

2596 4285 2636 4327 a
2676 4284 2866 4328 move
2914 4285 3004 4329 un
3206 4287 3244 4329 o
3270 4285 3337 4329 m
3381 4285 3583 4332 scires
3625 4287 3665 4332 e
3918 4285 4050 4333 aec.

409 4482 585 4538 ²¹⁷⁹·
604 4481 936 4564 ¹)F0'ffl⁸⁸⁶
969 4482 1039 4536 ‘¹⁶
1056 4483 1222 4539 1²⁰&
1253 4484 1591 4554 0⁰9¹*an
1624 4484 1722 4553 qui
1755 4488 1935 4537 tamen
1960 4489 2075 4537 tm
2106 4485 2363 4551 tempora
2472 4441 2489 4446 ’
2606 4442 2633 4445 ’ἦ

407 4556 631 4607 nmine
662 4569 726 4606 m
741 4553 952 4608 vicinia
982 4552 1226 4622 Verocn'i
1245 4552 1550 4624 quaerendi
1580 4552 1832 4618 fument.
1887 4551 2042 4620 Quae
2060 4558 2362 4622 aequuum

406 4623 594 4702 potins
627 4620 706 4676 ad
751 4620 1258 4702 wirtember-ymos
1286 4620 1582 4689 referenda
1625 4621 1899 4682 υἱὼπεαν,
1945 4623 2182 4675 nmmo
2209 4622 2362 4700 'qa-'o

407 4706 527 4814 ff
575 4691 833 4773 1²⁹·in
882 4691 1048 4745 simul
1150 4692 1431 4774 ‘odada-ar.
1533 4689 1857 4746 Hemina-is
1912 4689 2143 4745 libellum
2196 4694 2361 4743 saturn

489 4776 539 4816 ⁸0
571 4773 683 4890 ῳῖε).
711 4759 1052 4898 &why
1050 4775 1428 4899 01:³2⁸.oeun
1465 4827 1653 4882 Banle'
1651 4842 1805 4882 enus
1836 4825 2101 4897 quosdam
2135 4840 2358 4880 cauam

823 4900 1101 4966 ample-sos
1155 4897 1552 4959 dumba,
1606 4912 1780 4966 supra
1826 4896 2004 4962 emisti
2055 4893 2153 4960 (N.
2206 4893 2362 4952 1914.

615 5031 677 5098 8)
713 5033 864 5087 Iaact.
893 5034 1158 5105 Ragnoni,
1191 5034 1392 5089 nobilis
1419 5035 1677 5089 Senensis
1712 5034 1807 5103 qni
1827 5031 2046 5087 Italiam
2080 5033 2361 5102 religionis

413 5118 545 5172 crgo
579 5101 879 5172 reliquerat
910 5119 975 5157 ac
1008 5103 1152 5158 circa
1184 5121 1233 5157 a.
1275 5101 1405 5158 1551
1441 5111 1616 5158 semet
1645 5103 1920 5158 Genavam
1943 5111 2244 5171 receperat,
2280 5102 2360 5156 ibi

413 5179 656 5227 veterem
707 5187 830 5225 cnm
888 5170 1008 5228 Gal.
1052 5172 1363 5228 caracciolo
1408 5173 1700 5226 amicitiam
1753 5187 1915 5241 qnam
1962 5169 2192 5239 Neapoli
2250 5171 2359 5225 iam

414 5245 668 5295 crexerat
700 5239 1029 5295 instauravit
1072 5257 1137 5295 ac
1172 5257 1280 5295 non
1324 5243 1404 5294 ita
1444 5243 1617 5296 multo
1765 5253 1791 5293 t
1830 5239 2052 5294 Italicae
2101 5240 2361 5294 ccclesiae

413 5319 502 5365 cat
535 5305 856 5378 praefectus.
929 5308 1179 5376 (Gor-des,
1219 5307 1392 5364 Italia
1423 5311 1524 5377 ref.
1554 5327 1616 5381 p.
1759 5312 1798 5377 .)

2667 4552 2732 4619 4)
2768 4553 3027 4609 Basileus
3059 4556 3333 4611 nimirum.

2668 4623 2729 4686 ὃ)
2772 4621 2993 4679 Calvino·
3026 4623 3429 4692 Defensiomm.

2668 4691 2731 4760 6)
2769 4690 3103 4760 Defensioai
3131 4707 3369 4748 anmo-
