4850 6200
1180 597 1376 670 2311.

725 749 1197 819 SULZERUS
1243 753 1816 820 MARBAOHIO.

301 919 878 1072 mGommendat
937 922 1355 989 Hotomanum
1413 926 1898 1009 Aryentoratum
1959 926 2240 1008 proficis·

442 1178 554 1241 (Ex
591 1178 858 1247 Epistolis
894 1179 962 1233 ad
997 1179 1339 1234 Marbachios
1376 1199 1409 1233 a
1446 1180 1667 1235 Fechtio
1705 1182 1866 1236 editis
1900 1200 1954 1252 p.
1991 1180 2101 1247 51.)

473 1348 543 1414 S.
613 1350 1022 1417 Odomannus
1078 1352 1203 1431 hic,
1251 1355 1353 1418 vir
1397 1354 1795 1419 clarissimus
1840 1354 2133 1419 doctrina
2175 1363 2243 1419 et

298 1433 559 1517 pietate,
606 1436 687 1501 ad
733 1459 851 1501 vos
894 1459 1039 1503 cum
1087 1441 1221 1505 suis
1266 1439 1577 1506 concedit.
1610 1443 1655 1519 ¹)
1728 1439 1942 1521 Quem
1989 1440 2240 1524 gaudeo

299 1520 572 1587 civitate
608 1522 940 1600 donatum,
984 1526 1136 1607 quia
1166 1527 1525 1591 constantis
1570 1524 1718 1590 fidei
1743 1539 1808 1590 et
1851 1527 2241 1593 sinceritatis

300 1604 545 1673 indicia
600 1610 681 1674 ab
738 1612 928 1675 annis
984 1611 1114 1675 iam
1159 1622 1300 1676 octo
1318 1617 1398 1687 2)·
1421 1612 1651 1695 quibus
1695 1612 1858 1676 mihi
1902 1622 2097 1677 notus
2142 1622 2242 1677 est

301 1695 566 1778 egregia
622 1695 816 1773 dedit,
875 1706 950 1761 ut
996 1717 1251 1779 sperem
1291 1696 1593 1781 deinceps
1633 1699 1826 1762 etiam
1876 1698 2057 1763 bonis
2103 1719 2239 1763 om-

299 1775 495 1844 nibus
539 1802 681 1846 sese
726 1782 1251 1866 adprobaturum.
1312 1780 1852 1849 Commendarem
1897 1805 2053 1867 ergo
2092 1806 2239 1849 eum

305 1860 424 1929 tibi
469 1866 770 1948 plurimis
815 1870 940 1933 nisi
985 1879 1098 1933 tua
1135 1880 1364 1952 sponte
1408 1890 1564 1954 erga
1607 1869 1793 1933 illum
1842 1882 1907 1934 te
1947 1892 2063 1951 per
2106 1870 2238 1935 sin-

533 1974 597 2016 m
647 1954 1160 2019 benevolentiam
1210 1958 1361 2020 ferri
1402 1955 1659 2020 abunde
1703 1958 1968 2020 scirem:
2014 1966 2086 2019 ut
2131 1957 2236 2038 qui

301 2054 511 2118 nuper
555 2040 750 2104 etiam
797 2040 1153 2105 liberaliter
1198 2041 1540 2106 declarasti
1587 2063 1778 2124 quam
1839 2063 2031 2106 verae
2075 2043 2239 2107 cari—

301 2123 455 2187 tatis
481 2125 835 2190 visceribus
857 2126 1041 2190 illum
1067 2129 1444 2210 complexus
1470 2128 1575 2193 sis.
1602 2163 2242 2174 ——————

300 2203 503 2273 Basil.
549 2211 761 2293 pridie
808 2210 944 2277 Gal.
992 2211 1294 2278 Octobris
1339 2235 1509 2278 anno
1565 2218 1740 2277 1555.

1235 2349 1416 2415 'Puus
1460 2348 1695 2415 Simon
1737 2350 2069 2415 Sulcerus.

1155 2912 1348 2985 2312.

470 3070 647 3138 Lus
694 3069 1316 3138 PRISONNIERS
1362 3071 1488 3136 DE
1540 3054 2068 3137 OHAMBERY

1040 3178 1102 3240 A
1149 3175 1518 3241 CALVIN.

471 3345 677 3410 Lame
718 3347 1032 3412 d'adienx.
1063 3347 1112 3429 ¹)

778 3518 1048 3582 (Histoire
1085 3518 1179 3586 des
1215 3519 1453 3589 Mai-tyrs
1487 3519 1580 3572 fol.
1618 3516 1764 3583 354.)

471 3689 812 3755 Monsieur
878 3700 944 3753 et
989 3690 1413 3756 treshonnore
1457 3712 1609 3773 pere
1654 3711 1734 3753 66
1782 3699 2002 3753 nostre
2048 3688 2235 3773 Seig—

291 3795 479 3853 neur,
540 3797 705 3842 nous
763 3798 967 3842 avons
1023 3798 1212 3842 receu
1279 3799 1394 3840 vos
1438 3777 1661 3840 lettres
1707 3774 1794 3839 du
1838 3776 2236 3856 cinquiesme

294 3858 372 3924 de
443 3860 851 3945 Septembre,
912 3863 1020 3943 qui
1087 3883 1250 3927 nous
1285 3874 1403 3927 ont
1445 3859 1880 3945 grandement
1922 3861 2232 3925 consolez.

295 3943 425 4010 Gar
492 3947 648 4012 elles
706 3970 871 4013 nous
936 3949 1248 4013 testifient
1299 3957 1520 4012 vostre
1566 3947 1832 4010 ardente
1875 3946 2126 4011 charite
2170 3957 2237 4011 et

293 4029 370 4096 de
440 4043 586 4098 tous
651 4034 745 4098 les
811 4035 1049 4098 Freres
1107 4054 1346 4099 envers
1412 4053 1591 4110 nous,
1638 4041 1868 4096 entant
1910 4053 2034 4113 que
2071 4053 2234 4097 vous

291 4138 456 4183 vous
512 4121 860 4185 contristez
920 4120 1255 4184 tellement
1316 4117 1395 4184 de
1461 4127 1686 4182 nostre
1739 4119 1872 4181 mal
1932 4118 2111 4182 selon
2170 4118 2234 4183 la

293 4202 497 4282 chair,
543 4226 668 4287 que
711 4205 1075 4289 cependant
1117 4228 1199 4270 66
1221 4204 1450 4270 laissez
1486 4225 1600 4288 pas
1645 4204 1724 4268 de
1763 4224 1926 4269 vous
1970 4205 2235 4288 esiouyr

293 4491 460 4548 2811.
502 4495 559 4558 1)
602 4494 678 4548 Et
722 4496 936 4566 quidem
982 4501 1123 4550 serio
1168 4504 1218 4551 et
1257 4511 1665 4565 permansurus.
1741 4494 1886 4548 Nam
1925 4500 2089 4547 antea
2121 4497 2234 4548 iarn

288 4564 428 4617 idem
466 4580 588 4617 eum
620 4566 725 4618 iter
757 4568 1053 4633 suscepisse
1087 4569 1282 4633 leyisti.
1362 4565 1628 4618 Taedebat
1662 4579 1781 4616 eum
1817 4564 2058 4616 muneris
2083 4561 2232 4616 Lau·

288 4635 583 4686 cannensis
619 4642 668 4687 et
695 4633 969 4687 Baldm'm‘
1003 4635 1459 4689 commendatione
1492 4635 1732 4702 aliquam
1767 4634 1909 4685 iuris
1938 4633 2232 4699 professio·

291 4715 407 4754 nem
443 4703 752 4772 quaerebat.
825 4704 1120 4756 Balduinus
1165 4721 1361 4756 novum
1409 4702 1677 4771 hospitem
1729 4707 1955 4770 propter
1992 4707 2230 4753 veterem

292 4771 584 4824 amicitiam
621 4772 944 4825 amicissime
983 4773 1211 4841 excepit,
1247 4774 1341 4826 sed
1368 4773 1610 4839 viperam
1646 4786 1765 4823 sese
1800 4771 1856 4822 in
1891 4769 2014 4822 sinu
2050 4770 2233 4822 fovere

290 4852 412 4892 mox
449 4841 638 4893 sensit.
710 4841 889 4909 (Biya
923 4857 1009 4894 res
1050 4858 1167 4895 ons.
1199 4859 1255 4908 p.
1295 4840 1438 4906 163.)
1513 4841 1667 4894 Haec
1702 4839 1978 4893 illustrari
2004 4847 2234 4907 possunt

290 4920 356 4960 ex
390 4910 674 4963 annotatis
707 4909 784 4962 ad
820 4909 893 4964 N.
931 4859 1087 4962 2213.

499 4977 807 5110 25v023ugt)
832 4977 1088 5033 Sulzerus
1134 4978 1355 5032 Rornae
1407 4984 1454 5031 et
1502 4976 1847 5030 Hotomanus
1896 4974 2234 5029 Lau-sannae

291 5052 441 5098 esset.
517 5051 536 5108 (
610 5088 620 5098 .
694 5048 725 5099 3
766 5091 774 5098 .

291 5110 470 5167 2312.
501 5116 558 5176 1)
599 5113 671 5169 Ge
705 5116 840 5169 n’est
872 5132 978 5182 pas
1011 5118 1047 5170 ὰ
1082 5115 1203 5168 dire
1245 5130 1345 5185 que
1381 5115 1506 5182 ss’ait
1539 5113 1621 5169 e'te'
1653 5113 1709 5166 la
1745 5113 2003 5166 dernier-e.
2080 5110 2232 5166 Cres·

284 5182 387 5248 pin
424 5204 490 5239 en
528 5185 706 5238 donne
740 5201 929 5239 encore
960 5186 1232 5252 plusieurs
1267 5186 1443 5250 apres,
1481 5186 1622 5238 mais
1657 5197 1866 5235 aucune
1901 5180 2038 5235 n’est
2065 5180 2232 5248 datae,

289 5255 338 5303 et
370 5253 419 5306 le
457 5257 596 5321 jour
631 5255 707 5307 du
754 5255 998 5321 supplice
1032 5253 1164 5307 n’est
1197 5270 1300 5321 pas
1334 5254 1558 5323 indique'
1593 5268 1704 5306 non
1739 5252 1879 5318 plus.
1951 5251 2112 5304 Nous
2143 5266 2229 5305 sa-

288 5333 422 5376 vons
454 5323 756 5393 cependant
787 5323 950 5394 qu'ils
984 5324 1226 5379 subirent
1260 5324 1308 5376 le
1339 5330 1577 5393 martyre
1611 5325 1657 5377 le
1697 5323 1774 5376 12.
1818 5321 2056 5378 octobre.

1980 416 2140 478 1555
2184 411 2627 481 SEPTEMB.

4160 428 4286 488 806

2346 600 2427 666 (16
2484 610 2707 668 nostre
2765 603 2919 668 bien
2976 604 3156 670 selon
3207 606 3476 689 l’esprit‚
3523 626 3607 671 en
3644 606 3947 690 pleurant
3982 629 4144 674 avec
4185 609 4289 676 166

2341 687 2650 771 pleurans
2694 697 2761 754 et
2802 690 2977 754 riant
3016 710 3173 756 avec
3216 690 3313 756 les
3348 691 3551 757 rians:
3603 692 3683 757 de
3726 694 3877 775 quoi
3912 715 4077 760 nous
4118 716 4291 762 vous

2343 775 2736 840 remercions
2812 776 3539 843 tresaffectueusement.
3652 778 3754 843 De
3830 792 4051 845 nostre
4114 790 4285 863 part,

2343 858 2638 925 combien
2682 882 2806 943 que
2849 882 3088 945 soyons
3132 862 3372 945 ioyeux
3417 863 3496 927 de
3541 884 3612 928 ce
3667 886 3791 946 que
3835 865 3898 929 le
3956 863 4287 949 Seigneur

2340 966 2462 1028 par
2516 965 2588 1010 sa
2650 966 2842 1029 grace
2899 968 3065 1011 nous
3108 947 3326 1011 donne
3369 947 3449 1013 de
3491 949 3645 1031 quoi
3681 971 3845 1015 nous
3880 952 4158 1016 resiouir
4200 973 4288 1018 en

2343 1032 2587 1096 saincte
2623 1032 2832 1111 liesse,
2864 1032 3172 1114 quelques
3194 1032 3485 1099 chetives
3528 1055 3767 1117 povres
3810 1048 3878 1100 et
3908 1037 4285 1104 miserables

2345 1128 2676 1181 creatures
2744 1139 2868 1200 que
2927 1140 3093 1183 nous
3153 1141 3417 1202 soyons:
3465 1121 3521 1184 si
3557 1130 3761 1186 est-ee
3806 1131 4118 1204 pourtant
4160 1145 4284 1205 que

2345 1222 2512 1265 nous
2536 1223 2815 1266 sommes
2840 1202 3097 1268 faschez
3135 1204 3214 1269 de
3255 1226 3409 1270 vous
3458 1203 3725 1282 donner,
3772 1217 3839 1271 et
3872 1215 3915 1271 a
3958 1209 4284 1290 plusieurs

2347 1287 2674 1353 excellens
2736 1309 3196 1373 personnages,
3254 1300 3320 1354 et
3375 1312 3619 1355 mesme
3669 1299 3710 1356 a
3766 1304 3945 1356 toute
3992 1294 4281 1376 l'Eglise,

2345 1382 2492 1436 tant
2562 1372 2643 1436 de
2698 1375 2889 1457 peine
2956 1385 3022 1438 et
3088 1375 3168 1439 de
3225 1377 3422 1441 souci.
3510 1376 3720 1459 166611
3780 1400 3904 1460 (166
3959 1380 4282 1461 plusieurs

2343 1458 2675 1524 occasions
2718 1458 2798 1524 de
2842 1461 3051 1542 gemit
3094 1481 3261 1525 nous
3306 1472 3541 1545 soyent
3574 1463 4088 1533 ,iournellement
4130 1487 4282 1548 pre-

2342 1554 2614 1621 sentees‚
2660 1546 2960 1610 toutefois
3003 1546 3277 1612 ceste-la
3310 1547 3477 1612 n’est
3534 1548 3718 1631 point
3759 1547 3873 1614 des
3918 1549 4281 1617 dernieres:

2344 1630 2683 1694 tellement
2735 1651 2860 1712 que
2907 1630 3202 1697 desirons
3254 1642 3319 1696 et
3364 1634 3588 1714 prions
3631 1653 3703 1698 66
3747 1634 3871 1698 bon
3909 1635 4083 1699 Dieu
4125 1636 4283 1719 qu’il

2345 1737 2506 1780 vous
2561 1725 2701 1781 oste
2760 1715 2907 1780 bien
2967 1725 3097 1781 tost
3140 1717 3220 1782 de
3264 1728 3436 1785 ceste
3478 1739 3700 1800 presse
3743 1720 3855 1801 qui
3896 1742 4060 1785 vous
4102 1742 4282 1788 serre

2341 1802 2847 1866 incessamment
2888 1809 2929 1866 6
2971 1824 3164 1868 66666
3208 1802 3287 1867 (16
3332 1811 3552 1868 nostre
3596 1805 3834 1887 prison,
3881 1826 3961 1869 66
4006 1807 4284 1889 quelque

2343 1889 2638 1951 maniere
2703 1887 2858 1969 qu’il
2924 1887 3017 1952 lui
3083 1887 3307 1969 plaira.
3397 1889 3470 1954 Si
3527 1894 3683 1955 c’est
3740 1911 3856 1974 par
3899 1901 4105 1974 mort,
4139 1899 4292 1958 tant

2345 1975 2565 2037 mieux
2591 1994 2755 2054 pour
2778 1994 2958 2037 nous.
3021 1971 3402 2038 Seulement
3426 1996 3592 2039 nous
3627 1976 3688 2039 le
3724 1978 3947 2058 prions
3991 1978 4147 2059 qu’il
4189 1979 4289 2043 lui

2344 2058 2545 2139 plaise
2591 2060 2898 2123 acroistre
2945 2081 3023 2122 en
3053 2081 3218 2124 nous
3263 2057 3342 2123 de
3378 2060 3525 2142 plus
3569 2082 3649 2124 en
3697 2063 3841 2144 plus
3886 2072 4058 2127 ceste
4092 2064 4289 2129 affec-

2343 2145 2502 2219 tion,
2558 2145 2704 2226 puis
2749 2165 2873 2226 que
2919 2144 2997 2208 de
3057 2166 3128 2209 sa
3187 2165 3376 2227 grace
3412 2146 3459 2209 il
3507 2168 3666 2211 nous
3713 2148 3799 2212 l’a
3841 2146 4122 2213 donnee:
4170 2170 4290 2232 par

2345 2248 2416 2293 ce
2443 2250 2678 2313 moyen
2724 2250 2949 2293 serons
2986 2229 3265 2294 delivrez
3310 2231 3389 2294 (16
3426 2231 3746 2314 plusieurs
3787 2232 4064 2315 prisons,
4105 2236 4288 2299 voire

2345 2313 2679 2396 beaucoup
2735 2315 2886 2398 plus
2946 2336 3357 2397 ennuyeuses
3416 2339 3537 2398 (166
3583 2330 3750 2381 ceste
3798 2329 3944 2382 tour
3987 2328 4069 2383 ou
4115 2341 4287 2385 som-

2344 2420 2484 2464 mes
2528 2402 2870 2465 enfermez.
2955 2400 3076 2467 S’il
3123 2401 3218 2464 lui
3264 2401 3426 2484 plait
3468 2423 3630 2466 nous
3672 2402 3954 2468 delivrer
3990 2426 4070 2468 on
4105 2406 4289 2488 quel-

2346 2506 2472 2566 que
2528 2495 2715 2550 autre
2760 2486 2968 2569 sacen,
3026 2485 3427 2551 satisfaisant
3483 2508 3565 2551 au
3627 2488 3800 2552 desir
3845 2488 3925 2553 de
3969 2511 4133 2555 ceux
4178 2492 4293 2573 qui

2347 2591 2513 2635 nous
2556 2577 2922 2655 regrettent
2964 2592 3117 2636 sans
3153 2572 3595 2654 comparaison
3641 2573 3791 2655 plus
3842 2595 3965 2655 que
4007 2597 4170 2638 nous
4207 2597 4288 2640 66

2345 2657 2595 2734 valens,
2634 2679 2758 2738 que
2804 2678 2875 2721 ce
2911 2659 3036 2722 soit
3067 2679 3232 2740 pour
3274 2658 3627 2740 respondre
3666 2667 3703 2722 a
3748 2658 3889 2723 leur
3932 2668 4178 2724 attente
4222 2668 4290 2726 et

2345 2749 2386 2806 6
2431 2742 2496 2805 16
2539 2752 2789 2808 vostre:
2834 2743 2942 2826 qui
2981 2756 3077 2807 est
3115 2764 3237 2825 que
3274 2765 3437 2808 nous
3461 2765 3623 2809 nous
3646 2746 4028 2828 employons
4063 2746 4289 2811 mieux

2346 2848 2473 2910 que
2525 2829 2754 2894 iamais
2815 2836 2856 2893 a
2912 2829 3198 2911 glorifier
3251 2849 3371 2893 son
3432 2830 3640 2894 sainct
3692 2830 3860 2893 Nom
3938 2839 4006 2895 et
4059 2830 4288 2897 edifier

2345 2934 2460 2977 son
2531 2914 2774 2996 Eglise.
2863 2914 3152 2996 Parquoi
3203 2914 3421 2979 disons
3480 2926 3759 2979 souvent
3813 2936 3969 2979 avec
4033 2914 4283 2981 David:

2345 2997 2406 3063 Ο
2453 2998 2778 3083 Seigneur
2811 2999 2983 3063 Dieu
3044 2999 3154 3063 des
3201 3020 3469 3077 armees,
3507 3021 3631 3083 que
3667 3021 3830 3065 ceux
3874 3003 3982 3083 qui
4019 3002 4283 3066 s’atten-

2344 3083 2500 3149 dent
2557 3091 2599 3150 a
2654 3086 2747 3150 toi
2796 3107 2880 3150 ne
2936 3093 3171 3170 soyent
3235 3087 3416 3168 point
3459 3086 3686 3151 confus
3731 3109 3812 3151 en
3850 3088 4009 3154 moi:
4057 3096 4125 3152 et
4158 3110 4285 3171 que

2342 3192 2509 3235 ceux
2539 3172 2649 3253 (161
2688 3180 2752 3236 16
2788 3172 3096 3236 cerchent
3130 3194 3212 3236 ne
3248 3184 3483 3254 soyent
3517 3173 3702 3254 point
3728 3173 3968 3237 rendus
3990 3173 4285 3238 honteux

2342 3277 2422 3319 en
2470 3257 2618 3332 moi,
2665 3255 2836 3321 Dieu
2884 3256 3170 3322 d'Israel.
3262 3258 3408 3338 Que
3451 3257 3683 3322 iamais
3728 3279 3894 3323 nous
3938 3280 4021 3326 66
4062 3260 4283 3343 iouys-

2341 3342 2519 3406 sions
2564 3341 2644 3406 de
2688 3350 2824 3408 cest
2867 3344 3170 3426 ombrage
3223 3342 3302 3407 de
3350 3345 3454 3407 vie
3510 3345 3698 3408 sinon
3744 3351 3784 3408 a
3833 3354 4004 3409 ceste
4063 3345 4284 3410 condi·
4342 3358 4350 3364 '

2343 3427 2519 3495 tiont
2580 3430 2729 3510 puis
2785 3450 2910 3509 que
2952 3427 3031 3492 de
3076 3449 3149 3492 sa
3193 3450 3384 3512 grace
3428 3429 3471 3492 il
3520 3451 3682 3493 nous
3727 3451 3767 3493 a
3808 3431 3935 3494 mis
3980 3452 4061 3494 en
4107 3432 4282 3495 train

2343 3512 2422 3577 de
2469 3514 2665 3577 sortir
2708 3514 2797 3578 du
2843 3514 3069 3577 milieu
3114 3513 3193 3577 de
3237 3524 3409 3579 ceste
3455 3516 3834 3597 generation
3877 3537 4182 3598 perverse
4218 3527 4285 3581 et

2342 3597 2637 3663 adultere
2693 3608 2775 3663 ou
2826 3599 2875 3663 il
2920 3608 3022 3663 est
3065 3599 3442 3682 blaspheme
3487 3621 3567 3662 66
3607 3607 3748 3664 1661
3791 3600 3870 3663 (16
3914 3611 4119 3665 sortes
4156 3623 4282 3683 que

2341 3685 2502 3747 c'est
2562 3706 2654 3747 un
2714 3685 3010 3756 horreur,
3071 3706 3233 3767 pour
3288 3686 3377 3748 lui
3439 3685 3602 3749 aller
3650 3684 3923 3750 chanter
3965 3686 4281 3768 louanges

2340 3770 2767 3835 immortelles
2823 3790 2906 3833 66
2967 3769 3030 3832 16
3086 3771 3469 3853 compagnie
3530 3771 3643 3835 des
3684 3771 4167 3836 bienheureux:
4217 3783 4282 3837 et

2341 3876 2506 3919 vous
2565 3856 2786 3937 prions
2842 3857 2993 3918 bien
3045 3856 3177 3919 fort
3221 3877 3344 3939 que
3390 3877 3504 3938 par
3554 3878 3666 3920 vos
3710 3858 4002 3922 oraisons
4047 3879 4284 3923 envers

2340 3941 2513 4004 Dieu
2558 3963 2719 4006 vous
2762 3962 2927 4005 nous
2972 3939 3172 4005 aidiez
3209 3949 3250 4006 a
3293 3941 3545 4005 obtenir
3588 3952 3760 4007 ceste
3799 3956 4112 4024 requeste.
4183 3947 4282 4010 Au

2339 4026 2603 4107 surplus
2662 4029 2853 4101 aussi,
2901 4026 3116 4109 quand
3174 4031 3449 4091 escrirez
3509 4049 3637 4091 aux
3686 4028 3935 4110 Eglises
3983 4029 4061 4094 de
4106 4030 4283 4094 Lau-

2342 4133 2549 4175 sanne
2608 4121 2674 4175 et
2730 4112 2809 4177 de
2854 4112 3293 4189 Neufchastel,
3341 4114 3419 4177 de
3464 4113 3558 4177 les
3605 4115 3890 4178 soliciter
3932 4122 3972 4178 a
4012 4115 4173 4178 faire
4219 4116 4282 4180 16

2339 4218 2583 4262 mesme
2618 4209 2682 4260 61
2728 4199 2821 4261 166
2866 4202 3211 4262 remercier
3253 4198 3330 4262 de
3375 4200 3519 4262 leur
3562 4200 3773 4263 bonne
3817 4199 4118 4262 affection
4165 4222 4281 4263 en-

2338 4305 2486 4347 vers
2542 4304 2737 4347 nous:
2796 4282 2875 4346 de
2935 4282 3212 4365 laquelle
3272 4299 3335 4348 et
3386 4285 3465 4347 de
3510 4284 3575 4347 la
3620 4293 3832 4348 vostre
3880 4305 3961 4348 ne
4004 4283 4281 4348 doutons

2336 4376 2770 4432 aucunement
2823 4369 2988 4432 mais
3051 4391 3331 4434 sommes
3397 4372 3631 4433 marris
3684 4390 3807 4450 que
3867 4391 3946 4431 ne
3987 4390 4281 4451 pouvons

2335 4454 2691 4535 respondre
2735 4462 2769 4519 6
2818 4454 3034 4518 166116;
3083 4465 3229 4518 tant
3263 4478 3305 4539 y
3342 4476 3381 4518 a
3415 4476 3541 4535 que
3577 4476 3742 4518 nous
3786 4474 3953 4518 nous
3997 4477 4042 4537 y
4086 4456 4280 4519 effor-

2338 4561 2514 4621 cons,
2582 4550 2649 4604 et
2702 4541 3039 4622 supplions
3098 4560 3171 4604 co
3231 4540 3353 4604 bon
3415 4542 3583 4604 Dieu
3629 4540 3775 4620 qu'il
3826 4561 3988 4603 vous
4032 4561 4279 4606 recom—

2337 4646 2536 4706 penso
2579 4624 2693 4689 des
2738 4626 2919 4690 biens
2964 4634 3032 4689 et
3075 4627 3405 4709 spirituels
3448 4637 3514 4689 et
3557 4627 3879 4706 corporeis
3939 4649 4063 4707 que
4108 4649 4280 4692 rece-

2337 4732 2500 4774 vnns
2567 4709 2647 4774 de
2705 4731 2869 4776 vous
2931 4724 3091 4788 tous,
3160 4734 3407 4776 comme
3473 4712 3551 4775 de
3608 4733 3725 4775 nos
3772 4713 3946 4774 vrais
3991 4733 4178 4793 peres
4214 4722 4279 4776 et

2336 4797 2742 4860 nourriciers.
2854 4797 2958 4860 En
3023 4800 3174 4878 quoi
3239 4812 3447 4862 certes
3513 4818 3679 4860 nous
3745 4799 4277 4878 experimentons

2335 4881 2485 4945 bien
2535 4882 2596 4945 la
2640 4883 2846 4946 verite
2883 4880 2961 4945 de
2998 4883 3062 4945 la
3083 4905 3410 4965 promesse
3449 4883 3535 4945 (111
3572 4883 3711 4946 Fils
3758 4885 3837 4945 de
3862 4884 4052 4958 Dieu,
4102 4905 4277 4947 assa-

2334 4968 2482 5031 voir
2526 4968 2680 5049 qu'il
2726 4967 2838 5051 n’y
2884 4989 2923 5031 a
2967 4970 3081 5030 nul
3125 4970 3235 5048 qui
3275 4975 3366 5030 ait
3412 4970 3601 5032 lais-se
3628 4970 3908 5032 maisons
3946 4990 4030 5032 ou
4075 4971 4279 5035 freres

2335 5074 2418 5117 ou
2482 5076 2723 5130 soeurs‚
2779 5075 2863 5117 ou
2908 5074 3061 5134 pere
3107 5075 3187 5116 66
3240 5076 3428 5130 mere,
3475 5077 3556 5117 ou
3603 5056 3855 5132 femme,
3901 5076 3981 5118 ou
4027 5058 4277 5134 enfans,

2335 5160 2418 5201 ou
2444 5139 2729 5221 champS,
2767 5161 2932 5221 pour
2968 5139 3241 5202 l'amour
3279 5141 3356 5202 de
3393 5140 3485 5202 lui
3510 5156 3573 5202 et
3598 5141 3676 5202 de
3716 5141 4113 5223 l'Evangile:
4152 5165 4276 5222 que

2333 5227 2743 5288 maintenant
2787 5247 2868 5288 en
2913 5246 2984 5289 ce
3031 5229 3323 5306 temps-ci
3370 5224 3417 5287 il
3462 5231 3611 5288 n’en
3652 5248 3924 5308 reqoyve
3962 5239 4111 5291 cent
4154 5229 4278 5291 fois

2335 5321 2582 5388 autant,
2604 5321 2665 5375 et
2690 5331 2772 5375 au
2798 5311 2991 5376 siecle
3014 5317 3055 5374 a
3072 5312 3257 5374 venir
3281 5312 3383 5375 vie
3407 5313 3734 5376 eternelle.
3775 5311 4013 5391 Quand
4036 5337 4116 5378 en
4141 5324 4283 5378 cest

3759 5411 3870 5466 51·
