4850 6200
554 468 639 532 59
2217 452 2682 524 EPIS'POLA
2733 460 2891 521 1918
4459 462 4540 524 60

551 654 878 741 principes
921 652 1210 716 fautores
1251 652 1319 713 et
1356 646 1645 729 corporis
1678 648 1781 712 sui
1814 652 2210 728 protectores
2250 643 2496 709 habue-

551 749 713 806 runt
730 791 744 817 ,
810 745 890 803 ut
944 734 1084 803 sine
1135 734 1268 799 ullo
1324 731 1845 817 persequutionis
1905 737 1970 796 et-
2031 730 2498 814 suppliciorum

552 834 738 892 metu
997 830 1070 886 nt
1136 817 1450 903 quidquid
1505 816 1752 884 vellent
1803 816 2006 883 libere
2063 815 2492 899 promulgare.

554 916 621 979 A
693 933 775 977 ue
815 917 911 974 ita
953 907 1254 972 effectum
1296 912 1398 971 est
1442 911 1514 970 ut
1569 903 1794 968 orbem
1859 902 1994 968 suis
2049 901 2496 966 voluminibus

554 1008 624 1064 et
710 995 958 1063 octrina
998 991 1469 1075 compleverint
1484 1041 1499 1067 ,
1557 988 1916 1071 studiisque
1973 986 2203 1053 divisis
2255 986 2497 1052 multas

553 1082 864 1150 ecclesias
906 1077 1257 1144 excitarint
1272 1128 1287 1155 ,
1353 1097 1517 1160 quae
1569 1075 1722 1141 licet
1779 1094 1849 1139 se
1890 1074 2176 1140 invicem
2216 1072 2495 1155 scriptis,

557 1181 628 1235 et
668 1188 900 1253 parum
943 1162 1271 1241 modestis,
1317 1170 1618 1247 arguant,
1664 1160 1987 1226 lacessant
2029 1159 2498 1241 haereseosque

556 1252 970 1326 insimulent,
1049 1248 1305 1315 nullum
1374 1255 1594 1313 tamen
1659 1266 1883 1312 earum
1949 1246 2315 1310 membrum
2382 1266 2498 1309 ex-

556 1350 778 1406 ustum
820 1345 940 1415 est,
999 1342 1113 1402 aut
1168 1337 1577 1400 flammarum
1633 1332 2124 1397 antichristiano
2180 1329 2500 1415 supplicio

558 1424 934 1493 iudicatum.

724 1513 815 1575 At
856 1528 1015 1574 vero
1069 1527 1316 1592 pauper
1362 1504 1647 1571 Servetus
1701 1502 1950 1570 advena
2006 1510 2073 1567 et
2114 1502 2500 1586 peregrinus

557 1598 738 1662 omni
804 1596 1162 1659 amisorum
1215 1600 1281 1659 et
1344 1611 1687 1674 procerum
1752 1589 2062 1673 suffragio
2129 1588 2499 1663 destitutus,

553 1704 689 1748 non
732 1679 982 1746 habens
1025 1679 1138 1744 ubi
1180 1686 1379 1761 caput
1431 1677 1750 1743 reclinare
1794 1685 2013 1758 posset
2033 1726 2047 1753 ‚
2104 1673 2218 1739 sed
2264 1673 2502 1756 ubique

552 1767 814 1833 insidiis
870 1775 935 1832 et
992 1764 1491 1848 persequutione
1546 1771 1852 1839 vexatus,
1913 1763 2028 1825 vix
2073 1781 2275 1826 unum
2316 1758 2502 1824 libel-

557 1855 696 1919 lum
743 1853 823 1918 de
866 1871 1085 1917 errore
1129 1850 1360 1915 triadis
1396 1849 1612 1932 potuit
1656 1847 2018 1931 publicare,
2073 1847 2146 1910 in
2207 1866 2329 1928 quo
2391 1843 2501 1910 de-

562 1961 713 2003 mus
770 1946 835 2002 et
890 1938 1106 2021 ipsum
1150 1935 1386 2002 alicubi
1432 1933 1779 2011 excidisse,
1826 1952 1947 1998 nec
2000 1933 2176 1997 omni
2237 1952 2502 2014 prorsus

561 2046 780 2090 errore
837 2043 1097 2089 vacasse
1115 2073 1129 2099 ,
1202 2020 1371 2105 quod
1426 2042 1583 2087 sane
1642 2020 1821 2084 omni
1875 2019 2124 2083 homini
2181 2017 2503 2101 peculiare

561 2118 681 2188 est,
727 2111 897 2174 bono
941 2119 1161 2173 tamen
1204 2108 1341 2172 zelo
1386 2115 1452 2171 et
1494 2106 1753 2170 divinae
1797 2104 2093 2170 veritatis
2153 2103 2367 2169 studio
2409 2103 2503 2167 fe-

562 2196 860 2271 rebatur,
940 2195 1010 2258 in
1075 2215 1203 2276 qua
1266 2189 1734 2276 promovenda,
1811 2192 2111 2273 quamvis
2188 2190 2254 2254 id
2333 2189 2505 2271 quod

561 2283 847 2347 maxime
915 2278 1347 2346 contendebat
1402 2279 1636 2343 vivens
1707 2277 1963 2359 assequi
2017 2298 2146 2341 non
2199 2276 2501 2359 potuerit,

560 2367 753 2451 plura
796 2376 1019 2432 tamen
1071 2365 1240 2431 dixit
1292 2387 1379 2430 ex
1432 2363 1793 2447 scripturae
1833 2363 2174 2439 sententia,
2221 2361 2506 2445 plurima

561 2453 884 2518 revelavit
926 2450 1342 2517 adnotatione
1378 2449 1776 2533 dignissima,
1815 2469 1978 2531 quae
2013 2448 2327 2514 hactenus
2363 2468 2506 2530 pas-

560 2540 688 2604 sim
731 2538 983 2604 occulta
1036 2544 1151 2601 aut
1203 2544 1379 2603 certe
1438 2536 1734 2618 neglecta
1775 2534 2184 2610 videbantur,
2229 2533 2505 2615 denique

560 2626 802 2689 bonam
838 2623 947 2688 ille
988 2644 1249 2706 operam
1284 2623 1356 2701 in
1400 2622 1523 2687 hoc
1568 2621 1795 2687 saltem
1833 2641 2107 2687 navasse
2151 2618 2403 2685 dicetur
2438 2627 2506 2682 et

560 2732 604 2774 a
666 2711 939 2793 posteris
1002 2707 1370 2773 laudabitur
1436 2707 1606 2791 quod
1662 2706 1914 2789 tepidos
1979 2715 2045 2772 et
2109 2705 2503 2771 dormientes

560 2795 830 2879 spiritus
888 2795 970 2859 ad
1028 2795 1222 2859 unius
1279 2793 1423 2859 veri
1479 2804 1547 2858 et
1601 2793 1843 2858 summi
1898 2792 2023 2857 Dei
2081 2813 2200 2856 nec
2260 2812 2391 2855 non
2436 2799 2504 2856 et

556 2881 681 2945 filii
735 2883 876 2946 eius
930 2880 1252 2962 unigeniti
1318 2880 1756 2964 cognitionem
1816 2876 2191 2962 diligentius
2246 2878 2502 2960 perqui-

559 2965 833 3032 rendam
880 2965 1205 3030 excitavit.
1294 2964 1544 3047 Nempe
1589 2971 1878 3030 recentes
1920 2962 2221 3046 theologi,
2278 2965 2390 3045 qui
2434 2984 2504 3027 se

560 3051 973 3136 evangelicos
1020 3050 1408 3133 profitentur
1451 3062 1517 3115 et
1552 3070 1745 3115 verae
1783 3048 2113 3115 doctrinae
2149 3056 2506 3127 assertores

558 3139 957 3220 praedicant,
1004 3138 1069 3201 in
1116 3136 1448 3219 religionis
1491 3135 1698 3201 cauda
1740 3135 2063 3200 duntaxat
2120 3156 2310 3200 omne
2368 3144 2504 3200 stu-

560 3223 744 3288 dium
791 3233 1166 3305 posuerunt,
1207 3224 1378 3288 circa
1419 3222 1727 3287 inferiora
1770 3220 2093 3286 elementa
2136 3229 2398 3286 strenue
2442 3229 2509 3285 et

559 3309 910 3393 diligenter
982 3307 1426 3386 elaborarunt,
1494 3309 1831 3390 opiniones
1895 3307 2008 3372 diu
2073 3314 2367 3390 receptas
2426 3306 2507 3371 de

562 3395 847 3477 primatu
903 3396 1153 3459 romani
1208 3394 1565 3476 pontificis,
1624 3415 1816 3478 quem
1860 3414 2095 3459 verum
2138 3392 2506 3459 Antichris-

560 3489 703 3545 tum
748 3502 890 3545 esse
932 3488 1278 3558 testantur,
1315 3480 1395 3545 de
1439 3480 1659 3560 missa,
1704 3480 2093 3563 purgatorie,
2140 3499 2507 3544 sacramen-

558 3568 665 3644 tis,
725 3564 1157 3643 confessione,
1214 3567 1646 3649 poenitentia,
1706 3566 2161 3644 satisfactione,
2214 3566 2506 3630 ciborum

562 3652 838 3728 delectu,
886 3651 1185 3716 divorum
1231 3652 1655 3729 invocatione,
1704 3651 2113 3735 imaginibus,
2152 3653 2324 3717 votis
2370 3672 2506 3716 mo-

560 3738 849 3813 nasticis,
887 3737 1220 3814 caelibatu,
1257 3737 1458 3803 libero
1493 3736 1759 3803 arbitrio
1794 3746 1861 3802 et
1894 3735 2504 3820 praedestinatione,

563 3822 645 3887 de
689 3822 927 3906 quibus
970 3823 1250 3888 necdum
1293 3824 1469 3888 inter
1513 3824 1688 3906 ipsos
1735 3823 2057 3901 convenit,
2103 3830 2169 3888 et
2213 3823 2357 3888 aliis
2400 3840 2505 3886 ec·

564 3909 799 3973 clesiae
876 3929 1179 3974 romanae
1245 3909 1653 3974 caerimoniis
1717 3909 1975 3974 fortiter
2033 3916 2507 3992 oppugnantes,

508 4013 527 4042 ν
561 4015 795 4059 verum
840 3997 946 4074 (ut
989 3993 1157 4076 dixi)
1210 3995 1384 4061 circa
1425 3996 1701 4060 caudam
1746 3994 2063 4060 duntaxat
2104 3993 2506 4072 laborarunt,

560 4080 769 4146 solam
812 4081 1092 4163 papismi
1135 4100 1396 4146 causam
1441 4081 1821 4147 subvertere
1864 4081 2201 4163 cupientes
2221 4131 2236 4156 ,
2295 4089 2508 4144 caete-

558 4186 711 4231 rum
769 4176 964 4248 caput
1018 4167 1236 4248 ipsum
1305 4165 1568 4248 penitus
1626 4166 2065 4251 negligentes,
2130 4167 2303 4232 circa
2368 4166 2508 4230 veri

559 4252 689 4318 Dei
734 4259 801 4316 et
843 4250 963 4316 filii
1006 4253 1146 4317 eius
1190 4252 1513 4336 unigeniti
1546 4253 1983 4336 cognitionem
2030 4252 2199 4317 nihil
2243 4252 2509 4317 omnino

562 4337 764 4404 studii
810 4357 1043 4419 operae
1077 4346 1144 4402 et
1178 4337 1555 4423 diligentiae
1592 4348 1966 4421 posuerunt,
2014 4337 2127 4402 sed
2162 4359 2311 4402 cum
2348 4339 2507 4421 ipsis

560 4423 833 4508 papistis
878 4422 1259 4505 simpliciter
1302 4424 1708 4489 transierunt
1750 4424 1985 4489 falsum
2040 4431 2106 4489 et
2160 4444 2508 4489 erroneum

558 4508 824 4574 illorum
879 4508 1155 4588 vadum,
1212 4512 1464 4592 sequuti
1521 4510 1908 4594 sophisticas
1964 4516 2032 4573 et
2090 4510 2508 4594 imaginarias

557 4595 706 4661 illas
751 4595 832 4659 de
885 4594 1181 4660 trinitate
1236 4594 1603 4661 chimaeras
1659 4596 2058 4662 unanimiter
2101 4594 2508 4679 appproban-

560 4695 677 4759 tes,
724 4701 846 4747 nec
890 4682 959 4745 in
1002 4679 1119 4746 tali
1162 4679 1573 4764 philosophia
1607 4703 1845 4768 papam
1879 4688 1948 4747 et
1981 4701 2131 4747 suos
2168 4701 2288 4764 pro
2313 4681 2506 4746 Anti-

558 4766 808 4832 christo
852 4767 1243 4848 habuerunt,
1296 4765 1411 4833 sed
1455 4766 1667 4832 adhuc
1712 4768 1949 4851 spiritu
1988 4776 2213 4833 sancto
2253 4766 2509 4833 afflatos

561 4863 1040 4919 concesserunt.
1086 4852 1306 4934 Quum
1332 4873 1490 4918 vero
1514 4852 1593 4920 de
1615 4853 1907 4920 articulis
1927 4852 2176 4920 caudae
2195 4873 2506 4938 rogaren-

560 4949 696 5016 tur,
738 4960 855 5005 cur
898 4961 1125 5005 omnes
1168 4947 1460 5021 receptas
1502 4949 1569 5004 et
1603 4939 1956 5006 catholicas
1998 4941 2334 5023 opiniones
2370 4951 2508 5003 tam

557 5035 826 5089 strenue
870 5033 1326 5109 oppugnarent
1381 5032 1450 5088 et
1500 5026 1971 5104 convellerent,
2029 5024 2511 5109 respondebant

558 5107 876 5260 guidquid
921 5131 961 5174 a
1002 5112 1189 5194 papis
1244 5118 1312 5175 et
1354 5131 1576 5176 eorum
1621 5111 2024 5178 scholasticis
2067 5111 2331 5179 asseclis
2372 5120 2508 5177 tra-

606 5197 771 5260 itnm
818 5211 934 5259 aut
976 5204 1305 5279 receptum
1348 5205 1519 5262 esset
1542 5199 1709 5263 nihil
1754 5199 1993 5266 habere
2028 5198 2346 5276 veritatis,
2394 5197 2509 5262 sed

559 5281 779 5347 omnia
800 5281 969 5346 falsa
990 5293 1293 5364 corrupta
1326 5292 1393 5346 et
1427 5281 1799 5368 depravata,
1835 5286 2129 5369 nihilque
2165 5306 2205 5349 a
2238 5303 2512 5349 romana

559 5367 852 5449 ecclesia,
896 5388 1094 5452 quam
1136 5368 1531 5436 Antichristi
1583 5369 1805 5438 sedem
1863 5379 1931 5437 et
1973 5371 2261 5439 Satanae
2305 5390 2509 5455 syna-

2600 665 2837 730 gogam
2883 643 3216 728 appellant
3232 697 3246 723 ‚
3307 647 3461 712 boni
3504 648 3714 713 sancti
3757 648 3899 712 veri
3941 654 4056 713 aut
4088 647 4238 731 puri
4281 646 4542 731 prodire

2598 751 2806 815 posse,
2852 752 3054 813 quum
3097 730 3346 796 nullam
3387 734 3595 798 sancti
3642 732 3913 816 spiritus
3956 732 4311 799 scintillam
4352 752 4541 816 pror-

2600 838 2714 882 sus
2758 815 3045 896 haberet,
3088 816 3202 882 sed
3250 819 3536 884 satanico
3580 819 3817 902 spiritu
3859 819 3927 883 in
3972 820 4275 885 omnibus
4316 828 4384 884 et
4426 839 4543 902 per

2600 903 2823 968 omnia
2865 903 3387 969 manifestissime
3429 913 3785 988 regeretur.
3870 905 4032 970 Mox
4067 906 4183 972 ubi
4224 904 4308 969 ad
4348 914 4544 989 caput

2599 996 2874 1054 ventum
2916 996 3017 1054 est
3057 1000 3127 1054 et
3159 989 3342 1056 Deus
3383 991 3684 1074 spiritum
3732 990 4029 1057 Danielis
4073 990 4387 1057 excitavit
4428 991 4543 1075 qui

2599 1076 2926 1140 seniorum
2983 1095 3235 1140 errores
3286 1081 3353 1140 et
3410 1084 3674 1159 peccata
3726 1077 4109 1162 corrigeret,
4173 1078 4284 1161 qui
4325 1084 4544 1142 veter-

2599 1182 2761 1225 num
2806 1180 2843 1224 e
2887 1160 3213 1226 mentibus
3252 1169 3608 1241 excuteret,
3654 1162 3893 1228 docens
3927 1184 4035 1229 eos
4068 1164 4142 1227 in
4176 1161 4544 1247 cognitione

2601 1247 2742 1312 veri
2789 1245 2915 1311 Dei
2977 1254 3043 1311 et
3087 1246 3205 1311 filii
3261 1247 3398 1313 eius
3444 1248 3598 1313 Iesu
3642 1248 3892 1314 Christi
3948 1248 4357 1333 negligenter
4394 1269 4547 1314 ver·

2603 1341 2777 1397 satos
2794 1382 2810 1410 ,
2869 1353 3019 1397 cum
3082 1332 3353 1415 papistis
3417 1334 3710 1417 graviter
3754 1333 4183 1400 hallucinatos
4225 1333 4545 1418 longeque

2604 1416 2683 1483 de
2729 1418 3024 1483 veritatis
3068 1420 3298 1483 semita
3331 1419 3529 1486 fuisse
3574 1419 3916 1504 digressos,
3961 1421 4128 1486 bone
4170 1418 4373 1495 Deus,
4433 1420 4548 1501 qui

2604 1525 2899 1569 rumores
2918 1556 2932 1580 ,
2991 1505 3098 1586 qui
3144 1504 3490 1581 tumultus,
3550 1526 3715 1588 quae
3756 1505 4089 1572 incendia!
4181 1504 4550 1572 Confestim

2603 1589 3125 1655 haeresiarcham
3169 1591 3651 1670 exclamarunt,
3708 1592 3776 1656 in
3835 1612 4059 1659 necem
4102 1592 4545 1669 coniurarunt,

2605 1675 2876 1741 insidias
2912 1684 2979 1740 et
3011 1676 3275 1758 laqueos
3311 1676 3751 1756 tetenderunt,
3798 1677 3981 1744 miris
4025 1676 4234 1743 modis
4276 1698 4550 1761 pauper-

2606 1762 2827 1826 culum
2874 1769 3362 1844 persequentes,
3419 1762 3679 1828 tandem
3737 1765 3809 1827 in
3852 1784 4076 1828 eorum
4121 1783 4390 1828 manum
4435 1762 4548 1828 de-

2607 1847 2864 1931 lapsum
2907 1849 3138 1912 vivum
3173 1856 3241 1912 et
3275 1850 3666 1915 clamantem
3689 1849 3909 1915 Iesum
3935 1848 4062 1914 Dei
4107 1848 4317 1913 filium
4361 1850 4551 1913 flam-

2607 1935 2735 1998 mis
2779 1933 3158 1999 ardentibus
3211 1944 3791 2018 consumpserunt,
3847 1943 4210 2001 asserentes
4310 1935 4552 2017 apistas

2607 2019 2679 2083 in
2727 2019 2846 2085 hoc
2891 2020 3164 2085 articulo
3207 2021 3371 2087 bene
3416 2022 3693 2087 sensisse
3739 2028 3805 2085 et
3848 2022 4190 2086 veritatem
4279 2020 4552 2097 ocuisse,

2608 2126 2803 2188 seque
2868 2127 3018 2171 cum
3076 2106 3204 2171 illis
3262 2108 3331 2170 in
3395 2106 3518 2172 hac
3583 2128 3654 2172 re
3717 2107 3917 2190 probe
3982 2107 4352 2173 convenire.
4443 2105 4556 2170 En

2609 2213 2804 2341 guam
2859 2191 3202 2274 repentina
3246 2192 3422 2258 vocis
3481 2192 3785 2259 mutatio:
3846 2192 4238 2258 Antichristi
4281 2190 4556 2258 ecclesia

2654 2300 2688 2342 e
2733 2277 3027 2342 trinitate
3071 2279 3312 2361 optime
3358 2281 3576 2357 sentit,
3637 2300 3755 2344 nec
3795 2299 3925 2343 non
3968 2287 4034 2343 et
4077 2278 4157 2343 dc
4200 2277 4552 2342 haereticis

2609 2363 3080 2428 comburendis.
3191 2362 3759 2444 Quemadmodum
3830 2364 4030 2448 igitur
4094 2365 4164 2427 in
4234 2363 4552 2428 trinitatis

2610 2448 2886 2514 articulo
2927 2450 3269 2515 unanimes
3324 2458 3802 2528 convenerunt,
3861 2451 3952 2515 sic
4009 2450 4203 2514 etiam
4248 2448 4320 2513 in
4364 2450 4555 2513 flam·

2609 2556 2869 2600 marum
2934 2536 3248 2618 supplicio
3328 2536 3673 2601 haereticis
3752 2534 4117 2600 adhibendo
4200 2533 4558 2601 concordes
4637 2558 4650 2577 ⁸

2608 2620 2894 2699 fuerunt,
2939 2622 3066 2686 nisi
3102 2620 3272 2703 quod
3317 2621 3676 2706 evangelici
3722 2621 4050 2703 aliquanto
4088 2621 4396 2697 mitiores,
4442 2619 4554 2701 qui

2607 2728 2739 2772 non
2785 2707 3181 2772 haereticum
3229 2715 3300 2771 ut
3345 2709 3633 2790 papistae
3678 2708 3859 2791 prius
3910 2707 4138 2789 laqueo
4182 2705 4558 2788 praefocant

2607 2814 2803 2877 quam
2846 2794 3065 2878 ignem
3111 2792 3516 2870 admoveant,
3563 2790 3676 2858 sed
3720 2793 3952 2859 vivum
3992 2793 4276 2857 flammis
4312 2792 4558 2857 exstin-

2609 2890 2853 2963 guunt,
2915 2879 3144 2944 Perilli
3200 2887 3266 2944 et
3318 2878 3689 2944 Phalaridis
3745 2877 4120 2961 exemplum
4177 2899 4302 2942 non
4363 2876 4558 2942 modo

2614 2972 2964 3048 aequantes
3008 2964 3119 3029 sed
3163 2965 3356 3049 longe
3400 2965 3597 3029 etiam
3644 2975 4044 3047 superantes.

2779 3051 2963 3117 Haec
3007 3060 3106 3116 est
3148 3050 3405 3116 illorum
3465 3050 3822 3117 christiana
3879 3051 4118 3133 pietas,
4177 3047 4559 3132 evangeliea

2612 3139 2849 3204 caritas
2903 3145 2968 3201 et
3020 3136 3321 3220 religiosa
3374 3137 3701 3220 professio
3793 3135 4060 3201 Domini
4102 3136 4256 3201 Iesu
4300 3135 4558 3200 Christi

2612 3223 3067 3299 humilitatem,
3126 3222 3541 3306 patientiam,
3600 3223 4101 3306 benignitatem,
4157 3220 4556 3305 longanimi·

2613 3315 2812 3373 tatem
2848 3315 2915 3372 et
2957 3306 3466 3374 misericordiam
3512 3308 3759 3374 scilicet
3792 3307 4129 3373 imitantes
4153 3309 4311 3373 satis
4345 3305 4562 3390 potuit

2613 3393 2980 3460 infallibilis
3016 3395 3255 3461 veritas
3301 3400 3367 3460 et
3409 3395 3720 3478 magister
3766 3395 4050 3477 optimus
4093 3392 4444 3458 admonere
4489 3399 4561 3456 et

2614 3480 3008 3547 exclamare:
3055 3480 3302 3547 Discite
3347 3501 3384 3545 a
3430 3501 3533 3544 me
3577 3482 3730 3563 quia
3769 3480 3951 3545 mitis
3986 3501 4132 3546 sum
4176 3486 4243 3543 et
4286 3476 4559 3544 humilis

2614 3565 2826 3633 corde.
2914 3567 3166 3632 Discite
3224 3566 3376 3648 quid
3430 3577 3558 3630 est:
3631 3563 4143 3632 misericordiam
4207 3563 4353 3630 volo
4419 3584 4561 3628 non

2611 3653 3016 3719 sacrificium.
3107 3651 3321 3718 Sinite
3375 3652 3623 3716 zizania
3675 3672 3965 3718 crescere
4019 3671 4223 3733 usque
4265 3651 4338 3714 in
4382 3649 4560 3715 diem

2611 3740 2860 3818 messis,
2907 3758 2990 3802 ne
3033 3737 3196 3802 forte
3236 3747 3302 3803 et
3344 3739 3634 3803 triticum
3679 3738 3943 3802 eruatis.
4016 3735 4093 3802 Si
4136 3737 4280 3818 quis
4324 3756 4446 3800 vos
4489 3743 4561 3800 et

2612 3825 2948 3891 ecclesiam
2994 3822 3218 3888 audire
3262 3823 3565 3900 noluerit,
3627 3824 3714 3887 sit
3754 3824 3940 3888 vobis
3983 3831 4293 3904 tanquam
4336 3820 4564 3886 ethni-

2610 3931 2725 3975 cus
2769 3919 2835 3975 et
2877 3910 3277 3993 publicanus.
3365 3909 3790 3974 Haereticum
3845 3908 4174 3974 hominem
4232 3917 4380 3989 post
4439 3903 4566 3970 ad-

2612 3996 3002 4061 monitiones
3069 4016 3262 4078 saepe
3326 3996 3526 4061 factas
3594 3994 3868 4073 evitate,
3936 4002 4190 4058 tantum
4256 3993 4423 4058 absit
4483 4001 4568 4057 ut

2658 4103 3001 4164 uemquam
3045 4080 3366 4147 occidatis.
3444 4080 3658 4146 Filius
3693 4080 3980 4145 hominis
4014 4101 4144 4144 non
4183 4078 4363 4144 venit
4406 4098 4570 4163 per-

2613 4103 2767 4233 dere
2811 4187 3197 4250 quemquam
3240 4167 3354 4232 sed
3398 4166 3676 4243 salvare,
3735 4175 3801 4230 et
3842 4167 4024 4231 Deus
4079 4165 4364 4248 optimus
4421 4183 4574 4228 non

2614 4253 2758 4319 vult
2820 4262 3095 4318 mortem
3149 4253 3505 4337 peccatoris
3563 4251 3675 4317 sed
3746 4251 3956 4335 magis
4011 4259 4086 4315 ut
4137 4257 4574 4316 convertatur

2613 4347 2680 4404 et
2726 4339 2920 4404 vivat.
3009 4337 3282 4423 Diligite
3325 4338 3623 4403 inimicos
3666 4345 3954 4416 vestros,
4009 4345 4189 4401 orate
4245 4356 4362 4419 pro
4405 4356 4575 4418 per—

2613 4424 3028 4508 sequentibus
3086 4447 3201 4492 vos
3273 4424 3496 4506 eisque
3554 4423 3717 4489 bene
3776 4423 3985 4488 facite.
4075 4422 4248 4486 Mihi
4304 4418 4578 4487 vindic-

2613 4516 2796 4575 tam*
2859 4518 2928 4577 et
2991 4532 3112 4594 ego
3168 4510 3544 4575 retribuam.
3656 4506 3732 4574 Si
3797 4511 3944 4592 quis
4008 4505 4277 4572 dixerit:
4356 4505 4582 4590 diligo

2615 4599 2864 4674 Deum,
2924 4604 2989 4661 et
3045 4597 3317 4660 fratrem
3372 4616 3562 4661 suum
3618 4594 3860 4673 oderit,
3919 4593 4204 4658 mendax
4260 4600 4388 4658 est:
4447 4595 4584 4675 qui

2615 4685 2791 4748 enim
2832 4683 3101 4748 fratrem
3146 4702 3337 4746 suum
3380 4703 3574 4765 quem
3618 4679 3834 4746 vidit·
3879 4701 4011 4745 non
4057 4678 4169 4744 dil·
4226 4678 4290 4758 ‘t,
4335 4675 4592 4745 Deum.

2615 4791 2806 4853 quem
2852 4789 2985 4833 non
3029 4766 3239 4833 vidit*
3283 4767 3601 4848 quomodo
3645 4765 3919 4850 diligere
3963 4772 4177 4849 potest
4296 4763 4592 4830 Caritas

2613 4876 2696 4918 ex
2742 4856 2884 4920 Deo
2943 4865 3043 4919 est
3099 4864 3165 4917 et
3227 4853 3441 4919 omnis
3498 4853 3611 4936 qui
3664 4851 3882 4935 diligit
3937 4873 4018 4916 ex
4067 4850 4210 4915 Deo
4256 4861 4383 4916 est:
4445 4854 4594 4932 qui

2614 4962 2769 5006 vero
2824 4961 2959 5006 non
3020 4938 3236 5022 diligit
3292 4938 3348 5004 is
3411 4940 3629 5004 Deum
3685 4959 3817 5002 non
3888 4937 4087 5002 novit.
4192 4936 4339 5001 Hae
4405 4947 4600 5002 sunt.

2614 5026 2866 5092 Christi
2921 5046 3143 5103 voces,
3209 5023 3369 5091 haec
3436 5024 3703 5107 spiritus
3758 5025 3967 5089 sancti
4033 5021 4323 5099 oracula,
4387 5042 4596 5104 quae

2614 5112 2921 5179 cordibus
2965 5111 3204 5177 vestris
3258 5110 3655 5194 evangelicis
3711 5110 3919 5174 infixa
3976 5129 4118 5175 esse
4174 5106 4598 5188 debuerant,

2614 5220 2751 5263 non
2804 5198 3156 5280 impiorum
3213 5196 3450 5280 dogma
3501 5204 3568 5261 et
3621 5197 3824 5260 ritum
3878 5196 3949 5259 in
4000 5194 4286 5277 proximi
4340 5194 4606 5278 perdi-

2615 5284 2860 5348 tionem
2905 5282 3240 5365 amplecti,
3296 5303 3428 5348 non
3484 5302 3633 5346 cum
3688 5279 4206 5348 antichristianis
4263 5277 4347 5346 ad
4400 5276 4606 5349 fide-

2614 5369 2778 5436 lium
2820 5369 3137 5454 supplicia
3177 5369 3544 5436 convenire.
