4850 6200
359 451 480 513 909

357 645 586 722 sponte
627 636 762 703 iam
807 635 892 701 ad
925 642 1104 701 recte
1144 633 1470 720 agendum
1506 654 1887 718 propensus,
1924 634 2036 701 ubi
2079 642 2148 700 te
2181 655 2321 700 cer-

356 736 498 791 tum
563 723 931 789 adiutorem
984 729 1053 787 et
1097 722 1398 787 comitem
1446 731 1682 787 nactus
1719 722 1865 798 erit,
1908 719 2122 786 multo
2165 742 2321 786 con·

357 811 684 888 fidentius,
729 819 805 875 ut
847 828 1057 893 spero,
1103 828 1346 874 nervos
1389 828 1541 873 suos
1563 806 1878 882 intendet,
1923 806 2159 872 merito
2197 806 2320 871 hoc

358 898 472 964 abs
538 907 604 962 te
662 893 970 961 Christus
1035 896 1302 979 exigere
1369 892 1660 974 videtur,
1719 901 1797 959 ut
1839 902 1937 958 tot
1980 893 2319 978 generosis

357 984 493 1049 suis
519 982 840 1048 militibus
862 981 1093 1047 ducem
1136 989 1205 1046 te
1254 978 1579 1046 ostendas.
1636 983 1737 1046 Ao
1771 980 1904 1045 iam
1940 979 2202 1062 quidem
2241 1000 2317 1043 eo

357 1089 564 1153 usque
597 1088 987 1153 progressus
1021 1087 1112 1144 es,
1157 1074 1232 1131 ιιι
1268 1065 1348 1131 de
1391 1065 1647 1132 sincero
1684 1067 1886 1131 animi
1931 1067 2030 1131 tui
2074 1066 2314 1130 affectu

357 1165 664 1238 exempta
728 1154 816 1220 sit
879 1154 1094 1219 omnis
1150 1151 1486 1218 dubitatio,
1591 1154 1875 1217 Tantum
1943 1173 2174 1217 vereor
2231 1172 2312 1216 ne

357 1239 724 1308 cunctando
780 1241 978 1305 nimis
1038 1238 1312 1323 longum
1369 1247 1630 1322 tempus
1673 1238 1915 1303 effluat.
2001 1238 2092 1302 Et
2136 1245 2311 1301 certe

355 1327 678 1393 hactenus
733 1327 805 1392 in
871 1323 1181 1391 tarditate
1216 1324 1364 1410 plus
1402 1325 1565 1389 satis
1609 1323 1839 1406 culpae
1882 1323 2024 1388 fuit.
2113 1323 2175 1387 N
2180 1343 2311 1387 unc

356 1434 513 1479 vero
530 1415 589 1489 ²)
631 1411 715 1477 ad
759 1412 1119 1497 ingenuam
1161 1419 1228 1477 et
1264 1418 1561 1494 apertam
1584 1409 1919 1475 doctrinae
1963 1431 2121 1476 suae
2158 1430 2306 1491 pro-

356 1499 706 1566 fessionem
765 1506 835 1563 et
891 1498 1146 1582 Regem
1196 1498 1415 1581 ipsum
1457 1506 1524 1560 et
1588 1517 1890 1580 proceres
1932 1516 2160 1560 omnes
2204 1514 2302 1560 so·

354 1606 518 1651 nora
561 1605 718 1651 voce
753 1583 1065 1651 inclamat
1107 1583 1282 1648 idem
1326 1582 1459 1660 ille,
1505 1583 1617 1664 qui
1662 1582 2008 1665 evangelio
2053 1602 2170 1646 suo
2214 1582 2309 1645 ia-

354 1692 555 1736 nuam
622 1671 850 1753 aperit.
933 1668 1158 1750 Quare
1219 1669 1358 1745 tibi,
1419 1668 1982 1751 praestantissime
2046 1669 2170 1745 vir,
2238 1667 2306 1731 in

353 1765 642 1822 mentem
688 1757 914 1822 veniat
955 1755 1072 1821 illa
1114 1754 1472 1839 prophetae
1515 1754 1906 1819 admonitio:
1984 1754 2308 1835 Tempore

355 1841 742 1925 beneplaciti
807 1840 1030 1906 audivi
1085 1850 1150 1905 ιο
1208 1850 1276 1906 οι
1319 1840 1426 1905 die
1461 1840 1690 1906 salutis
1733 1840 1954 1906 adiuvi
1998 1855 2092 1905 te:
2139 1860 2308 1922 quae

356 1950 584 1994 omnes
620 1928 747 1993 Dei
790 1928 964 1993 filios
1008 1926 1091 1991 ad
1136 1926 1532 1992 visitationis
1575 1948 1731 1992 suae
1775 1936 2037 2011 tempus
2080 1925 2307 1991 sedulo

355 2013 867 2098 amplexandum
891 2013 1218 2092 sollicitat,
1256 2033 1339 2078 ne
1375 2014 1589 2096 gratia
1609 2013 1809 2079 semel
1834 2014 2070 2090 oblata,
2108 2013 2164 2077 si
2191 2032 2310 2094 per

353 2100 692 2185 ignaviam
756 2099 1154 2184 negligatur,
1212 2096 1478 2163 tandem
1545 2108 1789 2183 pereat.
1873 2098 2048 2180 Quia
2116 2119 2307 2180 saepe

354 2184 648 2254 weidere
691 2185 857 2252 solet
900 2196 977 2250 ut
1009 2185 1182 2250 laeta
1226 2183 1514 2263 exordia,
1562 2185 1719 2250 dum
1765 2185 2019 2251 felicem
2056 2186 2304 2250 exitum

351 2274 764 2356 promittunt,
824 2271 1169 2357 segnitiem
1233 2271 1459 2336 multis
1539 2270 1883 2348 adducant,
1950 2269 2307 2354 prudenter

353 2359 715 2424 cavendum
771 2373 888 2437 est,
926 2379 1011 2423 ne
1047 2357 1194 2441 quis
1239 2356 1320 2423 ad
1367 2355 1811 2423 suffocandam
1857 2356 2030 2422 hanc
2074 2357 2303 2432 lucem,

353 2466 519 2528 quae
561 2465 895 2530 emergere
939 2445 1168 2528 coepit,
1213 2445 1485 2526 obrepat
1521 2453 1760 2525 torpor.
1850 2443 2125 2508 Modum
2170 2442 2309 2525 qui-

353 2530 506 2597 dem
548 2530 715 2595 mihi
757 2530 1117 2595 tenendum
1152 2551 1295 2594 esse
1339 2550 1472 2594 non
1522 2530 1772 2613 ignoro,
1807 2552 1893 2594 ne
1936 2530 2151 2594 acrius
2193 2551 2302 2592 ur-

352 2616 566 2703 gendo
609 2618 838 2700 pietati
883 2626 1035 2681 tuae
1058 2615 1353 2681 diffidere
1393 2614 1655 2680 videar:
1700 2613 1816 2680 sed
1859 2637 2124 2680 rursum
2171 2625 2302 2678 tam

397 2704 759 2769 raestantia
814 2703 1027 2787 operis
1082 2723 1279 2785 quam
1325 2699 1676 2767 difficultas
1720 2701 1802 2765 ad
1849 2702 2146 2766 stimulos
2191 2699 2304 2764 ad-

350 2725 599 2855 gendos
662 2810 769 2854 me
834 2790 1026 2874 cogit,
1088 2808 1171 2853 ne
1224 2787 1380 2870 quid
1429 2788 1499 2852 in
1554 2796 1615 2852 te
1675 2787 2045 2852 desiderent
2079 2787 2304 2851 fideles

352 2874 604 2942 Christi
667 2876 861 2955 servi,
907 2872 1083 2958 quod
1137 2883 1359 2939 tantae
1418 2875 1920 2939 existimationis
1973 2873 2116 2937 viro
2161 2873 2301 2956 dig-

349 2983 513 3027 num
563 2962 665 3028 sit.
754 2960 1033 3027 Summa
1096 2969 1319 3026 tamen
1368 2959 1502 3025 huc
1560 2959 1749 3039 redit,
1808 2981 2008 3043 quum
2072 2959 2304 3025 unicus

349 3047 542 3115 nobis
598 3047 865 3113 vivendi
924 3047 1078 3113 finis
1123 3067 1266 3113 esse
1309 3045 1559 3126 debeat,
1605 3055 1680 3111 ut
1722 3068 1887 3132 pure
1930 3046 2148 3111 Deum
2195 3065 2302 3111 co-

347 3134 586 3215 lamus,
621 3133 1009 3218 posthabitis
1052 3133 1359 3198 omnibus
1404 3134 1578 3199 curis
1621 3132 1743 3200 hoc
1779 3133 2065 3197 maxime
2110 3154 2305 3216 agen-

351 3220 510 3286 dum
568 3241 728 3299 esse,
784 3228 858 3286 ut
913 3219 1487 3303 superstitionibus
1531 3220 1778 3286 eversis
1823 3220 2108 3284 emineat
2148 3238 2306 3286 vcra

348 3307 600 3392 religio.
680 3307 829 3373 Iam
860 3328 1020 3373 vero
1055 3327 1253 3390 quam
1290 3304 1494 3371 foedis
1538 3306 1926 3389 corruptelis
1962 3326 2301 3389 propemo-

352 3393 510 3459 dum
576 3395 903 3459 exstincta
965 3393 1165 3459 fuerit
1229 3392 1349 3458 sub
1416 3402 1678 3477 papatu,
1731 3393 1842 3458 vix
1888 3392 2041 3458 ullis
2085 3391 2302 3458 verbis

349 3479 631 3563 exprimi
697 3488 927 3562 potest,
992 3500 1114 3544 nec
1180 3479 1323 3544 sine
1385 3499 1641 3544 summo
1684 3479 1956 3544 horrore
2009 3477 2299 3561 cogitari.

348 3565 498 3630 Imo
557 3585 759 3646 quum
815 3564 983 3627 nihil
1041 3563 1219 3629 aliud
1263 3565 1349 3631 sit
1393 3574 1569 3630 totus
1612 3575 1910 3649 papatus,
1958 3586 2153 3647 quam
2197 3585 2300 3629 sa-

348 3650 597 3733 crilega
661 3658 728 3716 et
790 3647 1156 3714 innumeris
1210 3649 1512 3715 ludibriis
1555 3652 1798 3716 referta
1842 3651 2127 3715 nominis
2170 3650 2300 3714 Dei

348 3736 738 3822 profanatio,
785 3734 843 3800 si
883 3735 955 3798 in
996 3734 1432 3819 repurgandis
1472 3736 1617 3801 istis
1640 3736 1940 3801 sordibus
1986 3737 2301 3819 frigemus

349 3822 469 3889 ubi
532 3821 822 3907 suppetit
882 3820 1177 3900 facultas,
1245 3822 1515 3886 minime
1578 3843 1795 3888 coram
1851 3819 1995 3886 Deo
2030 3824 2299 3905 eiusque

350 3907 608 3994 angelis
660 3906 1048 3974 excusabilis
1104 3907 1227 3971 erit
1271 3917 1498 3973 nostra
1555 3908 1845 3974 cessatio,
1949 3907 2058 3972 Ad
2119 3908 2296 3985 haec,

351 4015 554 4078 quum
618 3994 916 4060 veritatis
983 3991 1304 4058 confessio
1369 3995 1817 4077 gratissimum
1884 3991 2031 4057 Deo
2089 3994 2175 4057 sit
2231 4002 2299 4058 et

349 4080 732 4146 suavissimi
788 4077 1008 4144 odoris
1062 4080 1486 4156 sacrificium,
1535 4080 1816 4146 infracta
1859 4101 2115 4162 quoque
2158 4080 2298 4145 eius

349 4163 636 4232 tuendae
684 4166 1054 4233 constantia
1087 4165 1261 4231 inter
1303 4187 1561 4231 summa
1602 4166 1863 4249 pietatis
1905 4167 2118 4231 officia
2161 4187 2297 4230 me-

349 4253 480 4317 rito
535 4259 953 4318 numeretur:
1012 4251 1271 4317 nullum
1329 4261 1505 4318 certe
1560 4261 1660 4319 est
1715 4251 1911 4317 officii
1957 4274 2183 4336 genus,
2228 4253 2296 4316 in

349 4358 480 4421 quo
543 4345 611 4403 et
673 4360 1003 4404 summam
1068 4344 1247 4403 tuam
1287 4338 1596 4403 virtutem
1642 4359 1926 4416 exseras,
1972 4346 2040 4403 et
2076 4349 2138 4403 te
2183 4360 2298 4402 ex-

351 4444 575 4491 erceas
638 4425 872 4490 maiori
938 4446 1085 4490 cum
1150 4422 1365 4488 laude.
1451 4425 1746 4490 Rursum
1812 4445 2014 4507 quum
2075 4424 2298 4490 videas

347 4510 489 4594 ipse
544 4530 761 4576 coram
829 4532 1025 4594 quam
1080 4510 1372 4575 animose
1417 4508 1669 4575 Christi
1727 4509 1947 4575 hostes
2007 4531 2125 4593 pro
2180 4532 2299 4576 sua

348 4594 700 4681 tyrannide
743 4602 1014 4675 certent,
1059 4604 1128 4662 et
1162 4595 1358 4660 simul
1393 4616 1586 4678 quam
1629 4596 1871 4660 furiose
1914 4604 2301 4680 oppugnent

348 4702 550 4765 quam
616 4680 791 4747 filius
856 4679 982 4745 Dei
1026 4682 1347 4766 sanguine
1411 4701 1530 4747 suo
1596 4683 1877 4746 asseruit
1919 4680 2298 4760 doctrinam,

349 4768 589 4833 mirum
645 4767 777 4833 nisi
820 4772 887 4831 te
943 4785 1171 4831 eorum
1227 4768 1609 4849 improbitas
1665 4766 1748 4832 ad
1790 4769 1967 4851 piam
2011 4768 2298 4834 aemula-

347 4854 595 4919 tionem
661 4851 998 4919 accendat:
1080 4861 1158 4918 ut
1217 4855 1463 4920 scilicet
1527 4874 1646 4937 pro
1711 4853 2108 4920 vindicanda
2173 4855 2299 4919 Dei

348 4939 564 5024 gloria
601 4938 809 5004 nihilo
852 4938 1121 5022 segnius
1163 4940 1534 5017 contendaS,
1582 4961 1780 5022 quam
1823 4940 1921 5005 illi
1964 4941 2032 5005 in
2078 4942 2295 5024 oppri-

348 5025 593 5091 menda
626 5023 941 5091 laborant.
1027 5024 1104 5090 Si
1145 5045 1306 5090 vero
1341 5034 1525 5090 tuam
1562 5024 1981 5108 prudentiam
2024 5048 2156 5091 non
2201 5029 2301 5091 fu-

350 5112 465 5196 git,
509 5132 706 5195 quam
730 5111 1090 5178 honorifico
1132 5111 1324 5176 titulo
1349 5110 1662 5197 dignatus
1699 5113 1787 5177 sit
1810 5113 2079 5195 spiritus
2119 5132 2302 5177 sanc-

461 5387 471 5398 ·
553 5316 617 5400 2)
650 5317 866 5374 amit
915 5318 1155 5398 fortasse
1191 5314 1279 5398 ‚ad
1322 5322 1501 5397 uotam
1555 5317 1695 5372 alud
1740 5317 2077 5372 mitiorum
2127 5316 2304 5373 Petri-

350 5399 680 5442 oomcnsmm
716 5387 784 5444 de
814 5386 1046 5445 σοκοοῖιο
1076 5386 1352 5443 aalma&
1383 5385 1785 5456 conor-wando.

2069 448 2232 510 1555
2273 443 2683 512 DECEMB.

2374 650 2380 769 1

4241 454 4374 523 910

2424 643 2531 699 tus
2575 656 2739 718 quos
2783 637 3045 703 vocavit
3079 635 3401 718 primitias
3421 637 3731 717 Achaiae,
3779 637 3898 705 tibi
3934 646 4108 705 certe
4151 637 4369 704 danda

2423 739 2623 804 opera
2686 729 2805 799 est,
2872 744 2957 787 ne
3023 721 3216 787 hodie
3281 722 3454 787 inter
3495 735 3806 807 patronos
3848 723 4253 791 renascentis
4295 725 4367 790 in

2419 806 2701 871 Polonia
2761 809 3086 891 evangelii
3150 808 3261 873 vel
3313 820 3684 891 postremus
3747 813 3857 890 sis,
3920 810 4031 877 vel
4097 810 4364 877 medius.

2419 891 2612 958 Adde
2670 892 2842 974 quod
2885 894 3068 960 nulla
3110 895 3179 959 in
3224 915 3297 959 re
3333 895 3573 960 certius
3619 907 3770 961 tuae
3809 916 3966 981 erga
4009 894 4366 962 serenissi-

2416 999 2598 1042 mum
2659 979 2910 1063 Regem
2978 979 3130 1045 fidei
3180 979 3641 1046 documentum
3698 981 3891 1047 edere
3934 991 4137 1065 potes.
4215 982 4366 1047 Etsi

2418 1065 2595 1128 enim
2661 1066 3013 1148 tranquillo
3070 1066 3184 1131 ille
3234 1067 3422 1149 regni
3478 1077 3655 1132 statu
3709 1069 3978 1151 potitur,
4024 1075 4099 1132 ut
4141 1080 4363 1134 tamen

2415 1149 2578 1216 haec
2623 1152 2899 1217 felicitas
2939 1153 3250 1218 diuturna
3285 1163 3567 1229 maneat,
3605 1175 3735 1219 non
3760 1155 3887 1220 alia
3931 1155 4183 1219 ratione
4225 1175 4364 1219 me-

2413 1236 2543 1302 lius
2608 1237 2925 1305 obtinebit
2981 1260 3178 1322 quam
3233 1238 3518 1303 stabilito
3563 1238 3814 1305 Christi
3878 1260 4103 1324 regno,
4190 1240 4364 1305 Nam

2414 1324 2538 1387 etsi
2596 1324 2802 1399 Deus,
2862 1347 2991 1408 quo
3037 1346 3107 1390 se
3151 1325 3411 1408 generis
3447 1325 3719 1391 humani
3765 1325 4100 1392 custodem
4144 1334 4363 1391 osten-

2414 1407 2545 1487 dat,
2608 1411 2944 1492 politicum
3012 1410 3308 1476 ordinem
3354 1412 3550 1476 etiam
3598 1414 3773 1477 inter
3814 1413 4118 1497 profanos
4154 1411 4364 1476 homi·

2413 1516 2530 1559 nes
2574 1516 2834 1577 pessum
2881 1498 2974 1562 ire
3018 1519 3152 1562 non
3210 1499 3477 1580 patitur,
3522 1499 3745 1564 multis
3790 1504 4010 1563 tamen
4046 1497 4366 1579 exemplis

2412 1589 2702 1664 apparet,
2748 1604 3067 1665 nusquam
3128 1583 3415 1648 residere
3469 1583 3740 1649 solidam
3784 1585 3923 1649 eius
3969 1583 4363 1650 benedictio-

2413 1689 2563 1731 nem
2626 1668 2750 1732 nisi
2796 1668 2906 1732 ubi
2953 1690 3119 1750 pura
3160 1669 3396 1734 colitur
3438 1670 3683 1753 religio,
3772 1672 3873 1736 Ac
3916 1691 4118 1752 quum
4161 1690 4362 1736 evan-

2410 1752 2656 1836 gelium
2716 1753 3228 1819 inaestimabiles
3278 1764 3582 1820 aeternae
3643 1758 3818 1822 vitae
3860 1755 4202 1821 thesauros
4245 1776 4362 1820 no-

2411 1839 2511 1904 bis
2576 1839 2845 1922 aperiat,
2916 1839 3076 1906 haec
3141 1842 3465 1906 secundae
3501 1843 3750 1925 gratiae
3794 1863 3924 1907 non
3971 1840 4363 1924 poenitenda

2410 1934 2512 1989 est
2574 1927 2870 2001 accessi0,
2930 1925 3103 2009 quod
3161 1925 3346 1992 Deus
3390 1949 3596 2011 regna
3638 1939 3706 1994 et
3749 1928 4169 2011 principatus,
4215 1928 4359 2011 qui-

2408 2012 2534 2076 bus
2578 2011 2923 2094 praesidet,
2970 2013 3037 2078 in
3076 2035 3267 2079 suum
3292 2012 3690 2095 praesidium
3734 2013 4062 2098 fidemque
4105 2013 4359 2097 recipit.

2408 2097 2640 2180 Itaque
2685 2120 2766 2162 ex
2806 2099 3039 2181 quibus
3081 2099 3239 2164 locis
3275 2101 3618 2182 profligata
3661 2109 3762 2166 est
3806 2111 4085 2182 papatus
4126 2100 4358 2183 impie·

2410 2193 2531 2261 tas,
2596 2194 2671 2248 ut
2733 2183 3111 2250 succederet
3172 2185 3431 2269 integra
3485 2185 3751 2267 pietatis
3809 2186 4160 2265 restitutiO,
4227 2185 4360 2250 illic

2409 2268 2588 2352 leges
2624 2280 2688 2334 et
2726 2270 2968 2336 iudicia
2994 2272 3248 2348 florere,
3296 2273 3606 2335 maiorem
3651 2273 3874 2355 vigere
3918 2272 4360 2338 reverentiam

2409 2356 2932 2439 magistratuum,
2991 2357 3265 2440 populos
3324 2357 3443 2423 sub
3480 2356 3733 2439 placida
3790 2357 4110 2422 modestia
4152 2357 4360 2423 conti-

2408 2443 2548 2506 neri
2590 2442 2832 2525 passim
2875 2442 3194 2508 videmus.
3263 2440 3414 2523 Quo
3447 2444 3668 2509 minus
3715 2442 4072 2509 tolerabilis
4116 2452 4218 2508 est
4252 2464 4358 2508 eo-

2408 2550 2555 2592 rum
2602 2527 3003 2610 improbitas,
3060 2530 3172 2612 qui
3215 2530 3548 2595 doctrinae
3592 2530 3869 2594 formam
3913 2549 4110 2612 quam
4154 2528 4359 2593 tradi-

2408 2636 2556 2679 mus
2611 2626 2917 2697 proterve
2972 2616 3316 2694 infamant,
3374 2637 3449 2681 ac
3497 2616 3554 2681 si
3598 2614 3936 2699 dissipatio
3980 2622 4155 2680 esset
4197 2613 4358 2696 poli-

2408 2701 2519 2766 tici
2577 2699 2846 2779 ordinis,
2908 2723 3101 2785 quem
3168 2702 3347 2766 nullo
3392 2700 3656 2766 meliore
3701 2700 4098 2766 adminiculo
4140 2698 4360 2766 fulciri

2407 2786 2816 2869 experientia
2872 2788 3114 2870 ubique
3173 2787 3430 2854 clamat.
3519 2786 3831 2853 Pluribus
3875 2807 4092 2851 coram
4135 2794 4354 2851 tecum

2407 2883 2558 2955 aget
2599 2874 2804 2938 frater
2840 2884 3081 2953 noster,
3107 2877 3157 2952 θ)
3195 2883 3261 2939 οι
3303 2873 3704 2939 commodius
3748 2893 3944 2956 quam
3979 2873 4147 2937 ferat
4181 2871 4353 2956 epis-

2407 2959 2579 3023 tolae
2623 2961 2808 3025 ratio.
2892 2960 3079 3035 Vale,
3144 2960 3707 3045 praestantissime
3783 2959 3890 3025 vir
3954 2968 4022 3022 et
4077 2956 4354 3022 illustris

2407 3042 2714 3111 Domine.
2794 3044 3122 3126 Christus,
3182 3049 3292 3130 qui
3358 3058 3424 3112 te
3467 3044 3819 3130 praeclaris
3862 3042 4121 3110 dotibus
4160 3064 4352 3110 orna-

2407 3131 2526 3211 vit,
2593 3141 2877 3198 mentem
2947 3140 3128 3198 tuam
3195 3154 3547 3217 omnesque
3604 3153 3836 3198 sensus
3872 3132 3939 3196 in
3984 3130 4354 3214 legitimum

2406 3240 2630 3283 earum
2697 3240 2890 3284 usum
2947 3217 3206 3302 dirigat,
3266 3240 3394 3302 quo
3459 3240 3720 3285 sacrum
3768 3219 3907 3283 eius
3949 3238 4191 3282 nomen
4234 3236 4353 3300 per

2407 3314 2472 3369 te
2536 3305 2931 3370 illustretur:
2980 3304 3303 3370 sustineat
3344 3315 3408 3369 te
3452 3326 3573 3370 sua
3618 3306 3866 3372 virtute
3909 3310 3977 3369 et
4019 3304 4197 3368 omni
4240 3303 4352 3368 be-

2406 3391 2794 3456 nedictionis
2830 3413 3072 3474 genere
3095 3401 3529 3474 prosequatur
3574 3411 3777 3474 usque
3817 3390 3891 3454 in
3935 3391 4152 3455 finem.
4217 3388 4351 3455 Ge-

2404 3498 2632 3557 nevae,
2677 3487 2735 3542 4.
2783 3476 3109 3543 Calendas
3154 3476 3447 3542 Ianuarii
3499 3481 3680 3541 1555.

3281 3989 3478 4061 2372.

2883 4144 3356 4214 CALVINUS
3403 4141 3860 4211 TRICESIO.

2577 4317 2888 4383 Hortatur
2925 4338 3066 4383 eum
3110 4318 3195 4384 ad
3236 4316 3623 4398 scripturam
3664 4334 3917 4382 sacram
3957 4316 4025 4378 in
4069 4314 4353 4399 linquam

2392 4403 2745 4487 polonicam
2784 4403 3156 4470 vertendam.

2403 4576 2631 4644 (Exstat
2663 4575 3015 4646 apographon
3048 4574 3182 4628 satis
3217 4573 3721 4710 retignszissbefdem
3761 4571 3891 4627 cod.
3921 4571 4092 4626 Paris.
4129 4577 4187 4626 et
4221 4571 4352 4626 folio

3195 4661 3259 4698 ac
3350 4681 3364 4694 .
3540 4682 3551 4695 .

2405 4816 2743 4883 Generoso
2786 4815 2933 4882 viro
2977 4814 3063 4881 D.
3106 4814 3413 4881 Andreae
3449 4814 3738 4880 Tricesio
3764 4818 3811 4891 ¹)
3857 4813 4063 4899 equiti
4109 4812 4353 4877 Polono

2760 4901 3002 4967 eximio
3046 4902 3308 4986 pietatis
3351 4909 3419 4967 et
3461 4900 3798 4967 doctrinae
3843 4900 4003 4966 vire.

2610 5105 2670 5176 3)
2704 5108 2962 5161 Reditum
3009 5104 3378 5174 (Lismanim')
3419 5107 3566 5160 omni
3610 5109 3809 5161 conatu
3854 5104 4002 5158 Stsn.
4047 5102 4353 5174 Myscovius

2446 5176 2712 5230 raefectus
2747 5175 3257 5242 Mariaeburgensis,
3306 5177 3388 5229 Io.
3436 5175 3615 5229 Bonar
3649 5173 3972 5242 Ostrorogii,
4020 5172 4284 5228 Albertus
4318 5189 4352 5225 a

2404 5194 2580 5300 Easco
2623 5246 2813 5316 frater,
2856 5245 3130 5307 Lasocius,
3164 5245 3501 5313 Philipovius
3537 5252 3593 5296 et
3626 5244 3719 5297 alii
3765 5243 4006 5296 illustres
4040 5259 4105 5296 ao
4138 5240 4351 5296 nobiles

2406 5316 2511 5368 viri
2549 5317 2825 5369 curabant,
2895 5315 2944 5368 N
2949 5331 3009 5368 ec
3043 5329 3132 5368 res
3167 5312 3361 5368 effectu
3396 5314 3588 5367 caruit.
3656 5312 3915 5379 (Labicos.
3949 5309 4064 5378 65.)

2408 5383 2679 5452 2372.1)
2713 5381 2961 5440 Andreas
3012 5383 3258 5451 Trioeoz,
3308 5382 3526 5437 Ioannis
3574 5381 3742 5445 filius,
3794 5381 3901 5434 viri
3954 5387 4013 5434 et
4064 5379 4350 5435 nobilitate
