4850 6200
370 397 489 461 ⁷21

1238 587 1440 660 2265.

821 742 1289 810 OALVINUS
1334 742 1856 827 LOOQUE'PO.

534 912 862 999 Approbat
926 915 1254 982 consilium
1317 919 1456 984 eius
1515 923 1570 984 et
1633 939 1824 1002 quam
1880 918 2319 1000 sibisunopsit

361 1000 531 1067 viam
596 1001 667 1067 in
721 1000 976 1069 eeclesia
1028 1003 1547 1087 Aryentoratensi
1596 1004 1989 1087 sequendam,
2051 1005 2316 1072 meliora

360 1092 572 1239 sper-ag
604 1109 729 1240 gg
762 1087 1209 1240 &laxandum
1250 1095 1307 1156 et
1349 1089 1714 1174 Mar-tyran.
1804 1090 1955 1175 Ipse
1995 1097 2180 1157 seruet
2217 1091 2314 1157 in·

361 1345 681 1416 (Exemplar
713 1347 1070 1401 describimus
1089 1347 1366 1401 Ionvillaei
1401 1364 1471 1401 ex
1489 1348 1617 1402 Cod.
1640 1347 1845 1403 Gener.
1887 1348 2027 1414 10⁷⁸,
2059 1350 2150 1405 fol.
2192 1349 2310 1405 112.

357 1416 609 1483 Autogra
649 1415 758 1469 hon
800 1432 911 1470 non
970 1422 1174 1475 exstat,
1228 1432 1417 1470 verum
1464 1418 1630 1470 etiam
1677 1419 1983 1473 recentiora
2030 1418 2312 1474 Turretini

358 1483 473 1539 cod
540 1431 661 1551 IAE,
700 1484 792 1539 sol.
838 1483 925 1549 51,
964 1485 1734 1623 Q?gnfflogu}3p&YoL
1760 1487 1846 1541 vl.
1882 1505 1934 1557 p.
1955 1485 2061 1542 470
2094 1496 2153 1543 et
2186 1488 2308 1556 472,

354 1726 478 1793 Pio
522 1736 590 1792 et
634 1727 810 1793 fideli
854 1727 1105 1793 Christi
1140 1748 1332 1794 servo
1375 1726 1460 1793 D.
1505 1726 1745 1794 Ioanni
1776 1728 2078 1813 Loqueto
2120 1731 2312 1797 fratri

886 1824 955 1880 et
995 1824 1400 1899 symmystae
1434 1815 1789 1881 carissimo.

526 1985 598 2053 S.
644 1986 791 2071 Ego
826 2006 1004 2064 vero,
1049 1987 1141 2051 mi
1165 1987 1385 2064 frater,
1421 1986 1669 2053 factum
1713 1997 1898 2053 tuum
1938 1987 2230 2070 probavi,
2260 1990 2310 2073 ¹)

349 2071 525 2155 quod
568 2080 637 2138 te
700 2069 786 2138 ab
836 2072 1018 2139 hirco
1074 2071 1451 2158 disiungere
1468 2076 1527 2151 ²)
1561 2073 1910 2139 maluisses
1952 2095 2148 2157 quam
2192 2096 2312 2159 pro

348 2167 618 2243 putore
661 2178 1016 2242 agnoscere
1060 2160 1172 2241 qui
1222 2159 1289 2223 vi
1333 2168 1401 2224 et
1446 2159 1720 2242 profano
1763 2180 1943 2225 more
1985 2174 2159 2227 esset
2200 2162 2310 2226 ob-

349 2256 595 2311 trusus.
684 2245 748 2310 N
750 2266 823 2311 ec
866 2265 1027 2311 vero
1072 2246 1561 2329 responsionem
1606 2246 1921 2323 consulto,
1979 2260 2053 2312 ut
2094 2256 2306 2331 putas,

347 2330 607 2397 distuli:
677 2331 792 2397 sed
858 2332 1012 2414 quia
1074 2331 1414 2397 commoda
1479 2332 1729 2396 occasio
1772 2333 2104 2398 scribendi
2145 2334 2310 2399 mihi

346 2417 435 2483 ab
480 2438 557 2482 eo
604 2432 896 2501 tempore
939 2415 1157 2483 oblata
1200 2439 1330 2483 non
1376 2419 1517 2482 fuit.
1583 2418 1644 2482 N
1649 2439 1723 2483 ec
1765 2416 1930 2483 mihi
1972 2417 2312 2504 displicuit

346 2502 467 2569 illa
510 2503 891 2579 moderatio,
937 2502 1109 2586 quod
1131 2504 1477 2569 conciones
1514 2505 1766 2570 interea
1809 2503 2112 2584 audieris,
2158 2525 2306 2589 par-

345 2589 471 2655 tim
525 2600 605 2655 ut
660 2590 977 2674 pudorem
1036 2590 1387 2665 incuteres,
1435 2590 1697 2672 partim,
1757 2590 1811 2654 si
1857 2590 2120 2672 longius
2154 2612 2306 2674 pro-

345 2697 579 2761 gressa
613 2687 784 2743 esset
818 2676 963 2741 eius
996 2674 1400 2758 improbitas,
1444 2686 1521 2741 ut
1556 2687 1620 2739 te
1656 2696 2035 2760 opponeres.
2102 2678 2307 2742 Forte

344 2765 442 2827 ita
487 2762 721 2829 accidit
766 2774 838 2827 ut
880 2762 950 2826 in
990 2761 1265 2826 fratrum
1303 2782 1603 2828 meorum
1644 2772 2041 2829 conventum
2087 2765 2305 2848 ingre-

344 2847 558 2924 derer,
596 2849 753 2913 dum
792 2847 960 2913 mibi
988 2848 1241 2931 priores
1264 2850 1320 2925 ⁸)
1360 2858 1511 2913 tuae
1547 2847 1776 2913 literae
1798 2847 2095 2915 redditae
2129 2862 2302 2915 sunt.

339 2934 706 3019 Postquam
743 2936 873 3000 illis
908 2934 1199 3011 recitavi,
1237 2944 1313 2999 ut
1348 2934 1612 3000 laudavi
1649 2945 1830 3000 tuam
1866 2934 2301 3018 prudentiam,

342 3042 540 3087 nemo
593 3023 721 3087 fuit
777 3022 891 3106 qui
942 3042 1072 3085 non
1128 3022 1583 3088 subscriberet.
1663 3021 1755 3085 Et
1808 3033 1984 3086 certe
2051 3024 2300 3107 gravis·

343 3109 589 3175 simum
655 3107 897 3174 doloris
962 3108 1204 3173 vulnus
1270 3107 1434 3173 mihi
1500 3108 1750 3173 inflixit
1814 3110 2093 3174 nuncius
2155 3109 2298 3175 ille:

342 3196 811 3279 magistratum
873 3216 992 3260 suo
1058 3195 1348 3273 arbitrio,
1393 3216 1478 3259 116
1524 3194 1684 3276 quid
1740 3194 2023 3278 amplius
2068 3193 2299 3270 dicam,

341 3294 639 3346 evertere
695 3281 1065 3366 legitimum
1122 3281 1430 3347 ecclesiae
1485 3280 1785 3346 ordinem
1828 3295 1894 3344 et
1928 3279 2300 3347 libertatem

342 3369 736 3451 opprimere,
826 3367 974 3433 Hoc
1016 3367 1149 3432 iam
1195 3368 1406 3450 magis
1451 3366 1808 3444 tolerabile,
1853 3368 1985 3431 imo
2028 3367 2113 3431 ad
2147 3389 2299 3434 con-

339 3452 653 3530 cordiam,
698 3465 773 3518 ut
810 3453 975 3518 mihi
1016 3450 1292 3528 videtur,
1329 3463 1789 3537 opportunum,
1835 3453 1893 3517 si
1938 3454 2019 3518 D.
2058 3455 2300 3520 Petrus

343 3540 718 3609 Alexander
760 3539 1096 3620 suffragiis
1141 3538 1389 3604 electus
1432 3540 1502 3603 in
1550 3540 1770 3604 fratris
1814 3538 2032 3603 locum
2077 3561 2298 3606 succe·

337 3622 471 3690 dat.
552 3624 767 3708 Saepe
805 3623 1069 3708 quidem
1116 3626 1394 3690 miratus
1411 3630 1467 3702 ⁴)
1512 3646 1677 3703 sum,
1722 3625 1794 3689 in
1838 3624 1969 3690 illis
2013 3625 2299 3692 dissidiis

337 3711 711 3795 neglectum
757 3711 958 3777 fuisse
1005 3712 1373 3794 proximum
1420 3709 1799 3786 remedium,
1868 3720 1935 3776 et
1978 3731 2103 3793 quo
2150 3711 2295 3777 nul-

336 3796 479 3861 lum
538 3811 683 3863 erat
736 3799 955 3880 aptius
1013 3817 1132 3863 nec
1187 3797 1399 3880 magis
1456 3797 1735 3871 salubre,
1797 3810 1871 3861 ut
1914 3807 1979 3860 te
2023 3798 2296 3864 ecclesia

335 3883 740 3967 subrogaret.
811 3882 945 3949 »Sed
982 3884 1242 3965 quando
1284 3882 1449 3947 illud
1496 3882 1736 3948 factum
1786 3903 1918 3946 non
1962 3894 2078 3958 est,
2120 3905 2293 3949 nunc

333 3969 571 4034 saltem
630 3970 718 4033 sit
773 3969 1012 4052 aliquis
1067 3969 1551 4033 contentionum
1606 3968 1854 4033 modus.
1939 3969 2040 4034 Ea
2104 3970 2176 4034 in
2220 3991 2292 4035 re

334 4054 693 4137 plurimum
761 4056 1007 4121 valebit
1064 4053 1149 4120 D.
1212 4054 1391 4120 Petri
1436 4053 1754 4137 Martyris
1797 4056 2133 4132 autoritas,
2179 4057 2289 4138 qui

332 4160 415 4205 ex
484 4162 558 4206 re
625 4142 954 4224 praesenti
1020 4142 1264 4225 optime
1341 4152 1586 4205 statuet
1659 4140 1818 4223 quid
1885 4139 2208 4224 expediat.
2236 4142 2290 4226 ⁸)

331 4224 614 4293 Utinam
670 4248 793 4310 ego
859 4249 1114 4311 quoque
1179 4226 1427 4309 aliquid
1494 4228 1729 4291 afferre
1774 4246 2064 4310 possem:
2112 4237 2288 4293 certe

330 4334 547 4396 neque
582 4311 791 4380 labori
826 4334 1164 4396 parcerem
1189 4334 1399 4395 neque
1424 4315 1714 4396 fugerem
1754 4311 2089 4377 invidiam.
2151 4311 2287 4379 Sed

328 4396 655 4465 hactenus
712 4401 960 4464 veritus
1005 4421 1170 4477 sum,
1223 4400 1393 4482 quod
1442 4420 1549 4463 me
1607 4398 1820 4463 adhuc
1878 4401 2136 4476 retinet,
2204 4421 2287 4466 ne

329 4505 480 4550 mea
522 4485 894 4569 praesentia
937 4486 1185 4550 malum
1224 4497 1475 4568 augeat.
1550 4483 1808 4550 Deinde
1862 4483 2032 4549 nihil
2076 4484 2286 4569 magis

329 4589 371 4634 a
406 4570 699 4636 moribus
737 4574 899 4637 meis
942 4571 1230 4637 alienum
1281 4593 1474 4653 quam
1513 4594 1615 4636 me
1658 4572 1975 4654 ingerere.
2034 4572 2284 4637 Verum

330 4666 684 4739 antequam
745 4657 826 4723 ad
876 4669 941 4721 te
1004 4659 1347 4742 perveniat
1395 4656 1553 4723 haec
1621 4656 1914 4742 epistola,
1982 4658 2111 4721 iam
2158 4678 2281 4738 res,

322 4913 512 5050 305.
536 4914 593 4978 1)
631 4914 949 5038 we
992 4915 1069 4970 ad
1113 4914 1193 4971 N.
1226 4913 1365 4969 2236
1412 4918 1627 4985 aqieque
1671 4915 1739 4969 de
1783 4916 1998 4985 negotio
2034 4914 2283 4987 Boqm‘m'

385 5020 399 5033 ·
434 4985 598 5039 etiam
776 5021 789 5034 .

532 5052 593 5116 2)
631 5053 967 5123 distinguere
1001 5068 1191 5122 apogr.

530 5119 592 5187 8)
630 5122 716 5178 bie
760 5123 984 5191 scripsit
1024 5128 1088 5177 ut
1132 5119 1300 5189 vides,
1346 5136 1532 5175 vnum
1566 5124 1696 5175 utra
1741 5120 1859 5177 eola
1893 5129 2168 5191 superstes
2202 5124 2279 5179 eit

322 5188 555 5257 definire
587 5207 700 5247 non
733 5191 998 5246 ausimne.

532 5258 595 5323 4)
631 5261 868 5314 minatus
902 5276 1091 5329 apoqr.

531 5328 594 5393 5)
636 5328 719 5396 Gt.
753 5334 1072 5399 sequentem.

537 5413 760 5471 Galeam·
788 5431 971 5485 opera.
1056 5415 1163 5470 Vol.
1205 5413 1261 5467 X
1276 5415 1331 5469 V.

2078 408 2239 470 1555
2274 405 2670 477 AUGUST-

4254 428 4380 492 ⁷22

2418 596 2549 662 nisi
2612 596 2826 678 fallor,
2883 606 3219 670 transacta
3238 601 3295 687 ⁶)
3353 606 3496 671 erit.
3583 606 3772 688 Vale,
3835 609 4076 679 eximie
4138 613 4246 680 vir
4308 622 4382 681 et

2417 681 2623 783 frater
2664 684 3108 769 integerrime.
3175 687 3411 756 Saluta
3446 692 3689 760 amicos
3724 695 3960 778 quibus
3997 697 4118 763 hoc
4151 719 4378 768 meum

2416 768 2707 835 officium
2750 779 3014 855 gratum
3049 795 3193 842 esse
3226 797 3596 861 cognosces.
3656 781 3986 849 Dominus
4030 791 4096 850 te
4137 786 4376 869 spiritu

2413 874 2535 1005 Ἅιο
2590 867 3099 1008 τοὲοἷοῦδὲοτςαι
3150 880 3227 927 ac
3268 865 3594 945 praesidio
3658 868 3847 933 tueri.
3936 867 4249 938 Genevae
4310 876 4378 939 8.

3336 1086 3617 1155 Ioannes
3655 1088 3980 1158 Calvinus
4022 1098 4196 1160 tuus.

3171 1411 3582 1427 m

3281 1682 3484 1753 2266.

2877 1835 3352 1905 OALVINUS
3396 1837 3890 1910 VERMILIO.

2587 2005 2856 2072 Praeter
2890 2010 3453 2092 Arqenwratensia
3494 2012 3803 2093 quaedam
3843 2012 4037 2080 obiter
4074 2016 4372 2099 delibata,

2414 2098 2713 2159 numam
2746 2095 3197 2160 communionis
3225 2095 3512 2176 fidelium
3543 2118 3687 2164 oum
3726 2097 3976 2166 christo
4013 2105 4280 2184 expone.

2436 2265 3026 2389 ruffinam
3052 2267 3691 2407 asama:
3719 2269 4186 2397 mm
4224 2272 4371 2341 ¹⁰⁷2

2414 2402 2620 2458 Gener.
2669 2419 2720 2472 p.
2759 2401 2878 2468 161,
2928 2403 3088 2458 Laus.
3127 2421 3217 2524 p.A
3219 2402 3346 2528 1338ξῖ
3381 2406 3615 2542 ΡΗιίιὸιᾶ.)
3639 2424 3693 2477 p.
3729 2406 3846 2475 391,
3902 2407 4111 2464 Chonet
4154 2347 4369 2483 m

2586 2642 2655 2709 S.
2722 2644 2956 2729 Egone
2997 2653 3136 2709 tam
3179 2665 3389 2712 essem
3433 2646 3852 2728 inhumanus,
3898 2657 3977 2714 ut
4009 2650 4362 2735 quidquam

2408 2728 2788 2795 offensionis
2848 2750 3236 2815 quacunque
3302 2731 3383 2797 de
3448 2752 3645 2800 causa
3709 2734 3782 2798 in
3847 2743 3914 2800 te
3972 2746 4361 2822 conceptum

2406 2814 2659 2880 silendo
2705 2816 2994 2882 foverem
3037 2816 3255 2900 potius
3300 2838 3496 2901 quam
3540 2819 3745 2885 libere
3788 2828 4006 2887 tecum
4052 2831 4362 2908 expostu-

2408 2899 2606 2967 lando
2666 2924 2748 2967 ex
2801 2904 3020 2969 animo
3063 2924 3210 2969 meo
3267 2904 3613 2970 eiicerem?
3702 2904 3881 2986 Quid
3924 2916 4144 2973 autem
4188 2908 4361 2993 quod

2409 2994 2474 3052 te
2551 2989 2881 3074 integrum
2960 3011 3218 3073 semper
3292 2989 3628 3074 fidumque
3692 2992 3981 3059 amicum
4048 3002 4360 3078 expertus

2406 3073 2745 3142 sinistram
2789 3074 3036 3141 nullam
3082 3075 3542 3161 suspicionem,
3601 3077 3733 3143 nisi
3785 3086 4061 3160 temere,
4119 3078 4358 3148 admit-

2405 3169 2548 3225 tere
2592 3184 2722 3227 non
2769 3162 2996 3245 potui?
3079 3164 3183 3228 'Pu
3222 3183 3400 3242 vero,
3445 3164 3859 3230 ornatissime
3901 3166 4024 3246 vir,
4070 3176 4246 3233 recte
4288 3176 4357 3234 et

2406 3246 2784 3331 prudenter,
2830 3249 3001 3332 quod
3037 3249 3202 3314 nihil
3238 3250 3370 3314 tale
3412 3250 3484 3314 in
3520 3250 3814 3316 animum
3855 3251 4167 3318 inducere
4209 3276 4357 3320 sus-

2405 3334 2700 3400 tinueris.
2729 3337 2780 3412 1)
2867 3333 3063 3416 Quod
3118 3337 3175 3401 si
3220 3357 3349 3420 qua
3405 3335 3523 3401 tibi
3581 3335 3902 3402 dubitatio
3956 3338 4355 3423 obrepserat,

2404 3429 2558 3484 ante
2603 3419 2816 3485 deleta
2852 3421 2978 3486 fuit
3019 3442 3217 3503 quam
3261 3421 3333 3487 in
3369 3441 3604 3488 manus
3641 3443 3819 3489 meas
3854 3424 4157 3490 venirent
4201 3433 4356 3494 tuae

2402 3504 2648 3571 literae.
2760 3506 3035 3573 Scivisti
3100 3507 3276 3572 enim
3343 3506 3517 3572 unde
3580 3508 3747 3573 mihi
3810 3509 4053 3577 iniecta
4122 3512 4355 3578 fuisset

2400 3611 2602 3656 mora.
2694 3593 2894 3658 Certe
2950 3614 3086 3656 rem
3147 3592 3424 3678 exposui
3482 3601 3559 3657 ut
3611 3602 3771 3674 erat,
3829 3595 3959 3660 nisi
4018 3596 4188 3661 forte
4228 3596 4353 3665 hoc

2399 3680 2591 3756 tacui,
2628 3699 2734 3742 me
2769 3679 3030 3762 longius
3065 3698 3353 3745 cessasse
3375 3679 3528 3762 quia
3559 3700 3711 3745 mea
3742 3680 4039 3766 pigrities
4074 3681 4351 3750 honesto

2396 3772 2747 3845 praetextu
2792 3785 2898 3829 me
2943 3764 3224 3831 fallebat.

2571 3848 2761 3930 Quod
2837 3859 3057 3916 autem
3086 3852 3142 3929 ²)
3211 3849 3292 3916 de
3370 3870 3610 3917 arcana
3685 3871 3850 3935 quae
3930 3853 4118 3919 nobis
4194 3876 4348 3921 cum

2395 3933 2664 4000 Christo
2707 3944 2807 4001 est
2849 3935 3444 4003 communicatione
3486 3957 3594 4003 me
3650 3939 4048 4020 scripturum
4092 3939 4346 4022 pollici-

2391 4029 2502 4086 tus
2546 4022 2829 4099 fueram,
2888 4023 3108 4087 minus
3151 4021 3359 4087 solide
3400 4024 3744 4106 praestabo
3788 4044 3985 4107 quam
4030 4027 4342 4108 sperasti:

2390 4108 2545 4190 quia
2587 4108 2850 4172 tametsi
2892 4109 3114 4192 magni
3157 4107 3477 4172 momenti
3518 4128 3626 4173 res
3669 4116 3788 4185 est,
3844 4110 4069 4192 paucis
4114 4123 4338 4178 tamen

2388 4193 2611 4259 verbis
2654 4193 2832 4258 inter
2874 4214 2991 4258 nos
3046 4192 3383 4260 commode
3423 4214 3615 4276 posse
3658 4192 3917 4259 definiri
3959 4196 4257 4262 arbitror.
4281 4199 4335 4281 ⁸)

2389 4275 2586 4360 Quod
2630 4279 2803 4344 filius
2847 4278 2978 4344 Dei
3033 4299 3300 4345 carnem
3361 4289 3654 4346 nostram
3710 4280 3941 4360 induit,
3999 4289 4074 4346 ut
4130 4282 4337 4349 frater

2388 4374 2614 4430 noster
2691 4367 2877 4430 fieret
2945 4364 3235 4431 eiusdem
3303 4376 3576 4431 naturae
3686 4367 3984 4450 articeps‚
4064 4367 4146 4434 de
4223 4367 4336 4435 illa

2387 4451 2975 4516 communicatione
3046 4451 3263 4518 dicere
3340 4472 3610 4537 superse
3657 4473 3750 4518 eo.
3871 4452 4045 4518 Nam
4111 4452 4192 4519 de
4255 4476 4336 4521 ea

2386 4545 2644 4603 tantum
2710 4536 3038 4623 agendum
3103 4549 3206 4604 est
3261 4558 3430 4622 quae
3472 4557 3512 4602 a
3551 4538 3817 4604 coelesti
3882 4539 4025 4606 eius
4081 4539 4334 4608 virtute

2383 4632 2612 4687 manat
2654 4630 2723 4689 et
2764 4623 2951 4689 nobis
2996 4624 3200 4690 vitam
3244 4623 3539 4708 inspirat,
3586 4631 3654 4690 et
3693 4623 3852 4690 facit
3893 4634 3966 4690 ut
4008 4626 4076 4691 in
4121 4647 4334 4693 unum

2377 4983 2567 5039 2266.
2583 4915 2649 5048 ε1))
2681 4914 3380 5106 {gfftssaffqum
3417 4983 3755 5054 deperditam
3799 4988 4043 5053 epectare
4075 4983 4332 5041 ameum

2376 5055 2439 5108 in
2471 5053 2847 5177 ςιιᾶαέικᾶνεέν
2884 5051 3210 5176 malvias·
3240 5054 3455 5109 eilentio
3489 5054 3831 5124 querebatur.
3881 5051 4162 5110 Caeterum
4193 5054 4329 5114 haec

2373 5121 2454 5177 aa
2581 5190 2617 5244 2
2678 5136 3061 5259 Hineoefnct'pit
3092 5190 3244 5246 Beea
3277 5204 3572 5260 suppresso
3605 5205 3717 5246 voc.
3753 5195 3953 5247 autem.

2373 5330 2519 5385 m
2552 5259 2615 5386 ,Ξ
2677 5257 2967 5399 {zzz-'quita
3010 5257 3567 5397 ffwpqff)m
3605 5258 3949 5330 praetendat,
4000 5257 4330 5329 differebant

3844 5411 3912 5469 46
