4850 6200
517 454 644 515 7115

514 659 726 723 nuper
771 636 1051 702 multum
1093 634 1424 701 laborasse
1478 633 1689 700 literis
1743 654 1861 717 pro
1918 632 2209 700 ecclesiis
2252 631 2469 697 Mom-

515 721 1075 810 belgardensibus.
1162 720 1472 788 Christus
1530 720 1641 786 det
1693 739 2066 786 successum
2112 719 2245 784 tnis
2287 716 2468 783 labo-

517 810 699 877 ribus
743 819 812 875 et
852 830 973 893 per
1015 822 1082 873 te
1126 821 1481 874 succurrat.

691 895 1014 962 Beraldus
1067 894 1285 959 nescio
1341 913 1383 956 a
1438 893 1678 975 quibus
1738 892 2059 974 acceperit
2123 886 2471 953 &eraldum

520 983 867 1049 diaconum
911 990 978 1046 et
1021 979 1326 1058 Paulam,
1384 981 1494 1061 qui
1536 978 1709 1043 111616
1763 978 2058 1042 sentiunt
2110 974 2179 1039 in
2225 972 2471 1051 multis,

521 1069 806 1135 multum
850 1064 1336 1133 incommodare
1377 1065 1682 1130 Tossano:
1728 1061 2052 1147 siquidem
2086 1069 2358 1142 uterque
2401 1059 2472 1123 in

520 1153 764 1231 multis,
811 1162 885 1217 ut
926 1152 1137 1230 audio,
1174 1151 1333 1215 facit
1367 1171 1513 1215 cum
1544 1149 2014 1232 Anabaptistis,
2060 1157 2127 1212 et
2154 1145 2475 1213 Gemmas

520 1248 722 1325 negat
753 1238 1393 1323 praeordinationem
1427 1235 1558 1301 Dei
1601 1245 1956 1311 aeternam,
2003 1254 2203 1317 quum
2250 1251 2321 1296 se
2364 1252 2475 1295 ex·

521 1327 746 1411 pedire
790 1347 921 1391 non
980 1323 1203 1407 possit,
1261 1345 1340 1388 ea
1400 1332 1637 1400 stante,
1696 1322 1857 1403 quin
1899 1319 2084 1385 Deus
2140 1318 2227 1383 sit
2284 1326 2475 1382 autor

523 1413 789 1498 peccati.
888 1411 1096 1493 Quasi
1141 1430 1299 1474 vero
1343 1406 1666 1473 ordinatio
1710 1408 1834 1473 Dei
1878 1413 2148 1472 aeterna
2190 1405 2474 1487 peccatis

524 1499 614 1566 sit
654 1498 953 1577 obnoxia,
1000 1506 1066 1561 et
1108 1495 1349 1561 idcirco
1393 1496 1639 1576 peccati
1683 1502 1873 1558 autor
1905 1493 2091 1557 Deus
2134 1488 2471 1555 habeatur.

522 1585 682 1651 Ideo
728 1584 931 1649 bonus
977 1583 1106 1659 vir,
1165 1581 1392 1647 volens
1451 1579 1790 1647 consulere
1835 1578 2102 1643 divinae
2143 1575 2476 1641 maiestati

524 1693 612 1736 ne
653 1692 767 1737 rea
798 1670 882 1751 ¹¹¹)
927 1677 1297 1752 peragatur,
1344 1675 1659 1750 pernegat
1701 1666 2106 1748 propositum
2149 1671 2216 1726 et
2261 1661 2477 1726 decre-

525 1767 661 1822 tum
710 1763 1069 1821 aeternum.
1137 1752 1244 1818 Ita
1284 1774 1531 1828 rursus,
1575 1773 1660 1815 ne
1695 1750 1894 1816 nimis
1928 1750 2273 1833 derogetur
2320 1748 2476 1812 emi-

524 1843 789 1908 nentiae
857 1848 924 1905 61
984 1840 1306 1905 maiestati
1362 1838 1612 1903 Christi
1668 1847 1736 1902 et
1793 1835 2121 1902 secundus
2177 1833 2476 1899 Adamus

524 1928 827 1996 coelestis
871 1948 1005 1991 non
1047 1925 1197 2009 plus
1254 1946 1459 2007 aequo
1506 1923 1936 2007 deprimatur,
1987 1936 2190 2005 negat
2244 1941 2328 1985 ex
2373 1941 2475 1984 se-

523 2015 720 2090 mine,
781 2036 860 2078 ex
921 2032 1116 2078 carne
1158 2011 1411 2077 Mariae
1456 2009 1794 2076 Christum
1841 2029 1987 2074 esse
2041 2016 2108 2072 61
2160 2005 2476 2071 fratribus

524 2120 667 2166 esse
712 2098 1352 2175 consubstantialem,
1412 2096 1693 2161 similem
1739 2116 1856 2178 per
1899 2094 2137 2159 omnia.
2227 2092 2318 2156 Et
2361 2089 2479 2155 ubi

525 2187 807 2251 fratrum
852 2185 1085 2268 aliquis
1121 2204 1342 2248 semen
1377 2182 1672 2247 mulieris
1694 2180 2037 2246 Christum
2074 2188 2283 2256 vocat,
2320 2199 2479 2242 vere

526 2293 612 2337 ex
654 2290 850 2336 661116
873 2271 1192 2354 Virginis,
1230 2266 1507 2334 subinde
1550 2266 1861 2333 inculcat:
1910 2263 2170 2340 Videte,
2216 2265 2477 2343 fratres,

527 2379 611 2422 ne
655 2357 850 2421 nimis
906 2355 1284 2421 deiiciamus
1328 2353 1579 2419 Christi
1636 2352 2045 2436 dignitatem.
2137 2347 2267 2416 Sed
2317 2348 2479 2414 Bos·-

525 2464 667 2520 nas,
692 2446 775 2517 ¹⁴)
816 2442 925 2525 qui
962 2451 1138 2505 totus
1175 2462 1440 2524 prorsus
1475 2449 1578 2505 661
1601 2439 2134 2521 Anabaptismus,
2182 2444 2248 2500 et
2282 2434 2479 2499 homo

527 2550 709 2595 mare
754 2548 1047 2593 errorum
1085 2541 1150 2592 et
1187 2526 1833 2609 perversissimorum
1872 2524 2254 2608 dogmatum
2291 2521 2482 2603 plene

526 2614 811 2698 perdidit
862 2615 1229 2689 Tossavmm,
1288 2613 1397 2696 qui
1454 2632 1654 2676 unam
1711 2610 1895 2675 illam
1940 2618 2187 2693 pestem
2234 2608 2482 2691 pietate

524 2700 690 2766 nulli
799 2721 976 2765 arem
1035 2699 1297 2764 iudicat.
1389 2696 1567 2763 Sane
1622 2698 1676 2760 si
1732 2697 2136 2780 impietatem
2180 2714 2298 2776 pro
2342 2693 2481 2777 pie·

525 2796 661 2852 tate
705 2810 726 2850 1
778 2786 952 2852 (11661
993 2788 1266 2850 minime
1309 2784 1579 2849 fallitur.
1665 2782 1815 2847 Non
1860 2782 2037 2846 enim
2092 2788 2248 2864 puto
2294 2800 2481 2844 mon-

526 2882 740 2940 strum
799 2872 1152 2955 impietatis
1208 2871 1461 2953 uspiam
1524 2867 1922 2934 horrendum
1979 2868 2207 2949 magis.
2297 2865 2483 2930 Haec

526 2961 648 3025 etsi
688 2958 1228 3023 molestissimum
1274 2965 1373 3021 est
1408 2955 1570 3019 mihi
1616 2954 1917 3029 scribere,
1961 2953 2043 3019 ad
2088 2964 2152 3017 te
2188 2971 2482 3034 praeser-

526 3046 664 3124 tim,
712 3043 826 3110 sed
873 3043 1199 3120 Christus,
1259 3063 1442 3107 amor
1486 3040 1925 3121 ecclesiarum,
1971 3049 2038 3105 et
2078 3037 2250 3122 quod
2293 3058 2483 3103 revo-

527 3139 745 3196 catum
792 3130 1028 3195 vellem
1080 3130 1458 3207 Tessanam,
1503 3148 1610 3193 me
1668 3135 1913 3212 cogunt
1963 3134 2041 3190 ut
2093 3124 2485 3190 ardentiori-

528 3218 652 3283 bus
697 3215 1002 3299 precibus
1045 3214 1409 3280 Dominum
1452 3234 1597 3280 ores
1650 3222 1717 3278 et
1760 3212 1973 3298 magis
2024 3210 2289 3278 studeas
2332 3231 2486 3277 con-

529 3301 749 3369 sulere
790 3301 1097 3367 ecclesiis.
1128 3301 1210 3378 ¹⁵)

703 3387 1029 3452 Existimo
1086 3394 1149 3452 te
1206 3385 1610 3452 intellexisse
1668 3383 1748 3452 (16
1791 3384 2035 3451 vinctis
2067 3388 2153 3460 ¹⁶)
2197 3382 2309 3467 qui
2351 3403 2484 3448 11611

530 3473 722 3540 611161
763 3473 1014 3557 loquuti
1059 3481 1217 3538 sunt
1258 3494 1411 3539 cum
1455 3472 1774 3552 hostibus,
1825 3471 1938 3538 ubi
1995 3470 2170 3555 ignis
2224 3477 2327 3536 est
2366 3490 2482 3552 pa-

532 3569 746 3640 ratus,
803 3581 998 3642 quam
1053 3579 1205 3624 cum
1260 3559 1591 3625 stati-ibus.
1680 3559 1847 3623 'Pam
1890 3556 2094 3623 libere
2137 3555 2484 3623 Christum

531 3655 690 3713 sunt
733 3646 1010 3712 confessi
1056 3654 1124 3712 et
1167 3646 1448 3710 aversati
1485 3665 1749 3709 omnem
1790 3645 2212 3727 impietatem.
2285 3640 2483 3707 Com·

530 3730 917 3798 mendemus
1019 3753 1130 3797 eos
1240 3732 1545 3797 Domino,
1678 3728 2008 3796 Videntur
2114 3727 2483 3811 persimiles

535 3817 799 3898 saxoni,
830 3820 911 3896 ¹⁷)
954 3820 1063 3900 qui
1099 3818 1401 3901 captivus
1434 3817 1629 3902 longe
1664 3815 2009 3881 videbatur
2043 3814 2308 3880 liberior
2341 3834 2482 3877 om-

532 3905 725 3970 nibus
768 3904 880 3987 qui
937 3904 1275 3988 captivum
1320 3904 1661 3969 tenebant:
1721 3903 1818 3967 ita
1869 3901 1969 3966 illi
2024 3900 2230 3968 vincti
2270 3900 2484 3983 magis

531 3997 692 4056 sunt
747 3988 1037 4074 expedit-i
1096 4011 1293 4074 quam
1361 3990 1408 4054 ii
1476 3989 1588 4073 qui
1654 4010 1763 4055 eos
1820 3988 2136 4064 detinent,
2201 3987 2315 4070 qui
2366 3986 2485 4051 vix

530 4084 778 4141 norunt
813 4097 938 4161 quo
980 4098 1051 4142 se
1086 4083 1368 4143 vertant.
1437 4076 1602 4140 'Pam
1645 4082 1803 4140 sunt
1842 4073 2143 4158 impediti
2178 4083 2247 4137 et
2279 4093 2481 4156 quum

533 4183 739 4247 agnos
794 4170 1065 4227 teneant
1120 4163 1268 4245 plus
1321 4162 1597 4227 haerent
1654 4181 1850 4244 quam
1909 4163 1963 4226 si
2022 4160 2249 4243 lupum
2309 4159 2483 4224 auri-

537 4250 656 4315 bus
690 4250 771 4324 13)
831 4256 1147 4313 1611616111.
1232 4247 1538 4314 Christus
1592 4268 1744 4312 61166
1811 4254 2028 4314 servet
2084 4253 2150 4311 et
2207 4246 2483 4310 miseras

530 4333 963 4401 conscientias
1005 4342 1138 4400 tam
1185 4335 1366 4399 varic
1409 4332 1757 4399 distractas
1801 4333 1962 4399 adeo
2014 4331 2357 4398 11111166166
2400 4329 2485 4397 6(1

531 4442 602 4487 66
667 4421 939 4486 trahens
1005 4442 1126 4486 suo
1191 4419 1471 4485 extricet
1533 4443 1565 4485 s
1610 4420 1786 4485 iritu.
1875 4419 2045 4484 Vale
2108 4419 2275 4484 bene
2331 4437 2482 4484 cum

532 4506 691 4573 colle
739 4529 779 4572 a
831 4522 898 4572 et
950 4508 1075 4589 piis
1128 4506 1449 4572 omnibus.
1599 4504 1812 4590 ollega
1866 4513 1930 4570 te
1985 4503 2246 4570 salvum
2301 4510 2488 4588 optat

531 4604 600 4659 et
646 4528 1027 4659 ffumbenus
1067 4592 1246 4659 item.
1334 4591 1645 4658 Neocomi
1686 4599 1745 4655 4.
1784 4592 2069 4676 Augusti
2121 4594 2304 4654 1555.

1541 4730 1724 4795 Tuus
1766 4736 1945 4794 totus
1985 4726 2313 4793 Farellus.

708 4934 803 4999 13)
840 4935 920 4988 ita
965 4934 1025 4987 Τ.

707 5001 805 5068 14)
846 5003 918 5056 N.
953 5003 1109 5057 2155.
1150 5001 1302 5055 2197.
1336 5001 1491 5058 2216.

712 5072 804 5137 15)
843 5071 1155 5127 Genainum
1208 5072 1418 5126 Farelli
1468 5074 1665 5142 stylum
1710 5073 1799 5128 hic
1844 5085 2146 5142 69606666,
2199 5085 2312 5124 11611
2361 5084 2491 5125 vero

534 5149 784 5197 nostran
816 5148 916 5196 aat
952 5156 1239 5209 operarum
1274 5141 1547 5196 incuriam
1583 5149 1756 5207 tames,
1792 5155 2134 5211 quaesamus.

712 5209 801 5276 16)
846 5209 1341 5266 Cumaeos-avua.

708 5277 804 5414 {g}
846 5277 1323 5402 Εῑριξίονίῖρνοοὶἑο
1350 5278 1759 5349 Mammam&
1778 5278 1938 5347 victo,
1972 5276 2007 5331 3
2031 5273 2237 5333 Martio·
2257 5283 2486 5334 mortuo.

841 5364 930 5400 QVI
969 5364 1031 5401 us
1122 5383 1135 5397 .

2014 442 2546 511 EPISTOLAE
2589 444 2826 508 2260-
2846 443 3015 507 2263

4387 449 4506 512 710

3452 629 3650 701 22⁶1.

2671 784 3146 852 CALVINUS
3195 785 3649 853 ADOLPHO
3693 786 4417 854 GLAUBURGERO.

2749 956 3018 1023 Senatui
3061 958 3596 1040 stamfordeusi
3655 958 4177 1025 commatum-iam
4233 960 4304 1023 in
4347 960 4515 1026 Har-

2574 1044 2854 1110 moniam
2912 1044 3371 1129 evangeliorum
3412 1045 3596 1125 dicat,
3653 1047 3763 1111 toti
3803 1044 4055 1127 quidem
4094 1045 4355 1129 colleqio,
4409 1047 4517 1113 sed

2570 1151 2858 1301 gangim?
2924 1131 3139 1212 ipsum
3214 1137 3271 1198 et
3341 1132 3697 1213 patruelem
3770 1131 4161 1197 observantia
4225 1134 4520 1216 prosequi

2578 1388 3087 1455 (Autoschedissma
3119 1390 3332 1445 calvini
3378 1394 3561 1443 exstat
3606 1391 3662 1442 in
3699 1388 3828 1444 Ced.
3864 1388 4066 1443 Gener.
4106 1386 4253 1457 107⁸,
4300 1388 4391 1442 fol.
4427 1387 4519 1456 89;

2578 1458 2649 1510 ad
2684 1473 2875 1512 manus
2912 1467 3069 1512 616111
3115 1465 3401 1528 praeterea
3435 1458 3767 1528 exemplaria
3801 1458 4077 1512 Turretini
4111 1456 4244 1511 Cod.
4280 1457 4398 1528 108,
4432 1458 4521 1513 fol.

2576 1525 2670 1594 27,
2729 1529 3009 1581 Beruense
3066 1545 3187 1609 epp.
3236 1528 3327 1582 VI.
3376 1545 3430 1597 p.
3475 1525 3581 1580 480
3628 1534 3686 1580 et
3730 1527 3948 1581 Simleri
3995 1527 4117 1580 Vol.
4160 1524 4250 1581 85.
4340 1527 4523 1582 versio

2966 1598 3179 1666 anglica
3212 1597 3280 1651 ad
3315 1614 3386 1651 m.
3423 1596 3625 1650 Maium
3660 1597 3829 1651 refert
3860 1596 3957 1651 111.
3992 1594 4139 1662 182.)

2749 1752 3019 1818 Pridem
3065 1775 3105 1817 a
3146 1750 3526 1817 Valerando
3567 1750 3818 1827 Polam,
3849 1749 3896 1836 ¹)
3940 1772 4147 1834 quum
4191 1749 4352 1815 mihi
4397 1758 4526 1817 sta·

2579 1847 2720 1903 tum
2766 1837 3163 1906 describeret
3206 1839 3387 1904 urbis
3429 1846 3722 1916 vestrae,
3783 1847 3852 1902 et
3909 1836 3989 1902 de
4041 1845 4159 1904 tuo
4214 1857 4374 1921 erga
4424 1857 4528 1902 me

2581 1945 2804 1990 amore
2861 1925 3118 1991 fueram
3180 1925 3572 2001 admonitus,
3633 1924 3993 1990 clarissime
4052 1923 4191 1997 vir,
4261 1933 4330 1988 et
4382 1923 4532 2006 quia

2581 2012 2873 2076 maxima
2939 2021 3055 2076 tua
3099 2018 3166 2075 61
3230 2009 3547 2094 patruelis
3612 2010 3708 2074 tui
3728 2012 3788 2093 ²)
3843 2031 4042 2093 opera
4096 2007 4412 2092 adeptum
4464 2028 4532 2075 se

2582 2096 2838 2162 dicebat
2882 2105 2957 2162 ut
2999 2097 3338 2163 ecclesiam
3382 2096 3647 2180 linguae
3683 2103 3946 2161 nostrae
3990 2096 4139 2161 istic
4183 2095 4535 2179 colligeret,

2582 2194 2853 2267 rogatus
2896 2204 3153 2266 quoque
3207 2182 3460 2247 fueram
3506 2192 3581 2247 ut
3635 2182 3753 2246 tibi
3796 2183 3921 2248 hoc
3963 2182 4237 2247 nomine
4296 2181 4537 2266 gratias

2584 2290 2865 2353 agerem.
2940 2270 3048 2334 Ex
3094 2290 3171 2335 eo
3216 2278 3529 2352 tempore,
3575 2289 3709 2333 non
3754 2269 3963 2333 solum
4008 2275 4088 2331 ut
4133 2277 4540 2353 symmystae

2584 2357 2715 2419 mei
2772 2355 3090 2420 desiderio
3148 2354 3567 2438 obsequerer,
3634 2354 3750 2420 sed
3803 2355 3955 2437 quia
4018 2352 4089 2418 id
4150 2354 4287 2417 mei
4343 2351 4539 2418 officii

2584 2462 2727 2506 esse
2772 2441 3154 2519 arbitrabar,
3213 2442 3374 2505 mihi
3418 2442 3603 2507 visus
3647 2461 3797 2506 sum
3842 2440 4299 2506 testimonium
4329 2442 4386 2516 ⁸)
4428 2438 4543 2504 ali·

2585 2527 2760 2611 quod
2805 2528 3225 2612 gratitudinis
3281 2527 3402 2593 tibi
3451 2526 3703 2592 debere.
3792 2525 3928 2592 Sed
3972 2526 4131 2609 quia
4176 2524 4291 2590 ille
4349 2523 4544 2590 simul

2583 2615 2859 2698 rogabat
2894 2624 2968 2678 ut
3001 2614 3227 2679 codem
3265 2633 3422 2696 erga
3464 2613 3941 2695 amplissimum
3984 2620 4302 2678 senatum
4336 2610 4546 2676 officio

2586 2698 3011 2785 defungerer,
3091 2721 3231 2764 rem
3301 2698 3701 2782 suspendere
3762 2699 3965 2762 malui
4032 2697 4250 2763 donec
4315 2694 4547 2761 melior

2584 2788 3043 2870 opportunitas
3068 2786 3354 2852 daretur.
3404 2784 3609 2850 Venit
3630 2783 3758 2850 huc
3791 2784 4045 2849 interea
4069 2785 4158 2849 D.
4189 2782 4547 2861 Sestilia-af)

2584 2895 2759 2939 unus
2804 2895 2886 2939 ex
2931 2872 3297 2956 praecipuis
3333 2871 3494 2937 meis
3538 2871 3783 2949 amicis,
3830 2891 3961 2935 non
3997 2868 4199 2935 modo
4247 2869 4332 2934 ob
4377 2888 4550 2934 com-

2587 2981 2856 3024 munem
2899 2959 3202 3043 patriam,
3264 2957 3379 3023 sed
3422 2957 3577 3041 quia
3619 2977 3697 3022 ea
3738 2957 3986 3041 ingenii
4031 2954 4446 3021 dexteritate
4489 2961 4554 3019 et

2588 3046 2867 3113 candore
2915 3044 3252 3130 praeditus
3312 3054 3412 3110 est
3469 3052 3545 3109 ut
3594 3044 3831 3109 merito
3885 3042 4009 3110 sibi
4064 3062 4308 3108 omnes
4355 3041 4554 3108 bonos

2586 3133 2906 3200 conciliet.
2977 3133 3330 3215 Postquam
3374 3130 3488 3196 ille
3531 3139 3598 3195 61
3637 3139 3786 3197 tuas
3809 3129 4092 3195 virtutes
4114 3128 4290 3193 mihi
4334 3146 4556 3195 coram

2588 3218 2991 3303 praedicavit
3047 3227 3114 3282 et
3172 3238 3243 3282 66
3297 3218 3483 3300 quasi
3550 3237 3930 3300 sponsorem
3986 3214 4439 3299 interposuit,
4502 3212 4558 3279 si

2586 3326 2784 3390 quam
2828 3326 2913 3370 ex
2956 3304 3120 3370 meis
3161 3302 3724 3369 lucubrationibus
3764 3302 3884 3368 sub
3928 3298 4556 3368 Francofordiensis

2588 3398 2860 3459 senatus
2903 3390 3166 3456 nomine
3210 3388 3491 3469 ederem,
3550 3387 3616 3453 id
3661 3409 3881 3454 meum
3924 3388 4228 3454 officium
4275 3408 4413 3454 non
4457 3386 4558 3450 in·

2589 3484 2855 3563 gratum
2901 3478 3054 3554 fore,
3096 3477 3238 3542 eius
3281 3476 3548 3541 hortatu
3595 3476 3859 3541 tandem
3897 3494 4266 3557 persuasus
4282 3475 4345 3556 ὅ)
4391 3491 4556 3548 sum,

2587 3574 2665 3629 ut
2686 3584 2900 3629 meam
2942 3562 3012 3627 in
3058 3571 3195 3628 tres
3229 3561 3667 3647 evangelistas
3690 3560 4130 3640 harmoniam,
4178 3581 4356 3644 quae
4400 3566 4562 3623 tunc

2588 3649 2709 3717 sub
2766 3650 2949 3734 prelo
3005 3657 3176 3728 erat,
3242 3669 3375 3713 non
3441 3647 3876 3714 dubitaverim
3940 3646 4130 3712 vobis
4201 3644 4562 3713 destinare.

2588 3737 2737 3803 Non
2783 3735 2957 3820 quod
2997 3734 3191 3800 multi
3237 3735 3480 3820 negotii
3523 3754 3629 3799 res
3681 3734 3880 3798 fuerit
3920 3753 4049 3816 quo
4106 3732 4254 3797 iam
4300 3731 4565 3798 animus

2588 3831 2821 3907 sponte
2865 3842 3226 3907 propensus
3270 3830 3415 3885 erat
3455 3840 3562 3884 me
3606 3819 3955 3885 adducere:
4016 3816 4139 3884 sed
4190 3819 4353 3902 quia
4397 3815 4563 3882 mihi

2588 3931 2672 3975 cx
2716 3910 2855 3976 eius
2891 3908 3113 3975 verbis
3147 3929 3280 3973 non
3323 3927 3558 3990 parum
3602 3906 3809 3972 crevit
3841 3903 4084 3970 fiducia
4121 3913 4196 3970 et
4230 3903 4567 3980 alacritas,

2590 4203 2771 4258 2261.
2802 4203 2855 4268 1)
2896 4200 2970 4254 In
3003 4199 3374 4255 recentissima
3411 4198 3634 4252 Pollam·
3664 4210 3750 4264 ep.
3786 4194 3863 4250 N.
3896 4192 4036 4247 2109
4075 4194 4150 4248 de
4186 4194 4283 4249 his
4319 4194 4482 4249 niba.

2793 4270 2854 4336 2)
2895 4269 3039 4325 Fuit
3071 4269 3311 4323 Ioannes
3346 4283 3383 4322 a
3424 4266 3708 4332 Glaucum
3781 4271 3977 4319 aarum
4000 4262 4264 4332 Adelph·
4299 4263 4383 4320 aa
4416 4275 4573 4334 qam

2594 4342 2800 4397 Noster
2833 4340 2922 4395 hio
2957 4339 3162 4394 scribit.
3212 4338 3299 4391 He
3321 4352 3430 4390 was
3465 4336 3560 4389 the
3595 4280 3977 4389 chieflpmeane
4011 4333 4071 4386 in
4111 4333 4454 4403 obt-‚sininge
4476 4331 4574 4385 the

2591 4409 2826 4466 6111116116
2864 4407 3062 4475 (Bn'ef
3090 4407 3224 4462 dise.
3255 4423 3309 4475 p.
3327 4404 3411 4460 40.
3432 4403 3540 4469 65).
3589 4404 3901 4473 Aeqerrt'me
3927 4401 4153 4469 ferebat
4180 4404 4576 4457 ministrorum

2590 4479 3006 4534 lutheranorum
3038 4477 3195 4532 urbis
3229 4490 3363 4529 suae
3396 4481 3591 4529 contra
3623 4478 3836 4528 exteros
3868 4471 4304 4526 intolerantiam
4342 4477 4396 4526 61
4432 4470 4576 4526 acri-

2591 4548 2849 4612 moniam,
2897 4547 3033 4601 adeo
3078 4552 3140 4600 at
3185 4545 3268 4599 vel
3310 4559 3496 4598 eoram
3538 4557 3724 4613 preces
3804 4557 3868 4595 ro
3902 4540 4083 4595 salute
4120 4556 4239 4594 sua
4276 4539 4575 4596 recusarit.

2600 4609 3766 4686 erediamistiqaamdffi.80pt.l
3911 4625 3984 4678 ap
4170 4608 4579 4665 'subitoab-

2591 4693 2783 4755 reptas
2818 4692 2971 4752 aaut,
3015 4685 3079 4739 in
3111 4685 3213 4738 hoc
3273 4688 3367 4737 ato
3400 4681 3666 4735 indiciam
3699 4679 3815 4734 Dei
3847 4679 3957 4734 sibi
4135 4678 4442 4735 masne
4475 4677 4585 4733 6ἰοί

2593 4763 2738 4810 aaut.
2811 4753 3031 4836 §Stoica
3073 4751 3157 4808 Fr
3298 4791 3311 4802 .
3351 4749 3477 4817 Ref.
3525 4751 3588 4804 in
3613 4749 3894 4832 ‘Herzoqii
3934 4747 4144 4830 encycl.
4183 4749 4324 4815 tv.)
4401 4747 4584 4803 Dubi-

2592 4831 2715 4880 tare
2747 4829 2910 4878 ettam
2941 4836 3130 4893 posset
3164 4838 3242 4876 an
3284 4820 3416 4875 haec
3448 4833 3531 4888 ep.
3565 4834 3749 4873 meam
3792 4822 4065 4872 mvnera
4327 4815 4583 4872 Franco-

2591 4893 2806 4962 fiaemm
2857 4894 3163 4961 afferretur.
3253 4887 3487 4945 Praeter
3544 4887 3670 4943 illoc
3718 4886 4040 4941 duumviros
4102 4888 4323 4943 tertius
4376 4886 4588 4968 aliquis

2590 4963 2867 5032 patriciae
2906 4959 3200 5016 Gom-adas
3232 4959 3303 5014 ab
3336 4958 3679 5013 Hau-bracla
3710 4961 4014 5011 exterorum
4043 4960 4350 5024 pau-onus
4380 4957 4519 5023 funt·

2800 5029 2860 5097 3)
2898 5030 3292 5087 ἁοάἰοαΐόοποικ
3323 5027 3456 5083 labro·
3485 5026 3695 5082 edendi.

2800 5097 2862 5166 4)
2900 5099 3150 5167 8611116116,
3200 5092 3936 5161 mammosam),
3982 5095 4178 5150 codun·
4229 5093 4323 5149 Fr
4498 5107 4586 5148 or·

2596 5164 4455 5295 diensiadecrfi‘pm,eorediit,poueavoroinpatnaml
4571 5199 4586 5215 .

2597 5239 2777 5306 (Hm.
2813 5240 2936 5295 ecel.
3083 5234 3233 5305 564.)
4064 5299 4079 5313 .

2804 5310 2867 5374 5)
2903 5325 2941 5363 a
2985 5309 3175 5377 prima
3224 5319 3425 5359 mam:
3493 5302 3759 5358 adductus
3793 5340 4009 5358 .....
4059 5317 4126 5354 111
4189 5307 4451 5371 quatuor
4503 5317 4587 5355 ev.

2597 5417 2816 5435 .....
2850 5380 2953 5432 61111
2987 5376 3205 5433 1161111116
3240 5378 3461 5429 senatus
3496 5372 3590 5427 Fr.
3627 5371 3862 5428 ederem.
