<?xml version="1.0" encoding="UTF-8"?>
<!DOCTYPE html PUBLIC "-//W3C//DTD XHTML 1.0 Transitional//EN"
    "http://www.w3.org/TR/xhtml1/DTD/xhtml1-transitional.dtd">
<html xmlns="http://www.w3.org/1999/xhtml" xml:lang="en" lang="en">
 <head>
  <title>
</title>
<meta http-equiv="Content-Type" content="text/html;charset=utf-8" />
  <meta name='ocr-system' content='tesseract 3.04.00' />
  <meta name='ocr-capabilities' content='ocr_page ocr_carea ocr_par ocr_line ocrx_word'/>
</head>
<body>
  <div class='ocr_page' id='page_1' title='image "./ioanniscalvinio09unkngoog_0411.png"; bbox 0 0 4850 6200; ppageno 0'>
   <div class='ocr_carea' id='block_1_1' title="bbox 7 2248 28 3556">
    <p class='ocr_par' dir='ltr' id='par_1_1' title="bbox 7 2248 28 3556">
     <span class='ocr_line' id='line_1_1' title="bbox 7 2248 28 3556; baseline 0 0"><span class='ocrx_word' id='word_1_1' title='bbox 7 2248 28 3556; x_wconf 95' lang='lat' dir='ltr'> </span> 
     </span>
    </p>
   </div>
   <div class='ocr_carea' id='block_1_2' title="bbox 309 463 432 525">
    <p class='ocr_par' dir='ltr' id='par_1_2' title="bbox 309 463 432 525">
     <span class='ocr_line' id='line_1_2' title="bbox 309 463 432 525; baseline 0.016 -2"><span class='ocrx_word' id='word_1_2' title='bbox 309 463 432 525; x_wconf 77' lang='lat'>793</span> 
     </span>
    </p>
   </div>
   <div class='ocr_carea' id='block_1_3' title="bbox 294 644 2248 2359">
    <p class='ocr_par' dir='ltr' id='par_1_3' title="bbox 304 644 2248 990">
     <span class='ocr_line' id='line_1_3' title="bbox 311 644 2248 730; baseline -0.004 -15"><span class='ocrx_word' id='word_1_3' title='bbox 311 649 753 715; x_wconf 77' lang='lat' dir='ltr'>valetudinem</span> <span class='ocrx_word' id='word_1_4' title='bbox 775 700 789 727; x_wconf 91' lang='lat'>,</span> <span class='ocrx_word' id='word_1_5' title='bbox 857 656 1052 730; x_wconf 87' lang='lat' dir='ltr'>atque</span> <span class='ocrx_word' id='word_1_6' title='bbox 1118 647 1314 712; x_wconf 90' lang='lat' dir='ltr'>etiam</span> <span class='ocrx_word' id='word_1_7' title='bbox 1381 644 1662 730; x_wconf 86' lang='lat' dir='ltr'>amplius</span> <span class='ocrx_word' id='word_1_8' title='bbox 1726 665 1922 727; x_wconf 91' lang='lat' dir='ltr'>quam</span> <span class='ocrx_word' id='word_1_9' title='bbox 1988 644 2248 727; x_wconf 90' lang='lat' dir='ltr'>possim,</span> 
     </span>
     <span class='ocr_line' id='line_1_4' title="bbox 310 729 2248 815; baseline -0.005 -13"><span class='ocrx_word' id='word_1_10' title='bbox 310 735 844 802; x_wconf 68' lang='lat' dir='ltr'><strong>annotationibus</strong></span> <span class='ocrx_word' id='word_1_11' title='bbox 886 736 973 798; x_wconf 90' lang='lat' dir='ltr'>im</span> <span class='ocrx_word' id='word_1_12' title='bbox 1061 732 1207 811; x_wconf 90' lang='lat' dir='ltr'>ndo,</span> <span class='ocrx_word' id='word_1_13' title='bbox 1253 729 1423 815; x_wconf 89' lang='lat' dir='ltr'>quod</span> <span class='ocrx_word' id='word_1_14' title='bbox 1461 730 1658 797; x_wconf 83' lang='lat' dir='ltr'>velim</span> <span class='ocrx_word' id='word_1_15' title='bbox 1684 729 1991 813; x_wconf 74' lang='lat' dir='ltr'>Stephano</span> <span class='ocrx_word' id='word_1_16' title='bbox 2024 739 2248 795; x_wconf 93' lang='lat' dir='ltr'>nostro</span> 
     </span>
     <span class='ocr_line' id='line_1_5' title="bbox 307 816 2248 906; baseline -0.004 -18"><span class='ocrx_word' id='word_1_17' title='bbox 307 822 682 906; x_wconf 80' lang='lat' dir='ltr'>significari,</span> <span class='ocrx_word' id='word_1_18' title='bbox 727 822 914 886; x_wconf 92' lang='lat' dir='ltr'>cuius</span> <span class='ocrx_word' id='word_1_19' title='bbox 1002 819 1277 885; x_wconf 89' lang='lat' dir='ltr'>esiderio</span> <span class='ocrx_word' id='word_1_20' title='bbox 1320 816 1560 883; x_wconf 85' lang='lat' dir='ltr'>vellem</span> <span class='ocrx_word' id='word_1_21' title='bbox 1603 824 1677 882; x_wconf 90' lang='lat' dir='ltr'>ut</span> <span class='ocrx_word' id='word_1_22' title='bbox 1720 816 2061 899; x_wconf 86' lang='lat' dir='ltr'>diligentia</span> <span class='ocrx_word' id='word_1_23' title='bbox 2103 836 2248 881; x_wconf 87' lang='lat' dir='ltr'>mea</span> 
     </span>
     <span class='ocr_line' id='line_1_6' title="bbox 304 913 886 990; baseline 0 -20"><span class='ocrx_word' id='word_1_24' title='bbox 304 927 426 990; x_wconf 84' lang='lat' dir='ltr'>par</span> <span class='ocrx_word' id='word_1_25' title='bbox 467 926 612 972; x_wconf 89' lang='lat' dir='ltr'>esse</span> <span class='ocrx_word' id='word_1_26' title='bbox 652 913 886 989; x_wconf 90' lang='lat' dir='ltr'>posset.</span> 
     </span>
    </p>

    <p class='ocr_par' dir='ltr' id='par_1_4' title="bbox 294 986 2248 2359">
     <span class='ocr_line' id='line_1_7' title="bbox 479 986 2247 1071; baseline -0.003 -15"><span class='ocrx_word' id='word_1_27' title='bbox 479 991 800 1058; x_wconf 77' lang='lat' dir='ltr'>Beraldus</span> <span class='ocrx_word' id='word_1_28' title='bbox 859 990 1008 1055; x_wconf 88' lang='lat' dir='ltr'>heri</span> <span class='ocrx_word' id='word_1_29' title='bbox 1085 988 1354 1055; x_wconf 86' lang='lat' dir='ltr'>advenit</span> <span class='ocrx_word' id='word_1_30' title='bbox 1378 989 1438 1071; x_wconf 79' lang='lat'>²)</span> <span class='ocrx_word' id='word_1_31' title='bbox 1505 1009 1653 1054; x_wconf 90' lang='lat' dir='ltr'>cum</span> <span class='ocrx_word' id='word_1_32' title='bbox 1735 986 1982 1051; x_wconf 80' lang='lat' dir='ltr'>familia</span> <span class='ocrx_word' id='word_1_33' title='bbox 2050 995 2117 1051; x_wconf 89' lang='lat' dir='ltr'>et</span> <span class='ocrx_word' id='word_1_34' title='bbox 2185 994 2247 1051; x_wconf 89' lang='lat' dir='ltr'>te</span> 
     </span>
     <span class='ocr_line' id='line_1_8' title="bbox 306 1070 2247 1161; baseline -0.004 -19"><span class='ocrx_word' id='word_1_35' title='bbox 306 1098 702 1161; x_wconf 89' lang='lat' dir='ltr'>magnopere</span> <span class='ocrx_word' id='word_1_36' title='bbox 745 1077 1006 1142; x_wconf 86' lang='lat' dir='ltr'>salutat.</span> <span class='ocrx_word' id='word_1_37' title='bbox 1089 1073 1298 1158; x_wconf 78' lang='lat' dir='ltr'>Spero</span> <span class='ocrx_word' id='word_1_38' title='bbox 1339 1075 1561 1157; x_wconf 86' lang='lat' dir='ltr'>ipsum</span> <span class='ocrx_word' id='word_1_39' title='bbox 1604 1082 1868 1136; x_wconf 89' lang='lat' dir='ltr'>strenue</span> <span class='ocrx_word' id='word_1_40' title='bbox 1912 1070 2247 1137; x_wconf 87' lang='lat' dir='ltr'>nobiscum</span> 
     </span>
     <span class='ocr_line' id='line_1_9' title="bbox 305 1155 2248 1246; baseline -0.004 -18"><span class='ocrx_word' id='word_1_41' title='bbox 305 1162 376 1227; x_wconf 91' lang='lat' dir='ltr'>in</span> <span class='ocrx_word' id='word_1_42' title='bbox 418 1183 614 1246; x_wconf 90' lang='lat' dir='ltr'>opere</span> <span class='ocrx_word' id='word_1_43' title='bbox 656 1162 926 1227; x_wconf 87' lang='lat' dir='ltr'>Domini</span> <span class='ocrx_word' id='word_1_44' title='bbox 979 1161 1306 1225; x_wconf 85' lang='lat' dir='ltr'>facturum</span> <span class='ocrx_word' id='word_1_45' title='bbox 1350 1158 1651 1222; x_wconf 85' lang='lat' dir='ltr'>officium.</span> <span class='ocrx_word' id='word_1_46' title='bbox 1740 1155 1875 1222; x_wconf 82' lang='lat' dir='ltr'>Sed</span> <span class='ocrx_word' id='word_1_47' title='bbox 1919 1157 2248 1222; x_wconf 90' lang='lat' dir='ltr'>scribendi</span> 
     </span>
     <span class='ocr_line' id='line_1_10' title="bbox 303 1241 2245 1326; baseline -0.004 -13"><span class='ocrx_word' id='word_1_48' title='bbox 303 1248 504 1313; x_wconf 89' lang='lat' dir='ltr'>finem</span> <span class='ocrx_word' id='word_1_49' title='bbox 539 1247 724 1323; x_wconf 87' lang='lat' dir='ltr'>facio,</span> <span class='ocrx_word' id='word_1_50' title='bbox 764 1267 845 1310; x_wconf 92' lang='lat' dir='ltr'>ne</span> <span class='ocrx_word' id='word_1_51' title='bbox 881 1245 1048 1310; x_wconf 85' lang='lat' dir='ltr'>nihil</span> <span class='ocrx_word' id='word_1_52' title='bbox 1082 1246 1170 1310; x_wconf 89' lang='lat' dir='ltr'>sit</span> <span class='ocrx_word' id='word_1_53' title='bbox 1202 1241 1373 1326; x_wconf 89' lang='lat' dir='ltr'>quod</span> <span class='ocrx_word' id='word_1_54' title='bbox 1408 1263 1714 1325; x_wconf 89' lang='lat' dir='ltr'>praesens</span> <span class='ocrx_word' id='word_1_55' title='bbox 1749 1262 2245 1307; x_wconf 89' lang='lat' dir='ltr'>commemorem</span> 
     </span>
     <span class='ocr_line' id='line_1_11' title="bbox 304 1326 2244 1415; baseline -0.003 -17"><span class='ocrx_word' id='word_1_56' title='bbox 304 1333 566 1399; x_wconf 86' lang='lat' dir='ltr'>scilicet.</span> <span class='ocrx_word' id='word_1_57' title='bbox 651 1333 750 1397; x_wconf 81' lang='lat' dir='ltr'>Mi</span> <span class='ocrx_word' id='word_1_58' title='bbox 793 1342 996 1415; x_wconf 87' lang='lat' dir='ltr'>pater,</span> <span class='ocrx_word' id='word_1_59' title='bbox 1042 1328 1194 1395; x_wconf 81' lang='lat' dir='ltr'>vide</span> <span class='ocrx_word' id='word_1_60' title='bbox 1238 1340 1311 1393; x_wconf 92' lang='lat' dir='ltr'>ut</span> <span class='ocrx_word' id='word_1_61' title='bbox 1353 1328 1597 1405; x_wconf 82' lang='lat' dir='ltr'>valeas,</span> <span class='ocrx_word' id='word_1_62' title='bbox 1650 1335 1728 1392; x_wconf 90' lang='lat' dir='ltr'>ut</span> <span class='ocrx_word' id='word_1_63' title='bbox 1771 1326 2064 1392; x_wconf 85' lang='lat' dir='ltr'>diabolus</span> <span class='ocrx_word' id='word_1_64' title='bbox 2106 1328 2244 1392; x_wconf 88' lang='lat' dir='ltr'>rin-</span> 
     </span>
     <span class='ocr_line' id='line_1_12' title="bbox 303 1412 2242 1502; baseline -0.004 -19"><span class='ocrx_word' id='word_1_65' title='bbox 303 1428 499 1502; x_wconf 81' lang='lat' dir='ltr'>gatur</span> <span class='ocrx_word' id='word_1_66' title='bbox 542 1426 609 1484; x_wconf 92' lang='lat' dir='ltr'>et</span> <span class='ocrx_word' id='word_1_67' title='bbox 649 1418 853 1501; x_wconf 88' lang='lat' dir='ltr'>ipsius</span> <span class='ocrx_word' id='word_1_68' title='bbox 896 1415 1219 1482; x_wconf 80' lang='lat' dir='ltr'>emissarii</span> <span class='ocrx_word' id='word_1_69' title='bbox 1261 1433 1489 1479; x_wconf 91' lang='lat' dir='ltr'>omnes</span> <span class='ocrx_word' id='word_1_70' title='bbox 1531 1425 1816 1497; x_wconf 89' lang='lat' dir='ltr'>crepent.</span> <span class='ocrx_word' id='word_1_71' title='bbox 1890 1412 2242 1477; x_wconf 92' lang='lat' dir='ltr'>Dominum</span> 
     </span>
     <span class='ocr_line' id='line_1_13' title="bbox 300 1498 2242 1582; baseline -0.002 -14"><span class='ocrx_word' id='word_1_72' title='bbox 300 1504 520 1570; x_wconf 86' lang='lat' dir='ltr'>Iesum</span> <span class='ocrx_word' id='word_1_73' title='bbox 558 1504 895 1569; x_wconf 75' lang='lat' dir='ltr'>Christum</span> <span class='ocrx_word' id='word_1_74' title='bbox 941 1502 1134 1567; x_wconf 89' lang='lat' dir='ltr'>deum</span> <span class='ocrx_word' id='word_1_75' title='bbox 1178 1510 1477 1566; x_wconf 88' lang='lat' dir='ltr'>nostrum</span> <span class='ocrx_word' id='word_1_76' title='bbox 1520 1519 1750 1582; x_wconf 89' lang='lat' dir='ltr'>precor</span> <span class='ocrx_word' id='word_1_77' title='bbox 1793 1507 1867 1562; x_wconf 91' lang='lat' dir='ltr'>ut</span> <span class='ocrx_word' id='word_1_78' title='bbox 1923 1509 1987 1562; x_wconf 91' lang='lat' dir='ltr'>te</span> <span class='ocrx_word' id='word_1_79' title='bbox 2030 1498 2242 1564; x_wconf 90' lang='lat' dir='ltr'>indies</span> 
     </span>
     <span class='ocr_line' id='line_1_14' title="bbox 299 1585 2236 1673; baseline -0.004 -18"><span class='ocrx_word' id='word_1_80' title='bbox 299 1591 511 1673; x_wconf 87' lang='lat' dir='ltr'>magis</span> <span class='ocrx_word' id='word_1_81' title='bbox 547 1596 615 1653; x_wconf 91' lang='lat' dir='ltr'>et</span> <span class='ocrx_word' id='word_1_82' title='bbox 637 1590 846 1673; x_wconf 87' lang='lat' dir='ltr'>magis</span> <span class='ocrx_word' id='word_1_83' title='bbox 872 1590 1215 1653; x_wconf 87' lang='lat' dir='ltr'>confirmet</span> <span class='ocrx_word' id='word_1_84' title='bbox 1250 1595 1315 1651; x_wconf 93' lang='lat' dir='ltr'>et</span> <span class='ocrx_word' id='word_1_85' title='bbox 1349 1585 1655 1651; x_wconf 86' lang='lat' dir='ltr'>ecclesiae</span> <span class='ocrx_word' id='word_1_86' title='bbox 1690 1606 1844 1650; x_wconf 87' lang='lat' dir='ltr'>suae</span> <span class='ocrx_word' id='word_1_87' title='bbox 1880 1594 2236 1649; x_wconf 83' lang='lat' dir='ltr'>conservet.</span> 
     </span>
     <span class='ocr_line' id='line_1_15' title="bbox 299 1669 2240 1758; baseline -0.002 -20"><span class='ocrx_word' id='word_1_88' title='bbox 299 1675 438 1739; x_wconf 83' lang='lat' dir='ltr'>Vix</span> <span class='ocrx_word' id='word_1_89' title='bbox 497 1675 706 1758; x_wconf 90' lang='lat' dir='ltr'>possis</span> <span class='ocrx_word' id='word_1_90' title='bbox 750 1672 1013 1740; x_wconf 89' lang='lat' dir='ltr'>credere</span> <span class='ocrx_word' id='word_1_91' title='bbox 1055 1682 1451 1755; x_wconf 79' lang='lat' dir='ltr'><strong>quantopere</strong></span> <span class='ocrx_word' id='word_1_92' title='bbox 1495 1669 1575 1735; x_wconf 91' lang='lat' dir='ltr'>de</span> <span class='ocrx_word' id='word_1_93' title='bbox 1621 1679 1686 1735; x_wconf 91' lang='lat' dir='ltr'>te</span> <span class='ocrx_word' id='word_1_94' title='bbox 1737 1670 1993 1736; x_wconf 90' lang='lat' dir='ltr'>laboret</span> <span class='ocrx_word' id='word_1_95' title='bbox 2036 1669 2240 1735; x_wconf 74' lang='lat' dir='ltr'>Blau-</span> 
     </span>
     <span class='ocr_line' id='line_1_16' title="bbox 299 1757 2234 1843; baseline -0.003 -17"><span class='ocrx_word' id='word_1_96' title='bbox 299 1782 481 1827; x_wconf 58' lang='grc' dir='ltr'>νοντας</span> <span class='ocrx_word' id='word_1_97' title='bbox 523 1762 628 1825; x_wconf 79' lang='lat' dir='ltr'>vir</span> <span class='ocrx_word' id='word_1_98' title='bbox 670 1761 972 1843; x_wconf 89' lang='lat' dir='ltr'>optimus,</span> <span class='ocrx_word' id='word_1_99' title='bbox 1017 1779 1056 1823; x_wconf 90' lang='lat' dir='ltr'>a</span> <span class='ocrx_word' id='word_1_100' title='bbox 1099 1779 1225 1841; x_wconf 90' lang='lat' dir='ltr'>quo</span> <span class='ocrx_word' id='word_1_101' title='bbox 1268 1758 1412 1822; x_wconf 90' lang='lat' dir='ltr'>heri</span> <span class='ocrx_word' id='word_1_102' title='bbox 1456 1757 1688 1823; x_wconf 86' lang='lat' dir='ltr'>breves</span> <span class='ocrx_word' id='word_1_103' title='bbox 1731 1757 1956 1821; x_wconf 78' lang='lat' dir='ltr'>literas</span> <span class='ocrx_word' id='word_1_104' title='bbox 2000 1757 2234 1838; x_wconf 89' lang='lat' dir='ltr'>accepi,</span> 
     </span>
     <span class='ocr_line' id='line_1_17' title="bbox 299 1841 2236 1930; baseline -0.003 -18"><span class='ocrx_word' id='word_1_105' title='bbox 299 1845 412 1912; x_wconf 88' lang='lat' dir='ltr'>sed</span> <span class='ocrx_word' id='word_1_106' title='bbox 459 1847 652 1912; x_wconf 85' lang='lat' dir='ltr'>valde</span> <span class='ocrx_word' id='word_1_107' title='bbox 707 1848 847 1930; x_wconf 86' lang='lat' dir='ltr'>pias</span> <span class='ocrx_word' id='word_1_108' title='bbox 891 1855 959 1910; x_wconf 91' lang='lat' dir='ltr'>et</span> <span class='ocrx_word' id='word_1_109' title='bbox 1015 1844 1371 1928; x_wconf 90' lang='lat' dir='ltr'>religiosas.</span> <span class='ocrx_word' id='word_1_110' title='bbox 1461 1841 1775 1926; x_wconf 86' lang='lat' dir='ltr'>Optarem</span> <span class='ocrx_word' id='word_1_111' title='bbox 1824 1851 1897 1906; x_wconf 92' lang='lat' dir='ltr'>ut</span> <span class='ocrx_word' id='word_1_112' title='bbox 1940 1841 2045 1905; x_wconf 88' lang='lat' dir='ltr'>vel</span> <span class='ocrx_word' id='word_1_113' title='bbox 2091 1864 2236 1907; x_wconf 84' lang='lat' dir='ltr'>ver-</span> 
     </span>
     <span class='ocr_line' id='line_1_18' title="bbox 296 1928 2233 2012; baseline -0.003 -15"><span class='ocrx_word' id='word_1_114' title='bbox 296 1930 450 1997; x_wconf 89' lang='lat' dir='ltr'>bum</span> <span class='ocrx_word' id='word_1_115' title='bbox 497 1954 703 1997; x_wconf 91' lang='lat' dir='ltr'>unum</span> <span class='ocrx_word' id='word_1_116' title='bbox 745 1931 826 1996; x_wconf 89' lang='lat' dir='ltr'>ad</span> <span class='ocrx_word' id='word_1_117' title='bbox 882 1953 1031 1997; x_wconf 91' lang='lat' dir='ltr'>eum</span> <span class='ocrx_word' id='word_1_118' title='bbox 1090 1928 1433 2007; x_wconf 77' lang='lat' dir='ltr'>scriberes,</span> <span class='ocrx_word' id='word_1_119' title='bbox 1493 1950 1574 1993; x_wconf 84' lang='lat' dir='ltr'>ex</span> <span class='ocrx_word' id='word_1_120' title='bbox 1631 1949 1760 2012; x_wconf 93' lang='lat' dir='ltr'>quo</span> <span class='ocrx_word' id='word_1_121' title='bbox 1818 1928 2233 2011; x_wconf 79' lang='lat' dir='ltr'>intelligeret,</span> 
     </span>
     <span class='ocr_line' id='line_1_19' title="bbox 295 2013 2235 2102; baseline -0.003 -19"><span class='ocrx_word' id='word_1_122' title='bbox 295 2017 468 2100; x_wconf 90' lang='lat' dir='ltr'>quod</span> <span class='ocrx_word' id='word_1_123' title='bbox 509 2020 633 2102; x_wconf 89' lang='lat' dir='ltr'>ipsi</span> <span class='ocrx_word' id='word_1_124' title='bbox 676 2038 820 2084; x_wconf 90' lang='lat' dir='ltr'>cras</span> <span class='ocrx_word' id='word_1_125' title='bbox 862 2015 1283 2100; x_wconf 87' lang='lat' dir='ltr'>respondebo,</span> <span class='ocrx_word' id='word_1_126' title='bbox 1328 2023 1395 2079; x_wconf 92' lang='lat' dir='ltr'>te</span> <span class='ocrx_word' id='word_1_127' title='bbox 1437 2035 1573 2078; x_wconf 92' lang='lat' dir='ltr'>non</span> <span class='ocrx_word' id='word_1_128' title='bbox 1606 2013 1798 2079; x_wconf 92' lang='lat' dir='ltr'>modo</span> <span class='ocrx_word' id='word_1_129' title='bbox 1841 2036 1970 2079; x_wconf 92' lang='lat' dir='ltr'>non</span> <span class='ocrx_word' id='word_1_130' title='bbox 2017 2013 2235 2097; x_wconf 77' lang='lat' dir='ltr'>frangi</span> 
     </span>
     <span class='ocr_line' id='line_1_20' title="bbox 296 2100 2235 2185; baseline -0.003 -16"><span class='ocrx_word' id='word_1_131' title='bbox 296 2103 532 2183; x_wconf 88' lang='lat' dir='ltr'>animo,</span> <span class='ocrx_word' id='word_1_132' title='bbox 577 2103 693 2169; x_wconf 90' lang='lat' dir='ltr'>sed</span> <span class='ocrx_word' id='word_1_133' title='bbox 725 2104 921 2169; x_wconf 89' lang='lat' dir='ltr'>etiam</span> <span class='ocrx_word' id='word_1_134' title='bbox 956 2103 1102 2168; x_wconf 91' lang='lat' dir='ltr'>istis</span> <span class='ocrx_word' id='word_1_135' title='bbox 1135 2100 1634 2185; x_wconf 80' lang='lat' dir='ltr'>tempestatibus</span> <span class='ocrx_word' id='word_1_136' title='bbox 1669 2101 1878 2184; x_wconf 87' lang='lat' dir='ltr'>magis</span> <span class='ocrx_word' id='word_1_137' title='bbox 1913 2120 1989 2164; x_wconf 88' lang='lat' dir='ltr'>ac</span> <span class='ocrx_word' id='word_1_138' title='bbox 2026 2101 2235 2183; x_wconf 89' lang='lat' dir='ltr'>magis</span> 
     </span>
     <span class='ocr_line' id='line_1_21' title="bbox 294 2185 2229 2274; baseline -0.003 -19"><span class='ocrx_word' id='word_1_139' title='bbox 294 2191 683 2255; x_wconf 85' lang='lat' dir='ltr'>confirmari.</span> <span class='ocrx_word' id='word_1_140' title='bbox 742 2190 933 2274; x_wconf 90' lang='lat' dir='ltr'>Rogo</span> <span class='ocrx_word' id='word_1_141' title='bbox 967 2196 1044 2253; x_wconf 92' lang='lat' dir='ltr'>ut</span> <span class='ocrx_word' id='word_1_142' title='bbox 1077 2187 1159 2252; x_wconf 90' lang='lat' dir='ltr'>de</span> <span class='ocrx_word' id='word_1_143' title='bbox 1193 2208 1268 2252; x_wconf 91' lang='lat' dir='ltr'>eo</span> <span class='ocrx_word' id='word_1_144' title='bbox 1303 2186 1547 2271; x_wconf 76' lang='lat' dir='ltr'>cogites</span> <span class='ocrx_word' id='word_1_145' title='bbox 1581 2207 1699 2270; x_wconf 89' lang='lat' dir='ltr'>per</span> <span class='ocrx_word' id='word_1_146' title='bbox 1734 2187 1962 2251; x_wconf 88' lang='lat' dir='ltr'>otium.</span> <span class='ocrx_word' id='word_1_147' title='bbox 2031 2185 2229 2250; x_wconf 87' lang='lat' dir='ltr'>Laus.</span> 
     </span>
     <span class='ocr_line' id='line_1_22' title="bbox 296 2275 868 2359; baseline 0.002 -20"><span class='ocrx_word' id='word_1_148' title='bbox 296 2278 392 2340; x_wconf 85' lang='lat'>24.</span> <span class='ocrx_word' id='word_1_149' title='bbox 440 2275 868 2359; x_wconf 80' lang='lat' dir='ltr'>Septembris.</span> 
     </span>
    </p>
   </div>
   <div class='ocr_carea' id='block_1_4' title="bbox 1081 2407 2145 2560">
    <p class='ocr_par' dir='ltr' id='par_1_5' title="bbox 1081 2407 2145 2560">
     <span class='ocr_line' id='line_1_23' title="bbox 1081 2407 2145 2476; baseline -0.003 0"><span class='ocrx_word' id='word_1_150' title='bbox 1081 2411 1154 2476; x_wconf 79' lang='grc' dir='ltr'>Τ.</span> <span class='ocrx_word' id='word_1_151' title='bbox 1201 2411 1317 2476; x_wconf 92' lang='lat' dir='ltr'>Be.</span> <span class='ocrx_word' id='word_1_152' title='bbox 1363 2409 1539 2475; x_wconf 90' lang='lat' dir='ltr'>filius</span> <span class='ocrx_word' id='word_1_153' title='bbox 1581 2407 1699 2473; x_wconf 87' lang='lat' dir='ltr'>tibi</span> <span class='ocrx_word' id='word_1_154' title='bbox 1741 2411 1815 2473; x_wconf 90' lang='lat' dir='ltr'>in</span> <span class='ocrx_word' id='word_1_155' title='bbox 1858 2407 2145 2473; x_wconf 92' lang='lat' dir='ltr'>Domino</span> 
     </span>
     <span class='ocr_line' id='line_1_24' title="bbox 1353 2494 1855 2560; baseline 0.002 -1"><span class='ocrx_word' id='word_1_156' title='bbox 1353 2494 1855 2560; x_wconf 76' lang='lat' dir='ltr'>addictissimus.</span> 
     </span>
    </p>
   </div>
   <div class='ocr_carea' id='block_1_5' title="bbox 1053 2740 1462 2749">
    <p class='ocr_par' dir='ltr' id='par_1_6' title="bbox 1053 2740 1462 2749">
     <span class='ocr_line' id='line_1_25' title="bbox 1053 2740 1462 2749; baseline -0.005 0"><span class='ocrx_word' id='word_1_157' title='bbox 1053 2740 1462 2749; x_wconf 83' lang='lat'><strong>—————</strong></span> 
     </span>
    </p>
   </div>
   <div class='ocr_carea' id='block_1_6' title="bbox 718 2958 1790 3167">
    <p class='ocr_par' dir='ltr' id='par_1_7' title="bbox 718 2958 1790 3167">
     <span class='ocr_line' id='line_1_26' title="bbox 1161 2958 1363 3030; baseline -0.01 0"><span class='ocrx_word' id='word_1_158' title='bbox 1161 2958 1363 3030; x_wconf 74' lang='lat'>23⁰4.</span> 
     </span>
     <span class='ocr_line' id='line_1_27' title="bbox 718 3095 1790 3167; baseline -0.007 0"><span class='ocrx_word' id='word_1_159' title='bbox 718 3096 1309 3167; x_wconf 78' lang='lat' dir='ltr'><strong>SOHENOKIUS</strong></span> <span class='ocrx_word' id='word_1_160' title='bbox 1357 3095 1790 3163; x_wconf 83' lang='lat' dir='ltr'>CALVINO.</span> 
     </span>
    </p>
   </div>
   <div class='ocr_carea' id='block_1_7' title="bbox 282 3263 2229 3597">
    <p class='ocr_par' dir='ltr' id='par_1_8' title="bbox 282 3263 2229 3597">
     <span class='ocr_line' id='line_1_28' title="bbox 460 3263 2229 3338; baseline -0.005 0"><span class='ocrx_word' id='word_1_161' title='bbox 460 3271 853 3338; x_wconf 79' lang='lat' dir='ltr'>Commendat</span> <span class='ocrx_word' id='word_1_162' title='bbox 909 3272 967 3336; x_wconf 84' lang='lat' dir='ltr'>ei</span> <span class='ocrx_word' id='word_1_163' title='bbox 1019 3272 1297 3335; x_wconf 79' lang='lat' dir='ltr'>iuvenem</span> <span class='ocrx_word' id='word_1_164' title='bbox 1361 3269 1672 3334; x_wconf 79' lang='lat' dir='ltr'>Genevam</span> <span class='ocrx_word' id='word_1_165' title='bbox 1724 3272 1962 3332; x_wconf 78' lang='lat' dir='ltr'>euntem</span> <span class='ocrx_word' id='word_1_166' title='bbox 2004 3272 2060 3330; x_wconf 73' lang='lat' dir='ltr'>et</span> <span class='ocrx_word' id='word_1_167' title='bbox 2114 3263 2229 3331; x_wconf 72' lang='lat' dir='ltr'>hac</span> 
     </span>
     <span class='ocr_line' id='line_1_29' title="bbox 282 3352 2223 3439; baseline -0.006 -13"><span class='ocrx_word' id='word_1_168' title='bbox 282 3360 589 3426; x_wconf 74' lang='lat' dir='ltr'>occasione</span> <span class='ocrx_word' id='word_1_169' title='bbox 643 3358 1010 3424; x_wconf 75' lang='lat' dir='ltr'>avidissime</span> <span class='ocrx_word' id='word_1_170' title='bbox 1065 3361 1315 3437; x_wconf 79' lang='lat' dir='ltr'>arrepta</span> <span class='ocrx_word' id='word_1_171' title='bbox 1365 3361 1617 3439; x_wconf 63' lang='lat' dir='ltr'>pratum</span> <span class='ocrx_word' id='word_1_172' title='bbox 1683 3374 1868 3418; x_wconf 78' lang='lat' dir='ltr'>suum</span> <span class='ocrx_word' id='word_1_173' title='bbox 1935 3352 2223 3417; x_wconf 77' lang='lat' dir='ltr'>animum</span> 
     </span>
     <span class='ocr_line' id='line_1_30' title="bbox 282 3439 2223 3597; baseline -0.006 -86"><span class='ocrx_word' id='word_1_174' title='bbox 282 3446 563 3597; x_wconf 39' lang='lat' dir='ltr'>&amp;araz</span> <span class='ocrx_word' id='word_1_175' title='bbox 593 3444 776 3525; x_wconf 74' lang='lat' dir='ltr'>piam</span> <span class='ocrx_word' id='word_1_176' title='bbox 798 3444 1163 3508; x_wconf 80' lang='lat' dir='ltr'>memoriam</span> <span class='ocrx_word' id='word_1_177' title='bbox 1185 3441 1535 3507; x_wconf 72' lang='lat' dir='ltr'>scholarum</span> <span class='ocrx_word' id='word_1_178' title='bbox 1567 3440 1715 3505; x_wconf 85' lang='lat' dir='ltr'>olim</span> <span class='ocrx_word' id='word_1_179' title='bbox 1737 3439 2223 3521; x_wconf 74' lang='lat' dir='ltr'>Aryentoraten-</span> 
     </span>
    </p>
   </div>
   <div class='ocr_carea' id='block_1_8' title="bbox 612 3695 1896 3770">
    <p class='ocr_par' dir='ltr' id='par_1_9' title="bbox 612 3695 1896 3770">
     <span class='ocr_line' id='line_1_31' title="bbox 612 3695 1896 3770; baseline -0.006 -14"><span class='ocrx_word' id='word_1_180' title='bbox 612 3702 723 3767; x_wconf 82' lang='lat' dir='ltr'>(Ex</span> <span class='ocrx_word' id='word_1_181' title='bbox 754 3699 1091 3770; x_wconf 79' lang='lat' dir='ltr'>autographo</span> <span class='ocrx_word' id='word_1_182' title='bbox 1127 3698 1256 3754; x_wconf 82' lang='lat' dir='ltr'>cod.</span> <span class='ocrx_word' id='word_1_183' title='bbox 1296 3698 1500 3752; x_wconf 71' lang='lat' dir='ltr'>Gener.</span> <span class='ocrx_word' id='word_1_184' title='bbox 1538 3696 1653 3763; x_wconf 83' lang='lat'>113,</span> <span class='ocrx_word' id='word_1_185' title='bbox 1689 3696 1780 3752; x_wconf 74' lang='lat' dir='ltr'>fol.</span> <span class='ocrx_word' id='word_1_186' title='bbox 1814 3695 1896 3759; x_wconf 80' lang='lat'>3.)</span> 
     </span>
    </p>
   </div>
   <div class='ocr_carea' id='block_1_9' title="bbox 282 3864 2224 4038">
    <p class='ocr_par' dir='ltr' id='par_1_10' title="bbox 282 3864 2224 4038">
     <span class='ocr_line' id='line_1_32' title="bbox 282 3864 2224 3957; baseline -0.005 -19"><span class='ocrx_word' id='word_1_187' title='bbox 282 3873 445 3940; x_wconf 81' lang='lat' dir='ltr'>Viro</span> <span class='ocrx_word' id='word_1_188' title='bbox 485 3875 734 3957; x_wconf 93' lang='lat' dir='ltr'>optimo</span> <span class='ocrx_word' id='word_1_189' title='bbox 778 3870 973 3938; x_wconf 89' lang='lat' dir='ltr'>simul</span> <span class='ocrx_word' id='word_1_190' title='bbox 1016 3880 1083 3936; x_wconf 93' lang='lat' dir='ltr'>et</span> <span class='ocrx_word' id='word_1_191' title='bbox 1125 3868 1497 3935; x_wconf 84' lang='lat' dir='ltr'>doctissimo</span> <span class='ocrx_word' id='word_1_192' title='bbox 1541 3866 1626 3932; x_wconf 88' lang='lat' dir='ltr'>D.</span> <span class='ocrx_word' id='word_1_193' title='bbox 1671 3867 1901 3932; x_wconf 91' lang='lat' dir='ltr'>Ioanni</span> <span class='ocrx_word' id='word_1_194' title='bbox 1948 3864 2224 3931; x_wconf 86' lang='lat' dir='ltr'>Oalvino</span> 
     </span>
     <span class='ocr_line' id='line_1_33' title="bbox 321 3953 2178 4038; baseline -0.006 -11"><span class='ocrx_word' id='word_1_195' title='bbox 321 3962 735 4027; x_wconf 86' lang='lat' dir='ltr'>ecclesiastae</span> <span class='ocrx_word' id='word_1_196' title='bbox 780 3958 1160 4023; x_wconf 82' lang='lat' dir='ltr'>Genevensi</span> <span class='ocrx_word' id='word_1_197' title='bbox 1194 3954 1599 4038; x_wconf 84' lang='lat' dir='ltr'>praeceptori</span> <span class='ocrx_word' id='word_1_198' title='bbox 1643 3974 1789 4018; x_wconf 92' lang='lat' dir='ltr'>meo</span> <span class='ocrx_word' id='word_1_199' title='bbox 1824 3953 2178 4017; x_wconf 87' lang='lat' dir='ltr'>carissimo.</span> 
     </span>
    </p>
   </div>
   <div class='ocr_carea' id='block_1_10' title="bbox 282 4123 2222 4282">
    <p class='ocr_par' dir='ltr' id='par_1_11' title="bbox 282 4123 2222 4282">
     <span class='ocr_line' id='line_1_34' title="bbox 282 4123 2222 4210; baseline -0.006 -11"><span class='ocrx_word' id='word_1_200' title='bbox 282 4132 605 4199; x_wconf 73' lang='lat' dir='ltr'>Matthias</span> <span class='ocrx_word' id='word_1_201' title='bbox 628 4128 1040 4196; x_wconf 81' lang='lat' dir='ltr'>Schenckius</span> <span class='ocrx_word' id='word_1_202' title='bbox 1061 4132 1114 4210; x_wconf 85' lang='lat'>¹)</span> <span class='ocrx_word' id='word_1_203' title='bbox 1146 4125 1599 4209; x_wconf 84' lang='lat' dir='ltr'>ludimagister</span> <span class='ocrx_word' id='word_1_204' title='bbox 1618 4125 2046 4208; x_wconf 85' lang='lat' dir='ltr'>Augustanus</span> <span class='ocrx_word' id='word_1_205' title='bbox 2081 4123 2222 4188; x_wconf 83' lang='lat' dir='ltr'>viro</span> 
     </span>
     <span class='ocr_line' id='line_1_35' title="bbox 554 4208 1942 4282; baseline -0.009 -1"><span class='ocrx_word' id='word_1_206' title='bbox 554 4216 971 4282; x_wconf 90' lang='lat' dir='ltr'>ornatissimo</span> <span class='ocrx_word' id='word_1_207' title='bbox 1017 4215 1098 4278; x_wconf 90' lang='lat' dir='ltr'>D.</span> <span class='ocrx_word' id='word_1_208' title='bbox 1145 4212 1379 4278; x_wconf 90' lang='lat' dir='ltr'>Ioanni</span> <span class='ocrx_word' id='word_1_209' title='bbox 1422 4210 1701 4275; x_wconf 82' lang='lat' dir='ltr'>Calvino</span> <span class='ocrx_word' id='word_1_210' title='bbox 1745 4209 1813 4274; x_wconf 75' lang='lat' dir='ltr'>S.</span> <span class='ocrx_word' id='word_1_211' title='bbox 1861 4208 1942 4272; x_wconf 91' lang='lat' dir='ltr'>D.</span> 
     </span>
    </p>
   </div>
   <div class='ocr_carea' id='block_1_11' title="bbox 281 4379 2230 4811">
    <p class='ocr_par' dir='ltr' id='par_1_12' title="bbox 281 4379 2230 4811">
     <span class='ocr_line' id='line_1_36' title="bbox 458 4379 2225 4471; baseline -0.007 -16"><span class='ocrx_word' id='word_1_212' title='bbox 458 4387 683 4471; x_wconf 81' lang='lat' dir='ltr'>Quum</span> <span class='ocrx_word' id='word_1_213' title='bbox 729 4386 1092 4453; x_wconf 88' lang='lat' dir='ltr'>dubitarem</span> <span class='ocrx_word' id='word_1_214' title='bbox 1138 4380 1583 4449; x_wconf 90' lang='lat' dir='ltr'>intercedatne</span> <span class='ocrx_word' id='word_1_215' title='bbox 1640 4380 1758 4446; x_wconf 87' lang='lat' dir='ltr'>tibi</span> <span class='ocrx_word' id='word_1_216' title='bbox 1813 4379 2034 4461; x_wconf 89' lang='lat' dir='ltr'>aliqua</span> <span class='ocrx_word' id='word_1_217' title='bbox 2075 4399 2225 4443; x_wconf 90' lang='lat' dir='ltr'>cum</span> 
     </span>
     <span class='ocr_line' id='line_1_37' title="bbox 282 4463 2221 4555; baseline -0.007 -13"><span class='ocrx_word' id='word_1_218' title='bbox 282 4476 594 4543; x_wconf 88' lang='lat' dir='ltr'>ecclesiae</span> <span class='ocrx_word' id='word_1_219' title='bbox 652 4481 914 4539; x_wconf 87' lang='lat' dir='ltr'>nostrae</span> <span class='ocrx_word' id='word_1_220' title='bbox 959 4474 1388 4555; x_wconf 87' lang='lat' dir='ltr'>Augustanae</span> <span class='ocrx_word' id='word_1_221' title='bbox 1459 4464 1826 4532; x_wconf 87' lang='lat' dir='ltr'>doctoribus</span> <span class='ocrx_word' id='word_1_222' title='bbox 1883 4463 2221 4529; x_wconf 83' lang='lat' dir='ltr'>familiari·</span> 
     </span>
     <span class='ocr_line' id='line_1_38' title="bbox 282 4549 2224 4642; baseline -0.008 -13"><span class='ocrx_word' id='word_1_223' title='bbox 282 4568 403 4640; x_wconf 80' lang='lat' dir='ltr'>tas,</span> <span class='ocrx_word' id='word_1_224' title='bbox 463 4560 953 4641; x_wconf 89' lang='lat' dir='ltr'>iudicaremque</span> <span class='ocrx_word' id='word_1_225' title='bbox 988 4567 1250 4642; x_wconf 87' lang='lat' dir='ltr'>gratum</span> <span class='ocrx_word' id='word_1_226' title='bbox 1313 4554 1451 4632; x_wconf 91' lang='lat' dir='ltr'>tibi,</span> <span class='ocrx_word' id='word_1_227' title='bbox 1503 4563 1696 4635; x_wconf 90' lang='lat' dir='ltr'>atque</span> <span class='ocrx_word' id='word_1_228' title='bbox 1738 4549 1916 4615; x_wconf 90' lang='lat' dir='ltr'>haud</span> <span class='ocrx_word' id='word_1_229' title='bbox 1960 4552 2093 4616; x_wconf 88' lang='lat' dir='ltr'>scio</span> <span class='ocrx_word' id='word_1_230' title='bbox 2137 4570 2224 4614; x_wconf 92' lang='lat' dir='ltr'>an</span> 
     </span>
     <span class='ocr_line' id='line_1_39' title="bbox 281 4635 2230 4729; baseline -0.007 -16"><span class='ocrx_word' id='word_1_231' title='bbox 281 4647 443 4713; x_wconf 83' lang='lat' dir='ltr'>utile</span> <span class='ocrx_word' id='word_1_232' title='bbox 522 4666 736 4729; x_wconf 92' lang='lat' dir='ltr'>uoque</span> <span class='ocrx_word' id='word_1_233' title='bbox 769 4645 1080 4718; x_wconf 85' lang='lat' dir='ltr'>futurum,</span> <span class='ocrx_word' id='word_1_234' title='bbox 1118 4643 1175 4707; x_wconf 90' lang='lat' dir='ltr'>si</span> <span class='ocrx_word' id='word_1_235' title='bbox 1207 4659 1402 4723; x_wconf 90' lang='lat' dir='ltr'>quem</span> <span class='ocrx_word' id='word_1_236' title='bbox 1435 4640 1507 4703; x_wconf 92' lang='lat' dir='ltr'>in</span> <span class='ocrx_word' id='word_1_237' title='bbox 1542 4636 1706 4703; x_wconf 87' lang='lat' dir='ltr'>urbe</span> <span class='ocrx_word' id='word_1_238' title='bbox 1741 4645 1874 4700; x_wconf 89' lang='lat' dir='ltr'>tam</span> <span class='ocrx_word' id='word_1_239' title='bbox 1910 4635 2131 4719; x_wconf 91' lang='lat' dir='ltr'>ampla</span> <span class='ocrx_word' id='word_1_240' title='bbox 2163 4645 2230 4700; x_wconf 92' lang='lat' dir='ltr'>et</span> 
     </span>
     <span class='ocr_line' id='line_1_40' title="bbox 285 4721 2228 4811; baseline -0.007 -12"><span class='ocrx_word' id='word_1_241' title='bbox 285 4733 460 4799; x_wconf 87' lang='lat' dir='ltr'>clara</span> <span class='ocrx_word' id='word_1_242' title='bbox 546 4731 792 4808; x_wconf 90' lang='lat' dir='ltr'>aberes,</span> <span class='ocrx_word' id='word_1_243' title='bbox 838 4729 922 4795; x_wconf 92' lang='lat' dir='ltr'>ad</span> <span class='ocrx_word' id='word_1_244' title='bbox 958 4749 1169 4811; x_wconf 88' lang='lat' dir='ltr'>quem,</span> <span class='ocrx_word' id='word_1_245' title='bbox 1204 4728 1262 4791; x_wconf 90' lang='lat' dir='ltr'>si</span> <span class='ocrx_word' id='word_1_246' title='bbox 1299 4747 1403 4790; x_wconf 92' lang='lat' dir='ltr'>res</span> <span class='ocrx_word' id='word_1_247' title='bbox 1436 4735 1818 4806; x_wconf 84' lang='lat' dir='ltr'>tempusque</span> <span class='ocrx_word' id='word_1_248' title='bbox 1888 4721 2228 4798; x_wconf 89' lang='lat' dir='ltr'>ostularet‚</span> 
     </span>
    </p>
   </div>
   <div class='ocr_carea' id='block_1_12' title="bbox 284 4805 2227 4896">
    <p class='ocr_par' dir='ltr' id='par_1_13' title="bbox 284 4805 2227 4896">
     <span class='ocr_line' id='line_1_41' title="bbox 284 4805 2227 4896; baseline -0.006 -12"><span class='ocrx_word' id='word_1_249' title='bbox 284 4819 365 4886; x_wconf 92' lang='lat' dir='ltr'>de</span> <span class='ocrx_word' id='word_1_250' title='bbox 430 4817 628 4883; x_wconf 89' lang='lat' dir='ltr'>rebus</span> <span class='ocrx_word' id='word_1_251' title='bbox 694 4818 826 4881; x_wconf 87' lang='lat' dir='ltr'>tuis</span> <span class='ocrx_word' id='word_1_252' title='bbox 883 4814 1166 4881; x_wconf 88' lang='lat' dir='ltr'>scribere</span> <span class='ocrx_word' id='word_1_253' title='bbox 1231 4831 1478 4896; x_wconf 86' lang='lat' dir='ltr'>posses,</span> <span class='ocrx_word' id='word_1_254' title='bbox 1543 4808 1731 4875; x_wconf 80' lang='lat' dir='ltr'>facile</span> <span class='ocrx_word' id='word_1_255' title='bbox 1879 4805 2029 4872; x_wconf 87' lang='lat' dir='ltr'>duci</span> <span class='ocrx_word' id='word_1_256' title='bbox 2101 4828 2227 4886; x_wconf 90' lang='lat' dir='ltr'>me,</span> 
     </span>
    </p>
   </div>
   <div class='ocr_carea' id='block_1_13' title="bbox 286 4952 697 4971">
    <p class='ocr_par' dir='ltr' id='par_1_14' title="bbox 286 4952 697 4971">
     <span class='ocr_line' id='line_1_42' title="bbox 286 4952 697 4971; baseline 0 0"><span class='ocrx_word' id='word_1_257' title='bbox 286 4952 697 4971; x_wconf 95' lang='lat' dir='ltr'> </span> 
     </span>
    </p>
   </div>
   <div class='ocr_carea' id='block_1_14' title="bbox 280 5041 2225 5447">
    <p class='ocr_par' dir='ltr' id='par_1_15' title="bbox 285 5041 2225 5245">
     <span class='ocr_line' id='line_1_43' title="bbox 285 5041 2225 5174; baseline -0.007 -10"><span class='ocrx_word' id='word_1_258' title='bbox 285 5108 479 5164; x_wconf 62' lang='lat'>2804</span> <span class='ocrx_word' id='word_1_259' title='bbox 501 5041 559 5174; x_wconf 77' lang='grc'>1))</span> <span class='ocrx_word' id='word_1_260' title='bbox 598 5107 871 5162; x_wconf 72' lang='lat' dir='ltr'>Matthias</span> <span class='ocrx_word' id='word_1_261' title='bbox 901 5103 1140 5160; x_wconf 67' lang='lat' dir='ltr'>Schencle</span> <span class='ocrx_word' id='word_1_262' title='bbox 1171 5101 1619 5164; x_wconf 54' lang='lat' dir='ltr'>Condamus,</span> <span class='ocrx_word' id='word_1_263' title='bbox 1653 5104 1820 5152; x_wconf 73' lang='lat' dir='ltr'>natus</span> <span class='ocrx_word' id='word_1_264' title='bbox 1853 5112 1905 5149; x_wconf 91' lang='lat' dir='ltr'>a.</span> <span class='ocrx_word' id='word_1_265' title='bbox 1943 5094 2079 5149; x_wconf 77' lang='lat'>1517</span> <span class='ocrx_word' id='word_1_266' title='bbox 2114 5102 2225 5151; x_wconf 67' lang='lat' dir='ltr'>siu·</span> 
     </span>
     <span class='ocr_line' id='line_1_44' title="bbox 285 5163 2222 5245; baseline -0.009 -11"><span class='ocrx_word' id='word_1_267' title='bbox 285 5178 398 5234; x_wconf 67' lang='lat' dir='ltr'>dida</span> <span class='ocrx_word' id='word_1_268' title='bbox 450 5193 670 5245; x_wconf 74' lang='lat' dir='ltr'>operam</span> <span class='ocrx_word' id='word_1_269' title='bbox 722 5175 876 5231; x_wconf 73' lang='lat' dir='ltr'>dedit</span> <span class='ocrx_word' id='word_1_270' title='bbox 918 5174 1291 5243; x_wconf 62' lang='lat' dir='ltr'>Argentorati,</span> <span class='ocrx_word' id='word_1_271' title='bbox 1344 5168 1644 5237; x_wconf 65' lang='lat' dir='ltr'>Morbum-qi</span> <span class='ocrx_word' id='word_1_272' title='bbox 1691 5172 1744 5221; x_wconf 77' lang='lat' dir='ltr'>et</span> <span class='ocrx_word' id='word_1_273' title='bbox 1797 5163 2222 5234; x_wconf 70' lang='lat' dir='ltr'>Wittemoerqae,</span> 
     </span>
    </p>

    <p class='ocr_par' dir='ltr' id='par_1_16' title="bbox 280 5232 2222 5447">
     <span class='ocr_line' id='line_1_45' title="bbox 365 5232 2222 5303; baseline -0.008 -1"><span class='ocrx_word' id='word_1_274' title='bbox 365 5247 376 5260; x_wconf 78' lang='lat'><strong>⁹</strong></span> <span class='ocrx_word' id='word_1_275' title='bbox 427 5263 519 5301; x_wconf 70' lang='lat' dir='ltr'>un</span> <span class='ocrx_word' id='word_1_276' title='bbox 570 5250 747 5301; x_wconf 75' lang='lat' dir='ltr'>rector</span> <span class='ocrx_word' id='word_1_277' title='bbox 795 5243 1008 5300; x_wconf 71' lang='lat' dir='ltr'>scholae</span> <span class='ocrx_word' id='word_1_278' title='bbox 1055 5243 1118 5296; x_wconf 78' lang='lat' dir='ltr'>in</span> <span class='ocrx_word' id='word_1_279' title='bbox 1172 5242 1305 5295; x_wconf 74' lang='lat' dir='ltr'>urbe</span> <span class='ocrx_word' id='word_1_280' title='bbox 1392 5239 1567 5301; x_wconf 77' lang='lat' dir='ltr'>atria,</span> <span class='ocrx_word' id='word_1_281' title='bbox 1617 5251 1670 5290; x_wconf 89' lang='lat' dir='ltr'>a.</span> <span class='ocrx_word' id='word_1_282' title='bbox 1720 5232 1871 5288; x_wconf 68' lang='lat'>1553.</span> <span class='ocrx_word' id='word_1_283' title='bbox 1923 5233 2222 5303; x_wconf 71' lang='lat' dir='ltr'>Auqustae.</span> 
     </span>
     <span class='ocr_line' id='line_1_46' title="bbox 280 5255 2222 5440; baseline -0.008 -69"><span class='ocrx_word' id='word_1_284' title='bbox 280 5263 934 5440; x_wconf 46' lang='lat' dir='ltr'>wolzplxuresoggluditl</span> <span class='ocrx_word' id='word_1_285' title='bbox 945 5313 1199 5434; x_wconf 57' lang='grc' dir='ltr'>ιἠωιὲειιοι</span> <span class='ocrx_word' id='word_1_286' title='bbox 1231 5255 1553 5364; x_wconf 55' lang='lat' dir='ltr'>scanzam.</span> <span class='ocrx_word' id='word_1_287' title='bbox 1612 5303 1696 5369; x_wconf 74' lang='lat' dir='ltr'>Gt.</span> <span class='ocrx_word' id='word_1_288' title='bbox 1727 5301 2019 5359; x_wconf 69' lang='lat' dir='ltr'>Schelhorn</span> <span class='ocrx_word' id='word_1_289' title='bbox 2051 5318 2222 5357; x_wconf 83' lang='lat' dir='ltr'>amoe-</span> 
     </span>
     <span class='ocr_line' id='line_1_47' title="bbox 287 5386 1105 5447; baseline -0.007 -9"><span class='ocrx_word' id='word_1_290' title='bbox 287 5389 410 5441; x_wconf 57' lang='lat' dir='ltr'>nat.</span> <span class='ocrx_word' id='word_1_291' title='bbox 478 5386 527 5440; x_wconf 74' lang='lat'>⁶.</span> <span class='ocrx_word' id='word_1_292' title='bbox 615 5423 627 5435; x_wconf 94' lang='lat'>.</span> <span class='ocrx_word' id='word_1_293' title='bbox 804 5425 817 5447; x_wconf 89' lang='lat'>,</span> <span class='ocrx_word' id='word_1_294' title='bbox 936 5421 948 5435; x_wconf 96' lang='lat'>.</span> <span class='ocrx_word' id='word_1_295' title='bbox 1092 5418 1105 5432; x_wconf 94' lang='lat'>.</span> 
     </span>
    </p>
   </div>
   <div class='ocr_carea' id='block_1_15' title="bbox 1967 454 2627 524">
    <p class='ocr_par' dir='ltr' id='par_1_17' title="bbox 1967 454 2627 524">
     <span class='ocr_line' id='line_1_48' title="bbox 1967 454 2627 524; baseline 0.009 -6"><span class='ocrx_word' id='word_1_296' title='bbox 1967 458 2127 519; x_wconf 74' lang='lat'>1555</span> <span class='ocrx_word' id='word_1_297' title='bbox 2174 454 2627 524; x_wconf 73' lang='lat' dir='ltr'>SEPTEMB.</span> 
     </span>
    </p>
   </div>
   <div class='ocr_carea' id='block_1_16' title="bbox 2268 652 2309 5411">
    <p class='ocr_par' dir='ltr' id='par_1_18' title="bbox 2268 652 2309 5411">
     <span class='ocr_line' id='line_1_49' title="bbox 2268 652 2309 5411; baseline 0 0"><span class='ocrx_word' id='word_1_298' title='bbox 2268 652 2309 5411; x_wconf 95' lang='lat' dir='ltr'> </span> 
     </span>
    </p>
   </div>
   <div class='ocr_carea' id='block_1_17' title="bbox 4164 460 4288 523">
    <p class='ocr_par' dir='ltr' id='par_1_19' title="bbox 4164 460 4288 523">
     <span class='ocr_line' id='line_1_50' title="bbox 4164 460 4288 523; baseline 0.04 -5"><span class='ocrx_word' id='word_1_299' title='bbox 4164 460 4288 523; x_wconf 76' lang='lat'>794</span> 
     </span>
    </p>
   </div>
   <div class='ocr_carea' id='block_1_18' title="bbox 2328 643 4351 3559">
    <p class='ocr_par' dir='ltr' id='par_1_20' title="bbox 2328 643 4351 3559">
     <span class='ocr_line' id='line_1_51' title="bbox 2356 643 4291 730; baseline 0.004 -20"><span class='ocrx_word' id='word_1_300' title='bbox 2356 643 2611 711; x_wconf 76' lang='lat' dir='ltr'>Calvine</span> <span class='ocrx_word' id='word_1_301' title='bbox 2631 645 3018 722; x_wconf 88' lang='lat' dir='ltr'>doctissime,</span> <span class='ocrx_word' id='word_1_302' title='bbox 3064 668 3104 712; x_wconf 88' lang='lat' dir='ltr'>a</span> <span class='ocrx_word' id='word_1_303' title='bbox 3145 648 3383 711; x_wconf 83' lang='lat' dir='ltr'>iuvene</span> <span class='ocrx_word' id='word_1_304' title='bbox 3416 646 3660 730; x_wconf 91' lang='lat' dir='ltr'>optimo</span> <span class='ocrx_word' id='word_1_305' title='bbox 3681 644 3971 727; x_wconf 90' lang='lat' dir='ltr'>mihique</span> <span class='ocrx_word' id='word_1_306' title='bbox 4012 646 4094 712; x_wconf 94' lang='lat' dir='ltr'>ob</span> <span class='ocrx_word' id='word_1_307' title='bbox 4115 649 4291 717; x_wconf 81' lang='lat' dir='ltr'>vitae</span> 
     </span>
     <span class='ocr_line' id='line_1_52' title="bbox 2351 730 4281 816; baseline 0.003 -22"><span class='ocrx_word' id='word_1_308' title='bbox 2351 750 2739 815; x_wconf 90' lang='lat' dir='ltr'>morumque</span> <span class='ocrx_word' id='word_1_309' title='bbox 2787 732 3229 816; x_wconf 88' lang='lat' dir='ltr'>integritatem</span> <span class='ocrx_word' id='word_1_310' title='bbox 3285 733 3619 798; x_wconf 87' lang='lat' dir='ltr'>carissimo</span> <span class='ocrx_word' id='word_1_311' title='bbox 3680 730 3964 816; x_wconf 82' lang='lat' dir='ltr'>Georgio</span> <span class='ocrx_word' id='word_1_312' title='bbox 4012 731 4281 816; x_wconf 64' lang='lat' dir='ltr'>Poma,</span> 
     </span>
     <span class='ocr_line' id='line_1_53' title="bbox 2351 818 4289 900; baseline 0.003 -19"><span class='ocrx_word' id='word_1_313' title='bbox 2351 836 2582 897; x_wconf 88' lang='lat' dir='ltr'>passus</span> <span class='ocrx_word' id='word_1_314' title='bbox 2639 840 2803 897; x_wconf 88' lang='lat' dir='ltr'>sum,</span> <span class='ocrx_word' id='word_1_315' title='bbox 2863 826 2942 882; x_wconf 89' lang='lat' dir='ltr'>ut</span> <span class='ocrx_word' id='word_1_316' title='bbox 3004 838 3152 882; x_wconf 90' lang='lat' dir='ltr'>cum</span> <span class='ocrx_word' id='word_1_317' title='bbox 3219 818 3354 882; x_wconf 88' lang='lat' dir='ltr'>suis</span> <span class='ocrx_word' id='word_1_318' title='bbox 3419 818 3498 881; x_wconf 92' lang='lat' dir='ltr'>ad</span> <span class='ocrx_word' id='word_1_319' title='bbox 3559 830 3625 882; x_wconf 90' lang='lat' dir='ltr'>te</span> <span class='ocrx_word' id='word_1_320' title='bbox 3681 818 3887 882; x_wconf 91' lang='lat' dir='ltr'>literis</span> <span class='ocrx_word' id='word_1_321' title='bbox 3944 818 4289 900; x_wconf 91' lang='lat' dir='ltr'>epistolam</span> 
     </span>
     <span class='ocr_line' id='line_1_54' title="bbox 2352 902 4289 987; baseline 0.005 -23"><span class='ocrx_word' id='word_1_322' title='bbox 2352 902 2551 966; x_wconf 86' lang='lat' dir='ltr'>etiam</span> <span class='ocrx_word' id='word_1_323' title='bbox 2587 903 2757 967; x_wconf 87' lang='lat' dir='ltr'>hanc</span> <span class='ocrx_word' id='word_1_324' title='bbox 2790 924 3004 969; x_wconf 86' lang='lat' dir='ltr'>meam</span> <span class='ocrx_word' id='word_1_325' title='bbox 3048 904 3528 987; x_wconf 89' lang='lat' dir='ltr'>coniungerem,</span> <span class='ocrx_word' id='word_1_326' title='bbox 3564 912 3631 967; x_wconf 92' lang='lat' dir='ltr'>et</span> <span class='ocrx_word' id='word_1_327' title='bbox 3673 905 3744 966; x_wconf 91' lang='lat' dir='ltr'>in</span> <span class='ocrx_word' id='word_1_328' title='bbox 3788 923 3865 968; x_wconf 86' lang='lat' dir='ltr'>ea</span> <span class='ocrx_word' id='word_1_329' title='bbox 3907 924 3979 968; x_wconf 89' lang='lat' dir='ltr'>re</span> <span class='ocrx_word' id='word_1_330' title='bbox 4023 923 4289 987; x_wconf 86' lang='lat' dir='ltr'>operam</span> 
     </span>
     <span class='ocr_line' id='line_1_55' title="bbox 2353 985 4290 1071; baseline 0.004 -22"><span class='ocrx_word' id='word_1_331' title='bbox 2353 985 2469 1050; x_wconf 92' lang='lat' dir='ltr'>tibi</span> <span class='ocrx_word' id='word_1_332' title='bbox 2530 989 2873 1071; x_wconf 88' lang='lat' dir='ltr'>pollicerer</span> <span class='ocrx_word' id='word_1_333' title='bbox 2930 1011 3004 1054; x_wconf 88' lang='lat' dir='ltr'>ac</span> <span class='ocrx_word' id='word_1_334' title='bbox 3048 988 3368 1054; x_wconf 85' lang='lat' dir='ltr'>deferrem</span> <span class='ocrx_word' id='word_1_335' title='bbox 3415 1009 3641 1053; x_wconf 92' lang='lat' dir='ltr'>meam.</span> <span class='ocrx_word' id='word_1_336' title='bbox 3732 989 3995 1053; x_wconf 87' lang='lat' dir='ltr'>Etenim</span> <span class='ocrx_word' id='word_1_337' title='bbox 4039 991 4111 1055; x_wconf 93' lang='lat' dir='ltr'>in</span> <span class='ocrx_word' id='word_1_338' title='bbox 4154 1014 4290 1058; x_wconf 91' lang='lat' dir='ltr'>me-</span> 
     </span>
     <span class='ocr_line' id='line_1_56' title="bbox 2351 1072 4293 1160; baseline 0.004 -24"><span class='ocrx_word' id='word_1_339' title='bbox 2351 1072 2561 1136; x_wconf 91' lang='lat' dir='ltr'>moria</span> <span class='ocrx_word' id='word_1_340' title='bbox 2604 1074 2802 1138; x_wconf 87' lang='lat' dir='ltr'>etiam</span> <span class='ocrx_word' id='word_1_341' title='bbox 2847 1096 3020 1139; x_wconf 89' lang='lat' dir='ltr'>nunc</span> <span class='ocrx_word' id='word_1_342' title='bbox 3052 1074 3260 1138; x_wconf 88' lang='lat' dir='ltr'>habeo</span> <span class='ocrx_word' id='word_1_343' title='bbox 3302 1096 3428 1155; x_wconf 90' lang='lat' dir='ltr'>qua</span> <span class='ocrx_word' id='word_1_344' title='bbox 3463 1073 3590 1139; x_wconf 85' lang='lat' dir='ltr'>fide</span> <span class='ocrx_word' id='word_1_345' title='bbox 3642 1096 3894 1156; x_wconf 89' lang='lat' dir='ltr'>quaque</span> <span class='ocrx_word' id='word_1_346' title='bbox 3950 1073 4293 1160; x_wconf 81' lang='lat' dir='ltr'>diligentia</span> 
     </span>
     <span class='ocr_line' id='line_1_57' title="bbox 2351 1157 4292 1242; baseline 0.006 -22"><span class='ocrx_word' id='word_1_347' title='bbox 2351 1157 2418 1220; x_wconf 94' lang='lat' dir='ltr'>in</span> <span class='ocrx_word' id='word_1_348' title='bbox 2464 1178 2569 1222; x_wconf 94' lang='lat' dir='ltr'>me</span> <span class='ocrx_word' id='word_1_349' title='bbox 2605 1158 2686 1223; x_wconf 88' lang='lat' dir='ltr'>ad</span> <span class='ocrx_word' id='word_1_350' title='bbox 2729 1161 3035 1242; x_wconf 89' lang='lat' dir='ltr'>pietatem</span> <span class='ocrx_word' id='word_1_351' title='bbox 3060 1159 3665 1242; x_wconf 87' lang='lat' dir='ltr'>humanitatemque</span> <span class='ocrx_word' id='word_1_352' title='bbox 3702 1158 4116 1227; x_wconf 87' lang='lat' dir='ltr'>informando</span> <span class='ocrx_word' id='word_1_353' title='bbox 4156 1185 4292 1231; x_wconf 78' lang='lat' dir='ltr'>una</span> 
     </span>
     <span class='ocr_line' id='line_1_58' title="bbox 2349 1244 4290 1332; baseline 0.006 -27"><span class='ocrx_word' id='word_1_354' title='bbox 2349 1261 2499 1306; x_wconf 91' lang='lat' dir='ltr'>cum</span> <span class='ocrx_word' id='word_1_355' title='bbox 2554 1244 2928 1311; x_wconf 89' lang='lat' dir='ltr'>clarissimis</span> <span class='ocrx_word' id='word_1_356' title='bbox 2984 1246 3140 1310; x_wconf 85' lang='lat' dir='ltr'>viris</span> <span class='ocrx_word' id='word_1_357' title='bbox 3198 1245 3283 1310; x_wconf 92' lang='lat' dir='ltr'>D.</span> <span class='ocrx_word' id='word_1_358' title='bbox 3334 1244 3640 1326; x_wconf 77' lang='lat' dir='ltr'>Capitone,</span> <span class='ocrx_word' id='word_1_359' title='bbox 3684 1244 3946 1323; x_wconf 82' lang='lat' dir='ltr'>Bucero,</span> <span class='ocrx_word' id='word_1_360' title='bbox 3996 1246 4290 1332; x_wconf 75' lang='lat' dir='ltr'>Sturmio,</span> 
     </span>
     <span class='ocr_line' id='line_1_59' title="bbox 2349 1326 4289 1414; baseline 0.005 -22"><span class='ocrx_word' id='word_1_361' title='bbox 2349 1326 2629 1395; x_wconf 80' lang='lat' dir='ltr'>Hedione</span> <span class='ocrx_word' id='word_1_362' title='bbox 2666 1340 2864 1412; x_wconf 87' lang='lat' dir='ltr'>atque</span> <span class='ocrx_word' id='word_1_363' title='bbox 2906 1330 3176 1397; x_wconf 79' lang='lat' dir='ltr'>Bedroto</span> <span class='ocrx_word' id='word_1_364' title='bbox 3222 1331 3624 1414; x_wconf 87' lang='lat' dir='ltr'>Argentinae</span> <span class='ocrx_word' id='word_1_365' title='bbox 3683 1330 3921 1396; x_wconf 87' lang='lat' dir='ltr'>abhinc</span> <span class='ocrx_word' id='word_1_366' title='bbox 3955 1353 4162 1400; x_wconf 92' lang='lat' dir='ltr'>annos</span> <span class='ocrx_word' id='word_1_367' title='bbox 4213 1339 4289 1401; x_wconf 81' lang='lat'>16</span> 
     </span>
     <span class='ocr_line' id='line_1_60' title="bbox 2346 1416 4290 1499; baseline 0.004 -20"><span class='ocrx_word' id='word_1_368' title='bbox 2346 1436 2506 1479; x_wconf 89' lang='lat' dir='ltr'>usus</span> <span class='ocrx_word' id='word_1_369' title='bbox 2559 1416 2667 1491; x_wconf 91' lang='lat' dir='ltr'>sis,</span> <span class='ocrx_word' id='word_1_370' title='bbox 2712 1436 2946 1498; x_wconf 91' lang='lat' dir='ltr'>meque</span> <span class='ocrx_word' id='word_1_371' title='bbox 2998 1437 3116 1499; x_wconf 88' lang='lat' dir='ltr'>pro</span> <span class='ocrx_word' id='word_1_372' title='bbox 3174 1416 3296 1482; x_wconf 90' lang='lat' dir='ltr'>hoc</span> <span class='ocrx_word' id='word_1_373' title='bbox 3351 1424 3536 1480; x_wconf 87' lang='lat' dir='ltr'>tanto</span> <span class='ocrx_word' id='word_1_374' title='bbox 3579 1416 4011 1483; x_wconf 89' lang='lat' dir='ltr'>institutionis</span> <span class='ocrx_word' id='word_1_375' title='bbox 4046 1419 4290 1487; x_wconf 82' lang='lat' dir='ltr'>benefi-</span> 
     </span>
     <span class='ocr_line' id='line_1_61' title="bbox 2345 1500 4279 1587; baseline 0.004 -24"><span class='ocrx_word' id='word_1_376' title='bbox 2345 1500 2463 1576; x_wconf 89' lang='lat' dir='ltr'>cio,</span> <span class='ocrx_word' id='word_1_377' title='bbox 2534 1522 2663 1565; x_wconf 91' lang='lat' dir='ltr'>non</span> <span class='ocrx_word' id='word_1_378' title='bbox 2731 1501 2874 1566; x_wconf 90' lang='lat' dir='ltr'>dico</span> <span class='ocrx_word' id='word_1_379' title='bbox 2940 1501 3193 1566; x_wconf 84' lang='lat' dir='ltr'>nullam</span> <span class='ocrx_word' id='word_1_380' title='bbox 3257 1503 3575 1568; x_wconf 89' lang='lat' dir='ltr'>hactenus</span> <span class='ocrx_word' id='word_1_381' title='bbox 3641 1502 3942 1568; x_wconf 90' lang='lat' dir='ltr'>retulisse</span> <span class='ocrx_word' id='word_1_382' title='bbox 3997 1508 4279 1587; x_wconf 87' lang='lat' dir='ltr'>gratiam</span> 
     </span>
     <span class='ocr_line' id='line_1_62' title="bbox 2345 1586 4282 1670; baseline 0.004 -20"><span class='ocrx_word' id='word_1_383' title='bbox 2345 1586 2520 1668; x_wconf 91' lang='lat' dir='ltr'>(fieri</span> <span class='ocrx_word' id='word_1_384' title='bbox 2571 1588 2744 1651; x_wconf 92' lang='lat' dir='ltr'>enim</span> <span class='ocrx_word' id='word_1_385' title='bbox 2798 1586 2885 1665; x_wconf 92' lang='lat' dir='ltr'>id,</span> <span class='ocrx_word' id='word_1_386' title='bbox 2944 1607 3063 1651; x_wconf 90' lang='lat' dir='ltr'>nec</span> <span class='ocrx_word' id='word_1_387' title='bbox 3114 1587 3170 1652; x_wconf 92' lang='lat' dir='ltr'>si</span> <span class='ocrx_word' id='word_1_388' title='bbox 3206 1590 3408 1652; x_wconf 85' lang='lat' dir='ltr'>vitam</span> <span class='ocrx_word' id='word_1_389' title='bbox 3455 1608 3572 1670; x_wconf 90' lang='lat' dir='ltr'>pro</span> <span class='ocrx_word' id='word_1_390' title='bbox 3615 1598 3681 1651; x_wconf 90' lang='lat' dir='ltr'>te</span> <span class='ocrx_word' id='word_1_391' title='bbox 3716 1588 4102 1670; x_wconf 89' lang='lat' dir='ltr'>profundam</span> <span class='ocrx_word' id='word_1_392' title='bbox 4150 1613 4282 1659; x_wconf 91' lang='lat' dir='ltr'>non</span> 
     </span>
     <span class='ocr_line' id='line_1_63' title="bbox 2344 1672 4280 1755; baseline 0.004 -19"><span class='ocrx_word' id='word_1_393' title='bbox 2344 1683 2612 1753; x_wconf 88' lang='lat' dir='ltr'>posset),</span> <span class='ocrx_word' id='word_1_394' title='bbox 2668 1672 2781 1738; x_wconf 90' lang='lat' dir='ltr'>sed</span> <span class='ocrx_word' id='word_1_395' title='bbox 2846 1693 2966 1738; x_wconf 91' lang='lat' dir='ltr'>nec</span> <span class='ocrx_word' id='word_1_396' title='bbox 3020 1674 3190 1755; x_wconf 84' lang='lat' dir='ltr'>grati</span> <span class='ocrx_word' id='word_1_397' title='bbox 3249 1674 3453 1738; x_wconf 89' lang='lat' dir='ltr'>animi</span> <span class='ocrx_word' id='word_1_398' title='bbox 3502 1673 4045 1755; x_wconf 85' lang='lat' dir='ltr'>significationem</span> <span class='ocrx_word' id='word_1_399' title='bbox 4081 1678 4280 1744; x_wconf 86' lang='lat' dir='ltr'>etiam</span> 
     </span>
     <span class='ocr_line' id='line_1_64' title="bbox 2343 1756 4351 1847; baseline 0.003 -25"><span class='ocrx_word' id='word_1_400' title='bbox 2343 1757 2547 1822; x_wconf 86' lang='lat' dir='ltr'>ullam</span> <span class='ocrx_word' id='word_1_401' title='bbox 2636 1756 2909 1823; x_wconf 90' lang='lat' dir='ltr'>dedisse.</span> <span class='ocrx_word' id='word_1_402' title='bbox 2999 1756 3189 1838; x_wconf 79' lang='lat' dir='ltr'>Quod</span> <span class='ocrx_word' id='word_1_403' title='bbox 3248 1781 3447 1841; x_wconf 90' lang='lat' dir='ltr'>quum</span> <span class='ocrx_word' id='word_1_404' title='bbox 3503 1759 3668 1823; x_wconf 91' lang='lat' dir='ltr'>mihi</span> <span class='ocrx_word' id='word_1_405' title='bbox 3734 1760 4032 1841; x_wconf 88' lang='lat' dir='ltr'>inprimis</span> <span class='ocrx_word' id='word_1_406' title='bbox 4089 1770 4281 1847; x_wconf 89' lang='lat' dir='ltr'>turpe</span> <span class='ocrx_word' id='word_1_407' title='bbox 4346 1796 4351 1802; x_wconf 62' lang='grc'><strong><em>’</em></strong></span> 
     </span>
     <span class='ocr_line' id='line_1_65' title="bbox 2341 1843 4286 1927; baseline 0.003 -19"><span class='ocrx_word' id='word_1_408' title='bbox 2341 1865 2483 1909; x_wconf 89' lang='lat' dir='ltr'>esse</span> <span class='ocrx_word' id='word_1_409' title='bbox 2518 1843 2842 1921; x_wconf 88' lang='lat' dir='ltr'>ducerem,</span> <span class='ocrx_word' id='word_1_410' title='bbox 2887 1844 3055 1908; x_wconf 91' lang='lat' dir='ltr'>hanc</span> <span class='ocrx_word' id='word_1_411' title='bbox 3097 1843 3418 1909; x_wconf 88' lang='lat' dir='ltr'>scribendi</span> <span class='ocrx_word' id='word_1_412' title='bbox 3455 1843 3537 1908; x_wconf 89' lang='lat' dir='ltr'>ad</span> <span class='ocrx_word' id='word_1_413' title='bbox 3574 1855 3657 1922; x_wconf 90' lang='lat' dir='ltr'>te,</span> <span class='ocrx_word' id='word_1_414' title='bbox 3692 1845 4017 1927; x_wconf 89' lang='lat' dir='ltr'>simulque</span> <span class='ocrx_word' id='word_1_415' title='bbox 4060 1848 4286 1915; x_wconf 88' lang='lat' dir='ltr'>eluen-</span> 
     </span>
     <span class='ocr_line' id='line_1_66' title="bbox 2340 1928 4281 2015; baseline 0.005 -24"><span class='ocrx_word' id='word_1_416' title='bbox 2340 1928 2460 1993; x_wconf 92' lang='lat' dir='ltr'>dae</span> <span class='ocrx_word' id='word_1_417' title='bbox 2496 1931 2685 1994; x_wconf 90' lang='lat' dir='ltr'>istius</span> <span class='ocrx_word' id='word_1_418' title='bbox 2729 1929 3043 2006; x_wconf 85' lang='lat' dir='ltr'>maculae,</span> <span class='ocrx_word' id='word_1_419' title='bbox 3081 1931 3480 1994; x_wconf 87' lang='lat' dir='ltr'>occasionem</span> <span class='ocrx_word' id='word_1_420' title='bbox 3517 1932 4039 2013; x_wconf 83' lang='lat' dir='ltr'>praetermittere</span> <span class='ocrx_word' id='word_1_421' title='bbox 4084 1935 4281 2015; x_wconf 91' lang='lat' dir='ltr'>nolui,</span> 
     </span>
     <span class='ocr_line' id='line_1_67' title="bbox 2339 2015 4281 2101; baseline 0.004 -23"><span class='ocrx_word' id='word_1_422' title='bbox 2339 2026 2629 2097; x_wconf 88' lang='lat' dir='ltr'>optatam</span> <span class='ocrx_word' id='word_1_423' title='bbox 2674 2015 2837 2080; x_wconf 86' lang='lat' dir='ltr'>mihi</span> <span class='ocrx_word' id='word_1_424' title='bbox 2879 2015 3157 2098; x_wconf 88' lang='lat' dir='ltr'>quidem,</span> <span class='ocrx_word' id='word_1_425' title='bbox 3202 2015 3314 2080; x_wconf 90' lang='lat' dir='ltr'>sed</span> <span class='ocrx_word' id='word_1_426' title='bbox 3337 2016 3689 2098; x_wconf 86' lang='lat' dir='ltr'>gratiorem</span> <span class='ocrx_word' id='word_1_427' title='bbox 3734 2017 3943 2082; x_wconf 90' lang='lat' dir='ltr'>multo</span> <span class='ocrx_word' id='word_1_428' title='bbox 3974 2019 4281 2101; x_wconf 82' lang='lat' dir='ltr'>futuram,</span> 
     </span>
     <span class='ocr_line' id='line_1_68' title="bbox 2339 2099 4283 2184; baseline 0.005 -21"><span class='ocrx_word' id='word_1_429' title='bbox 2339 2100 2396 2164; x_wconf 92' lang='lat' dir='ltr'>si</span> <span class='ocrx_word' id='word_1_430' title='bbox 2439 2099 2752 2184; x_wconf 85' lang='lat' dir='ltr'>postridie</span> <span class='ocrx_word' id='word_1_431' title='bbox 2797 2123 2988 2184; x_wconf 91' lang='lat' dir='ltr'>quam</span> <span class='ocrx_word' id='word_1_432' title='bbox 3034 2100 3196 2166; x_wconf 89' lang='lat' dir='ltr'>haec</span> <span class='ocrx_word' id='word_1_433' title='bbox 3231 2102 3461 2183; x_wconf 85' lang='lat' dir='ltr'>scripsi</span> <span class='ocrx_word' id='word_1_434' title='bbox 3514 2101 3746 2167; x_wconf 85' lang='lat' dir='ltr'>fuisset</span> <span class='ocrx_word' id='word_1_435' title='bbox 3789 2103 4020 2168; x_wconf 90' lang='lat' dir='ltr'>oblata.</span> <span class='ocrx_word' id='word_1_436' title='bbox 4110 2106 4283 2173; x_wconf 87' lang='lat' dir='ltr'>Nam</span> 
     </span>
     <span class='ocr_line' id='line_1_69' title="bbox 2340 2187 4282 2269; baseline 0.004 -18"><span class='ocrx_word' id='word_1_437' title='bbox 2340 2195 2488 2252; x_wconf 89' lang='lat' dir='ltr'>acta</span> <span class='ocrx_word' id='word_1_438' title='bbox 2529 2190 2959 2265; x_wconf 88' lang='lat' dir='ltr'>comitiorum,</span> <span class='ocrx_word' id='word_1_439' title='bbox 2997 2208 3160 2269; x_wconf 88' lang='lat' dir='ltr'>quae</span> <span class='ocrx_word' id='word_1_440' title='bbox 3194 2187 3593 2269; x_wconf 86' lang='lat' dir='ltr'>publicatum</span> <span class='ocrx_word' id='word_1_441' title='bbox 3637 2187 3718 2251; x_wconf 90' lang='lat' dir='ltr'>iri</span> <span class='ocrx_word' id='word_1_442' title='bbox 3766 2209 3838 2251; x_wconf 91' lang='lat' dir='ltr'>eo</span> <span class='ocrx_word' id='word_1_443' title='bbox 3876 2188 3979 2253; x_wconf 88' lang='lat' dir='ltr'>die</span> <span class='ocrx_word' id='word_1_444' title='bbox 4023 2202 4282 2259; x_wconf 87' lang='lat' dir='ltr'>consta-</span> 
     </span>
     <span class='ocr_line' id='line_1_70' title="bbox 2338 2272 4279 2355; baseline 0.004 -19"><span class='ocrx_word' id='word_1_445' title='bbox 2338 2272 2469 2349; x_wconf 85' lang='lat' dir='ltr'>bat,</span> <span class='ocrx_word' id='word_1_446' title='bbox 2516 2273 2599 2338; x_wconf 88' lang='lat' dir='ltr'>ad</span> <span class='ocrx_word' id='word_1_447' title='bbox 2643 2284 2707 2338; x_wconf 91' lang='lat' dir='ltr'>te</span> <span class='ocrx_word' id='word_1_448' title='bbox 2751 2275 3106 2338; x_wconf 89' lang='lat' dir='ltr'>misissem:</span> <span class='ocrx_word' id='word_1_449' title='bbox 3154 2293 3316 2355; x_wconf 89' lang='lat' dir='ltr'>quae</span> <span class='ocrx_word' id='word_1_450' title='bbox 3361 2293 3483 2350; x_wconf 87' lang='lat' dir='ltr'>res,</span> <span class='ocrx_word' id='word_1_451' title='bbox 3528 2273 3584 2337; x_wconf 91' lang='lat' dir='ltr'>si</span> <span class='ocrx_word' id='word_1_452' title='bbox 3621 2273 3788 2337; x_wconf 89' lang='lat' dir='ltr'>nihil</span> <span class='ocrx_word' id='word_1_453' title='bbox 3819 2274 4014 2353; x_wconf 87' lang='lat' dir='ltr'>aliud,</span> <span class='ocrx_word' id='word_1_454' title='bbox 4057 2285 4279 2345; x_wconf 91' lang='lat' dir='ltr'>tamen</span> 
     </span>
     <span class='ocr_line' id='line_1_71' title="bbox 2335 2356 4273 2443; baseline 0.006 -22"><span class='ocrx_word' id='word_1_455' title='bbox 2335 2357 2562 2423; x_wconf 87' lang='lat' dir='ltr'>literas</span> <span class='ocrx_word' id='word_1_456' title='bbox 2638 2370 2814 2424; x_wconf 90' lang='lat' dir='ltr'>certe</span> <span class='ocrx_word' id='word_1_457' title='bbox 2893 2358 3014 2424; x_wconf 85' lang='lat' dir='ltr'>has</span> <span class='ocrx_word' id='word_1_458' title='bbox 3059 2379 3239 2422; x_wconf 85' lang='lat' dir='ltr'>meas</span> <span class='ocrx_word' id='word_1_459' title='bbox 3305 2356 3423 2421; x_wconf 91' lang='lat' dir='ltr'>tibi</span> <span class='ocrx_word' id='word_1_460' title='bbox 3490 2357 3882 2422; x_wconf 87' lang='lat' dir='ltr'>reddidisset</span> <span class='ocrx_word' id='word_1_461' title='bbox 3935 2363 4273 2443; x_wconf 88' lang='lat' dir='ltr'>gratiores.</span> 
     </span>
     <span class='ocr_line' id='line_1_72' title="bbox 2336 2443 4271 2529; baseline 0.004 -22"><span class='ocrx_word' id='word_1_462' title='bbox 2336 2443 2516 2524; x_wconf 77' lang='lat' dir='ltr'>Quas</span> <span class='ocrx_word' id='word_1_463' title='bbox 2560 2456 2779 2510; x_wconf 88' lang='lat' dir='ltr'>tamen</span> <span class='ocrx_word' id='word_1_464' title='bbox 2825 2466 2910 2509; x_wconf 93' lang='lat' dir='ltr'>ne</span> <span class='ocrx_word' id='word_1_465' title='bbox 2953 2446 3044 2510; x_wconf 91' lang='lat' dir='ltr'>sic</span> <span class='ocrx_word' id='word_1_466' title='bbox 3079 2444 3358 2526; x_wconf 90' lang='lat' dir='ltr'>quidem,</span> <span class='ocrx_word' id='word_1_467' title='bbox 3397 2464 3560 2525; x_wconf 89' lang='lat' dir='ltr'>quae</span> <span class='ocrx_word' id='word_1_468' title='bbox 3605 2456 3717 2508; x_wconf 85' lang='lat' dir='ltr'>tua</span> <span class='ocrx_word' id='word_1_469' title='bbox 3760 2456 3858 2508; x_wconf 89' lang='lat' dir='ltr'>est</span> <span class='ocrx_word' id='word_1_470' title='bbox 3880 2444 4271 2529; x_wconf 86' lang='lat' dir='ltr'>humanitas,</span> 
     </span>
     <span class='ocr_line' id='line_1_73' title="bbox 2334 2529 4273 2614; baseline 0.002 -20"><span class='ocrx_word' id='word_1_471' title='bbox 2334 2531 2453 2594; x_wconf 90' lang='lat' dir='ltr'>tibi</span> <span class='ocrx_word' id='word_1_472' title='bbox 2496 2531 2793 2614; x_wconf 87' lang='lat' dir='ltr'>ingratas</span> <span class='ocrx_word' id='word_1_473' title='bbox 2835 2530 2975 2595; x_wconf 87' lang='lat' dir='ltr'>fore</span> <span class='ocrx_word' id='word_1_474' title='bbox 3019 2530 3291 2607; x_wconf 87' lang='lat' dir='ltr'>confido,</span> <span class='ocrx_word' id='word_1_475' title='bbox 3328 2531 3565 2612; x_wconf 89' lang='lat' dir='ltr'>quippe</span> <span class='ocrx_word' id='word_1_476' title='bbox 3603 2529 3729 2594; x_wconf 90' lang='lat' dir='ltr'>mei</span> <span class='ocrx_word' id='word_1_477' title='bbox 3785 2550 3942 2613; x_wconf 86' lang='lat' dir='ltr'>erga</span> <span class='ocrx_word' id='word_1_478' title='bbox 3986 2540 4050 2596; x_wconf 92' lang='lat' dir='ltr'>te</span> <span class='ocrx_word' id='word_1_479' title='bbox 4094 2555 4273 2598; x_wconf 87' lang='lat' dir='ltr'>amo-</span> 
     </span>
     <span class='ocr_line' id='line_1_74' title="bbox 2331 2616 4275 2701; baseline 0.003 -21"><span class='ocrx_word' id='word_1_480' title='bbox 2331 2618 2424 2680; x_wconf 87' lang='lat' dir='ltr'>ris</span> <span class='ocrx_word' id='word_1_481' title='bbox 2461 2624 2675 2692; x_wconf 87' lang='lat' dir='ltr'>testes,</span> <span class='ocrx_word' id='word_1_482' title='bbox 2702 2627 2767 2680; x_wconf 91' lang='lat' dir='ltr'>et</span> <span class='ocrx_word' id='word_1_483' title='bbox 2788 2636 2999 2680; x_wconf 89' lang='lat' dir='ltr'>meam</span> <span class='ocrx_word' id='word_1_484' title='bbox 3040 2616 3154 2681; x_wconf 89' lang='lat' dir='ltr'>tibi</span> <span class='ocrx_word' id='word_1_485' title='bbox 3194 2617 3262 2679; x_wconf 94' lang='lat' dir='ltr'>in</span> <span class='ocrx_word' id='word_1_486' title='bbox 3286 2616 3466 2679; x_wconf 90' lang='lat' dir='ltr'>omni</span> <span class='ocrx_word' id='word_1_487' title='bbox 3488 2616 3844 2680; x_wconf 86' lang='lat' dir='ltr'>officiorum</span> <span class='ocrx_word' id='word_1_488' title='bbox 3870 2637 4106 2698; x_wconf 88' lang='lat' dir='ltr'>genere</span> <span class='ocrx_word' id='word_1_489' title='bbox 4128 2639 4275 2701; x_wconf 91' lang='lat' dir='ltr'>ope-</span> 
     </span>
     <span class='ocr_line' id='line_1_75' title="bbox 2332 2699 4270 2779; baseline 0.003 -16"><span class='ocrx_word' id='word_1_490' title='bbox 2332 2722 2474 2766; x_wconf 84' lang='lat' dir='ltr'>ram</span> <span class='ocrx_word' id='word_1_491' title='bbox 2525 2702 2906 2768; x_wconf 84' lang='lat' dir='ltr'>deferentes.</span> <span class='ocrx_word' id='word_1_492' title='bbox 2995 2702 3179 2767; x_wconf 92' lang='lat' dir='ltr'>Bene</span> <span class='ocrx_word' id='word_1_493' title='bbox 3225 2701 3385 2779; x_wconf 88' lang='lat' dir='ltr'>vale,</span> <span class='ocrx_word' id='word_1_494' title='bbox 3423 2701 3514 2766; x_wconf 89' lang='lat' dir='ltr'>mi</span> <span class='ocrx_word' id='word_1_495' title='bbox 3559 2701 3641 2765; x_wconf 90' lang='lat' dir='ltr'>D.</span> <span class='ocrx_word' id='word_1_496' title='bbox 3689 2699 3946 2768; x_wconf 76' lang='lat' dir='ltr'>Calvino</span> <span class='ocrx_word' id='word_1_497' title='bbox 3989 2706 4270 2770; x_wconf 86' lang='lat' dir='ltr'>ornatis-</span> 
     </span>
     <span class='ocr_line' id='line_1_76' title="bbox 2332 2786 4267 2871; baseline 0.003 -20"><span class='ocrx_word' id='word_1_498' title='bbox 2332 2789 2512 2864; x_wconf 88' lang='lat' dir='ltr'>sime,</span> <span class='ocrx_word' id='word_1_499' title='bbox 2573 2796 2639 2852; x_wconf 92' lang='lat' dir='ltr'>et</span> <span class='ocrx_word' id='word_1_500' title='bbox 2691 2786 3004 2871; x_wconf 82' lang='lat' dir='ltr'>Spartam</span> <span class='ocrx_word' id='word_1_501' title='bbox 3052 2808 3249 2870; x_wconf 89' lang='lat' dir='ltr'>quam</span> <span class='ocrx_word' id='word_1_502' title='bbox 3294 2798 3524 2853; x_wconf 90' lang='lat' dir='ltr'>nactus</span> <span class='ocrx_word' id='word_1_503' title='bbox 3569 2807 3657 2866; x_wconf 92' lang='lat' dir='ltr'>es,</span> <span class='ocrx_word' id='word_1_504' title='bbox 3703 2787 4044 2852; x_wconf 89' lang='lat' dir='ltr'>ecclesiam</span> <span class='ocrx_word' id='word_1_505' title='bbox 4090 2790 4267 2857; x_wconf 84' lang='lat' dir='ltr'>vide-</span> 
     </span>
     <span class='ocr_line' id='line_1_77' title="bbox 2329 2871 4267 2956; baseline 0.003 -21"><span class='ocrx_word' id='word_1_506' title='bbox 2329 2872 2481 2938; x_wconf 87' lang='lat' dir='ltr'>licet</span> <span class='ocrx_word' id='word_1_507' title='bbox 2535 2894 2840 2956; x_wconf 89' lang='lat' dir='ltr'>sponsam</span> <span class='ocrx_word' id='word_1_508' title='bbox 2904 2871 3173 2950; x_wconf 84' lang='lat' dir='ltr'>Christi,</span> <span class='ocrx_word' id='word_1_509' title='bbox 3238 2893 3575 2951; x_wconf 84' lang='lat' dir='ltr'>exornare,</span> <span class='ocrx_word' id='word_1_510' title='bbox 3634 2882 3709 2936; x_wconf 92' lang='lat' dir='ltr'>ut</span> <span class='ocrx_word' id='word_1_511' title='bbox 3765 2871 3944 2952; x_wconf 85' lang='lat' dir='ltr'>facis,</span> <span class='ocrx_word' id='word_1_512' title='bbox 4010 2875 4267 2942; x_wconf 88' lang='lat' dir='ltr'>fortiter</span> 
     </span>
     <span class='ocr_line' id='line_1_78' title="bbox 2328 2958 4267 3042; baseline 0.002 -19"><span class='ocrx_word' id='word_1_513' title='bbox 2328 2979 2561 3042; x_wconf 88' lang='lat' dir='ltr'>perge,</span> <span class='ocrx_word' id='word_1_514' title='bbox 2622 2958 2970 3023; x_wconf 87' lang='lat' dir='ltr'>auditurus</span> <span class='ocrx_word' id='word_1_515' title='bbox 3026 2958 3183 3022; x_wconf 90' lang='lat' dir='ltr'>olim</span> <span class='ocrx_word' id='word_1_516' title='bbox 3237 2960 3468 3041; x_wconf 86' lang='lat' dir='ltr'>quavis</span> <span class='ocrx_word' id='word_1_517' title='bbox 3525 2959 3774 3023; x_wconf 90' lang='lat' dir='ltr'>musica</span> <span class='ocrx_word' id='word_1_518' title='bbox 3819 2960 4267 3027; x_wconf 89' lang='lat' dir='ltr'>iucundiorem</span> 
     </span>
     <span class='ocr_line' id='line_1_79' title="bbox 2328 3044 4268 3129; baseline 0.003 -20"><span class='ocrx_word' id='word_1_519' title='bbox 2328 3065 2586 3110; x_wconf 81' lang='lat' dir='ltr'>vocem:</span> <span class='ocrx_word' id='word_1_520' title='bbox 2660 3044 2849 3129; x_wconf 86' lang='lat' dir='ltr'>Euge</span> <span class='ocrx_word' id='word_1_521' title='bbox 2907 3066 3093 3110; x_wconf 81' lang='lat' dir='ltr'>serve</span> <span class='ocrx_word' id='word_1_522' title='bbox 3145 3044 3309 3108; x_wconf 91' lang='lat' dir='ltr'>bone</span> <span class='ocrx_word' id='word_1_523' title='bbox 3361 3056 3477 3110; x_wconf 87' lang='lat' dir='ltr'>etc.</span> <span class='ocrx_word' id='word_1_524' title='bbox 3558 3044 3668 3109; x_wconf 86' lang='lat' dir='ltr'>Me</span> <span class='ocrx_word' id='word_1_525' title='bbox 3728 3044 3844 3109; x_wconf 88' lang='lat' dir='ltr'>tibi</span> <span class='ocrx_word' id='word_1_526' title='bbox 3890 3045 4268 3114; x_wconf 88' lang='lat' dir='ltr'>commendo</span> 
     </span>
     <span class='ocr_line' id='line_1_80' title="bbox 2330 3129 4277 3214; baseline 0.002 -19"><span class='ocrx_word' id='word_1_527' title='bbox 2330 3131 2529 3195; x_wconf 88' lang='lat' dir='ltr'>etiam</span> <span class='ocrx_word' id='word_1_528' title='bbox 2567 3141 2760 3213; x_wconf 86' lang='lat' dir='ltr'>atque</span> <span class='ocrx_word' id='word_1_529' title='bbox 2803 3132 3018 3195; x_wconf 86' lang='lat' dir='ltr'>etiam.</span> <span class='ocrx_word' id='word_1_530' title='bbox 3105 3130 3436 3214; x_wconf 88' lang='lat' dir='ltr'>Rogarem</span> <span class='ocrx_word' id='word_1_531' title='bbox 3471 3133 3625 3196; x_wconf 89' lang='lat' dir='ltr'>item</span> <span class='ocrx_word' id='word_1_532' title='bbox 3671 3140 3744 3194; x_wconf 91' lang='lat' dir='ltr'>ut</span> <span class='ocrx_word' id='word_1_533' title='bbox 3803 3129 3885 3194; x_wconf 90' lang='lat' dir='ltr'>ad</span> <span class='ocrx_word' id='word_1_534' title='bbox 3929 3152 4036 3197; x_wconf 91' lang='lat' dir='ltr'>me</span> <span class='ocrx_word' id='word_1_535' title='bbox 4082 3135 4277 3199; x_wconf 83' lang='lat' dir='ltr'>vicis-</span> 
     </span>
     <span class='ocr_line' id='line_1_81' title="bbox 2329 3216 4273 3299; baseline 0.003 -18"><span class='ocrx_word' id='word_1_536' title='bbox 2329 3217 2452 3281; x_wconf 91' lang='lat' dir='ltr'>sim</span> <span class='ocrx_word' id='word_1_537' title='bbox 2497 3216 2745 3299; x_wconf 89' lang='lat' dir='ltr'>aliquid</span> <span class='ocrx_word' id='word_1_538' title='bbox 2781 3218 3115 3293; x_wconf 90' lang='lat' dir='ltr'>scriberes,</span> <span class='ocrx_word' id='word_1_539' title='bbox 3162 3216 3276 3280; x_wconf 91' lang='lat' dir='ltr'>sed</span> <span class='ocrx_word' id='word_1_540' title='bbox 3321 3218 3474 3281; x_wconf 85' lang='lat' dir='ltr'>novi</span> <span class='ocrx_word' id='word_1_541' title='bbox 3519 3218 3972 3299; x_wconf 87' lang='lat' dir='ltr'>occupationes</span> <span class='ocrx_word' id='word_1_542' title='bbox 4015 3226 4160 3284; x_wconf 89' lang='lat' dir='ltr'>tuas</span> <span class='ocrx_word' id='word_1_543' title='bbox 4204 3229 4273 3286; x_wconf 91' lang='lat' dir='ltr'>et</span> 
     </span>
     <span class='ocr_line' id='line_1_82' title="bbox 2329 3301 4269 3385; baseline 0.003 -20"><span class='ocrx_word' id='word_1_544' title='bbox 2329 3323 2611 3385; x_wconf 89' lang='lat' dir='ltr'>agnosco</span> <span class='ocrx_word' id='word_1_545' title='bbox 2654 3302 2842 3367; x_wconf 87' lang='lat' dir='ltr'>facile</span> <span class='ocrx_word' id='word_1_546' title='bbox 2886 3324 3017 3367; x_wconf 92' lang='lat' dir='ltr'>non</span> <span class='ocrx_word' id='word_1_547' title='bbox 3059 3323 3137 3367; x_wconf 86' lang='lat' dir='ltr'>ea</span> <span class='ocrx_word' id='word_1_548' title='bbox 3181 3324 3284 3366; x_wconf 92' lang='lat' dir='ltr'>me</span> <span class='ocrx_word' id='word_1_549' title='bbox 3328 3323 3469 3367; x_wconf 89' lang='lat' dir='ltr'>esse</span> <span class='ocrx_word' id='word_1_550' title='bbox 3513 3301 3882 3368; x_wconf 90' lang='lat' dir='ltr'>conditione</span> <span class='ocrx_word' id='word_1_551' title='bbox 3927 3313 4000 3368; x_wconf 91' lang='lat' dir='ltr'>ut</span> <span class='ocrx_word' id='word_1_552' title='bbox 4033 3306 4102 3367; x_wconf 92' lang='lat' dir='ltr'>in</span> <span class='ocrx_word' id='word_1_553' title='bbox 4148 3327 4269 3371; x_wconf 92' lang='lat' dir='ltr'>nu-</span> 
     </span>
     <span class='ocr_line' id='line_1_83' title="bbox 2330 3388 4270 3470; baseline 0.003 -20"><span class='ocrx_word' id='word_1_554' title='bbox 2330 3408 2582 3453; x_wconf 90' lang='lat' dir='ltr'>merum</span> <span class='ocrx_word' id='word_1_555' title='bbox 2643 3396 2905 3452; x_wconf 90' lang='lat' dir='ltr'>tuorum</span> <span class='ocrx_word' id='word_1_556' title='bbox 2968 3388 3093 3452; x_wconf 88' lang='lat' dir='ltr'>sim</span> <span class='ocrx_word' id='word_1_557' title='bbox 3150 3388 3576 3470; x_wconf 88' lang='lat' dir='ltr'>recipiendus.</span> <span class='ocrx_word' id='word_1_558' title='bbox 3682 3388 3846 3452; x_wconf 89' lang='lat' dir='ltr'>Vale</span> <span class='ocrx_word' id='word_1_559' title='bbox 3909 3390 4146 3454; x_wconf 88' lang='lat' dir='ltr'>iterum</span> <span class='ocrx_word' id='word_1_560' title='bbox 4209 3398 4270 3456; x_wconf 81' lang='grc' dir='ltr'>ἐν</span> 
     </span>
     <span class='ocr_line' id='line_1_84' title="bbox 2330 3471 3980 3559; baseline 0.002 -24"><span class='ocrx_word' id='word_1_561' title='bbox 2330 3475 2622 3559; x_wconf 68' lang='lat' dir='ltr'>qucp‘.</span> <span class='ocrx_word' id='word_1_562' title='bbox 2710 3476 3050 3556; x_wconf 88' lang='lat' dir='ltr'>Augustae</span> <span class='ocrx_word' id='word_1_563' title='bbox 3098 3478 3150 3536; x_wconf 91' lang='grc'>7.</span> <span class='ocrx_word' id='word_1_564' title='bbox 3200 3472 3337 3538; x_wconf 84' lang='lat' dir='ltr'>Cal.</span> <span class='ocrx_word' id='word_1_565' title='bbox 3384 3471 3613 3538; x_wconf 92' lang='lat' dir='ltr'>Octob.</span> <span class='ocrx_word' id='word_1_566' title='bbox 3663 3494 3835 3537; x_wconf 91' lang='lat' dir='ltr'>anno</span> <span class='ocrx_word' id='word_1_567' title='bbox 3885 3479 3980 3539; x_wconf 85' lang='lat'>55.</span> 
     </span>
    </p>
   </div>
   <div class='ocr_carea' id='block_1_19' title="bbox 2754 4018 3866 4239">
    <p class='ocr_par' dir='ltr' id='par_1_21' title="bbox 2754 4018 3866 4239">
     <span class='ocr_line' id='line_1_85' title="bbox 3205 4018 3405 4087; baseline 0 0"><span class='ocrx_word' id='word_1_568' title='bbox 3205 4018 3405 4087; x_wconf 78' lang='lat'>2305.</span> 
     </span>
     <span class='ocr_line' id='line_1_86' title="bbox 2754 4171 3866 4239; baseline 0.001 -2"><span class='ocrx_word' id='word_1_569' title='bbox 2754 4171 3184 4239; x_wconf 82' lang='lat' dir='ltr'>ZANOHUS</span> <span class='ocrx_word' id='word_1_570' title='bbox 3230 4171 3866 4239; x_wconf 79' lang='lat' dir='ltr'>BULLINGERO.</span> 
     </span>
    </p>
   </div>
   <div class='ocr_carea' id='block_1_20' title="bbox 2327 4341 4272 4512">
    <p class='ocr_par' dir='ltr' id='par_1_22' title="bbox 2327 4341 4272 4512">
     <span class='ocr_line' id='line_1_87' title="bbox 2506 4341 4272 4409; baseline 0.001 -2"><span class='ocrx_word' id='word_1_571' title='bbox 2506 4341 2732 4408; x_wconf 76' lang='lat' dir='ltr'>Contra</span> <span class='ocrx_word' id='word_1_572' title='bbox 2789 4342 3255 4409; x_wconf 74' lang='lat' dir='ltr'>Lutherolatras</span> <span class='ocrx_word' id='word_1_573' title='bbox 3313 4342 3561 4409; x_wconf 75' lang='lat' dir='ltr'>Calvini</span> <span class='ocrx_word' id='word_1_574' title='bbox 3626 4342 3865 4407; x_wconf 70' lang='lat' dir='ltr'>librum</span> <span class='ocrx_word' id='word_1_575' title='bbox 3929 4345 4004 4408; x_wconf 82' lang='lat' dir='ltr'>de</span> <span class='ocrx_word' id='word_1_576' title='bbox 4059 4344 4272 4409; x_wconf 78' lang='lat' dir='ltr'>eucha-</span> 
     </span>
     <span class='ocr_line' id='line_1_88' title="bbox 2327 4429 3007 4512; baseline -0.001 -17"><span class='ocrx_word' id='word_1_577' title='bbox 2327 4430 2518 4495; x_wconf 76' lang='lat' dir='ltr'>ristia</span> <span class='ocrx_word' id='word_1_578' title='bbox 2559 4429 3007 4512; x_wconf 59' lang='lat' dir='ltr'>impugnantes</span> 
     </span>
    </p>
   </div>
   <div class='ocr_carea' id='block_1_21' title="bbox 2329 4599 4273 4737">
    <p class='ocr_par' dir='ltr' id='par_1_23' title="bbox 2329 4599 4273 4737">
     <span class='ocr_line' id='line_1_89' title="bbox 2329 4599 4273 4671; baseline 0.002 -18"><span class='ocrx_word' id='word_1_579' title='bbox 2329 4601 2690 4667; x_wconf 79' lang='lat' dir='ltr'>(Excerptum</span> <span class='ocrx_word' id='word_1_580' title='bbox 2737 4615 2803 4651; x_wconf 86' lang='lat' dir='ltr'>ex</span> <span class='ocrx_word' id='word_1_581' title='bbox 2861 4600 3197 4669; x_wconf 78' lang='lat' dir='ltr'>autographo</span> <span class='ocrx_word' id='word_1_582' title='bbox 3246 4600 3410 4652; x_wconf 83' lang='lat' dir='ltr'>Arch.</span> <span class='ocrx_word' id='word_1_583' title='bbox 3449 4599 3623 4653; x_wconf 84' lang='lat' dir='ltr'>Turio.</span> <span class='ocrx_word' id='word_1_584' title='bbox 3676 4600 3819 4653; x_wconf 90' lang='lat' dir='ltr'>Plut.</span> <span class='ocrx_word' id='word_1_585' title='bbox 3858 4600 3948 4654; x_wconf 84' lang='lat' dir='ltr'>VI.</span> <span class='ocrx_word' id='word_1_586' title='bbox 3999 4601 4114 4655; x_wconf 86' lang='lat' dir='ltr'>Vol.</span> <span class='ocrx_word' id='word_1_587' title='bbox 4154 4601 4273 4671; x_wconf 80' lang='lat'>170,</span> 
     </span>
     <span class='ocr_line' id='line_1_90' title="bbox 2375 4665 4237 4737; baseline 0.001 -15"><span class='ocrx_word' id='word_1_588' title='bbox 2375 4670 2505 4722; x_wconf 89' lang='lat' dir='ltr'>olim</span> <span class='ocrx_word' id='word_1_589' title='bbox 2542 4669 2712 4722; x_wconf 85' lang='lat' dir='ltr'>Scrin.</span> <span class='ocrx_word' id='word_1_590' title='bbox 2754 4668 2810 4720; x_wconf 90' lang='lat' dir='ltr'>B.</span> <span class='ocrx_word' id='word_1_591' title='bbox 2851 4668 2982 4737; x_wconf 83' lang='lat' dir='ltr'>Epp.</span> <span class='ocrx_word' id='word_1_592' title='bbox 3022 4668 3172 4721; x_wconf 89' lang='lat' dir='ltr'>Tom.</span> <span class='ocrx_word' id='word_1_593' title='bbox 3210 4667 3294 4730; x_wconf 80' lang='lat'>44,</span> <span class='ocrx_word' id='word_1_594' title='bbox 3332 4668 3405 4720; x_wconf 80' lang='lat' dir='ltr'>fol</span> <span class='ocrx_word' id='word_1_595' title='bbox 3460 4665 3576 4722; x_wconf 77' lang='lat'>753.</span> <span class='ocrx_word' id='word_1_596' title='bbox 3620 4696 3679 4706; x_wconf 92' lang='lat'>--</span> <span class='ocrx_word' id='word_1_597' title='bbox 3722 4669 3933 4724; x_wconf 85' lang='lat' dir='ltr'>Simler.</span> <span class='ocrx_word' id='word_1_598' title='bbox 3972 4669 4087 4726; x_wconf 89' lang='lat' dir='ltr'>Vol.</span> <span class='ocrx_word' id='word_1_599' title='bbox 4122 4669 4237 4737; x_wconf 82' lang='lat'>85.)</span> 
     </span>
    </p>
   </div>
   <div class='ocr_carea' id='block_1_22' title="bbox 2328 4839 4267 5010">
    <p class='ocr_par' dir='ltr' id='par_1_24' title="bbox 2328 4839 4267 5010">
     <span class='ocr_line' id='line_1_91' title="bbox 2502 4839 4267 4925; baseline 0.003 -22"><span class='ocrx_word' id='word_1_600' title='bbox 2502 4840 2665 4904; x_wconf 88' lang='lat' dir='ltr'>Viro</span> <span class='ocrx_word' id='word_1_601' title='bbox 2717 4840 2960 4922; x_wconf 92' lang='lat' dir='ltr'>optimo</span> <span class='ocrx_word' id='word_1_602' title='bbox 3015 4849 3081 4905; x_wconf 92' lang='lat' dir='ltr'>et</span> <span class='ocrx_word' id='word_1_603' title='bbox 3138 4841 3384 4923; x_wconf 92' lang='lat' dir='ltr'>pastori</span> <span class='ocrx_word' id='word_1_604' title='bbox 3418 4839 3801 4925; x_wconf 88' lang='lat' dir='ltr'>dignissimo</span> <span class='ocrx_word' id='word_1_605' title='bbox 3849 4841 3929 4905; x_wconf 94' lang='lat' dir='ltr'>D.</span> <span class='ocrx_word' id='word_1_606' title='bbox 3976 4841 4267 4908; x_wconf 88' lang='lat' dir='ltr'>Henrico</span> 
     </span>
     <span class='ocr_line' id='line_1_92' title="bbox 2328 4925 4084 5010; baseline 0.001 -20"><span class='ocrx_word' id='word_1_607' title='bbox 2328 4925 2718 5010; x_wconf 87' lang='lat' dir='ltr'>Bullingero</span> <span class='ocrx_word' id='word_1_608' title='bbox 2760 4925 2967 4992; x_wconf 91' lang='lat' dir='ltr'>amico</span> <span class='ocrx_word' id='word_1_609' title='bbox 3012 4935 3079 4990; x_wconf 90' lang='lat' dir='ltr'>et</span> <span class='ocrx_word' id='word_1_610' title='bbox 3120 4926 3432 5008; x_wconf 87' lang='lat' dir='ltr'>compatri</span> <span class='ocrx_word' id='word_1_611' title='bbox 3476 4925 4084 4992; x_wconf 82' lang='lat' dir='ltr'>observandissimo.</span> 
     </span>
    </p>
   </div>
   <div class='ocr_carea' id='block_1_23' title="bbox 3849 5012 4094 5096">
    <p class='ocr_par' dir='ltr' id='par_1_25' title="bbox 3849 5012 4094 5096">
     <span class='ocr_line' id='line_1_93' title="bbox 3849 5012 4094 5096; baseline 0.004 -20"><span class='ocrx_word' id='word_1_612' title='bbox 3849 5012 4094 5096; x_wconf 76' lang='lat' dir='ltr'>Tiguri.</span> 
     </span>
    </p>
   </div>
   <div class='ocr_carea' id='block_1_24' title="bbox 2327 5265 4268 5441">
    <p class='ocr_par' dir='ltr' id='par_1_26' title="bbox 2327 5265 4268 5441">
     <span class='ocr_line' id='line_1_94' title="bbox 2328 5265 4268 5355; baseline 0.003 -22"><span class='ocrx_word' id='word_1_613' title='bbox 2328 5265 2513 5333; x_wconf 80' lang='lat' dir='ltr'>Scies</span> <span class='ocrx_word' id='word_1_614' title='bbox 2555 5268 2773 5334; x_wconf 91' lang='lat' dir='ltr'>libello</span> <span class='ocrx_word' id='word_1_615' title='bbox 2819 5270 2899 5333; x_wconf 92' lang='lat' dir='ltr'>D.</span> <span class='ocrx_word' id='word_1_616' title='bbox 2944 5267 3192 5336; x_wconf 77' lang='lat' dir='ltr'>Calvim‘</span> <span class='ocrx_word' id='word_1_617' title='bbox 3233 5269 3313 5333; x_wconf 92' lang='lat' dir='ltr'>de</span> <span class='ocrx_word' id='word_1_618' title='bbox 3356 5290 3427 5334; x_wconf 91' lang='lat' dir='ltr'>re</span> <span class='ocrx_word' id='word_1_619' title='bbox 3462 5267 3892 5335; x_wconf 87' lang='lat' dir='ltr'>eucharistica</span> <span class='ocrx_word' id='word_1_620' title='bbox 3943 5292 4019 5336; x_wconf 90' lang='lat' dir='ltr'>eo</span> <span class='ocrx_word' id='word_1_621' title='bbox 4062 5293 4268 5355; x_wconf 75' lang='lat' dir='ltr'>usque</span> 
     </span>
     <span class='ocr_line' id='line_1_95' title="bbox 2327 5352 4266 5441; baseline 0.004 -25"><span class='ocrx_word' id='word_1_622' title='bbox 2327 5352 2618 5419; x_wconf 86' lang='lat' dir='ltr'>irritatos</span> <span class='ocrx_word' id='word_1_623' title='bbox 2652 5354 2850 5419; x_wconf 74' lang='lat' dir='ltr'>fiiisse</span> <span class='ocrx_word' id='word_1_624' title='bbox 2872 5353 3302 5432; x_wconf 75' lang='lat' dir='ltr'>adversarios,</span> <span class='ocrx_word' id='word_1_625' title='bbox 3339 5365 3413 5419; x_wconf 91' lang='lat' dir='ltr'>ut</span> <span class='ocrx_word' id='word_1_626' title='bbox 3436 5356 3803 5437; x_wconf 84' lang='lat' dir='ltr'>pertinaces</span> <span class='ocrx_word' id='word_1_627' title='bbox 3844 5377 3976 5421; x_wconf 92' lang='lat' dir='ltr'>non</span> <span class='ocrx_word' id='word_1_628' title='bbox 4021 5357 4266 5441; x_wconf 90' lang='lat' dir='ltr'>pudue-</span> 
     </span>
    </p>
   </div>
  </div>
 </body>
</html>
