<?xml version="1.0" encoding="UTF-8"?>
<!DOCTYPE html PUBLIC "-//W3C//DTD XHTML 1.0 Transitional//EN"
    "http://www.w3.org/TR/xhtml1/DTD/xhtml1-transitional.dtd">
<html xmlns="http://www.w3.org/1999/xhtml" xml:lang="en" lang="en">
 <head>
  <title>
</title>
<meta http-equiv="Content-Type" content="text/html;charset=utf-8" />
  <meta name='ocr-system' content='tesseract 3.04.00' />
  <meta name='ocr-capabilities' content='ocr_page ocr_carea ocr_par ocr_line ocrx_word'/>
</head>
<body>
  <div class='ocr_page' id='page_1' title='image "./ioanniscalvinio09unkngoog_0447.png"; bbox 0 0 4850 6200; ppageno 0'>
   <div class='ocr_carea' id='block_1_1' title="bbox 15 378 51 3578">
    <p class='ocr_par' dir='ltr' id='par_1_1' title="bbox 15 378 51 3578">
     <span class='ocr_line' id='line_1_1' title="bbox 15 378 51 3578; baseline 0 0"><span class='ocrx_word' id='word_1_1' title='bbox 15 378 51 3578; x_wconf 95' lang='lat' dir='ltr'><strong> </strong></span> 
     </span>
    </p>
   </div>
   <div class='ocr_carea' id='block_1_2' title="bbox 314 454 431 517">
    <p class='ocr_par' dir='ltr' id='par_1_2' title="bbox 314 454 431 517">
     <span class='ocr_line' id='line_1_2' title="bbox 314 454 431 517; baseline -0.017 -1"><span class='ocrx_word' id='word_1_2' title='bbox 314 454 431 517; x_wconf 83' lang='lat'><strong>861</strong></span> 
     </span>
    </p>
   </div>
   <div class='ocr_carea' id='block_1_3' title="bbox 313 639 2272 985">
    <p class='ocr_par' dir='ltr' id='par_1_3' title="bbox 314 639 2270 725">
     <span class='ocr_line' id='line_1_3' title="bbox 314 639 2270 725; baseline 0.003 -32"><span class='ocrx_word' id='word_1_3' title='bbox 314 640 421 721; x_wconf 60' lang='lat'><strong>(3¹,</strong></span> <span class='ocrx_word' id='word_1_4' title='bbox 469 640 807 721; x_wconf 67' lang='lat' dir='ltr'><strong>autographo</strong></span> <span class='ocrx_word' id='word_1_5' title='bbox 843 640 981 723; x_wconf 81' lang='lat' dir='ltr'><strong>Ood.</strong></span> <span class='ocrx_word' id='word_1_6' title='bbox 1008 642 1211 698; x_wconf 84' lang='lat' dir='ltr'><strong>Genev.</strong></span> <span class='ocrx_word' id='word_1_7' title='bbox 1250 639 1395 708; x_wconf 69' lang='lat'><strong>1072,</strong></span> <span class='ocrx_word' id='word_1_8' title='bbox 1443 642 1536 696; x_wconf 83' lang='lat' dir='ltr'><strong>fol.</strong></span> <span class='ocrx_word' id='word_1_9' title='bbox 1578 640 1694 725; x_wconf 51' lang='lat'><strong>1222,</strong></span> <span class='ocrx_word' id='word_1_10' title='bbox 1731 643 1790 697; x_wconf 91' lang='lat' dir='ltr'><strong>in</strong></span> <span class='ocrx_word' id='word_1_11' title='bbox 1825 659 1935 713; x_wconf 79' lang='lat' dir='ltr'><strong>quo</strong></span> <span class='ocrx_word' id='word_1_12' title='bbox 1971 648 2157 725; x_wconf 73' lang='lat' dir='ltr'><strong>tamen</strong></span> <span class='ocrx_word' id='word_1_13' title='bbox 2189 644 2270 698; x_wconf 87' lang='lat' dir='ltr'><strong>in·</strong></span> 
     </span>
    </p>

    <p class='ocr_par' dir='ltr' id='par_1_4' title="bbox 314 711 2272 795">
     <span class='ocr_line' id='line_1_4' title="bbox 314 711 2272 795; baseline 0.003 -34"><span class='ocrx_word' id='word_1_14' title='bbox 314 716 538 791; x_wconf 42' lang='lat' dir='ltr'><strong>scrip-tio</strong></span> <span class='ocrx_word' id='word_1_15' title='bbox 579 717 645 790; x_wconf 40' lang='lat' dir='ltr'><strong>’et</strong></span> <span class='ocrx_word' id='word_1_16' title='bbox 690 711 1020 791; x_wconf 61' lang='lat' dir='ltr'><strong>subscriptio</strong></span> <span class='ocrx_word' id='word_1_17' title='bbox 1067 713 1468 793; x_wconf 40' lang='lat' dir='ltr'><strong>solae-manum</strong></span> <span class='ocrx_word' id='word_1_18' title='bbox 1503 718 1713 766; x_wconf 73' lang='lat' dir='ltr'><strong>autoris</strong></span> <span class='ocrx_word' id='word_1_19' title='bbox 1756 712 2014 778; x_wconf 82' lang='lat' dir='ltr'><strong>referunt,</strong></span> <span class='ocrx_word' id='word_1_20' title='bbox 2056 715 2272 795; x_wconf 61' lang='lat' dir='ltr'><strong>reliqua</strong></span> 
     </span>
    </p>

    <p class='ocr_par' dir='ltr' id='par_1_5' title="bbox 313 777 2270 985">
     <span class='ocr_line' id='line_1_5' title="bbox 313 777 2270 985; baseline 0.003 -86"><span class='ocrx_word' id='word_1_21' title='bbox 313 777 1475 975; x_wconf 51' lang='lat' dir='ltr'><strong>{tsszfflffaffn‘zffizmsszpssssf?⁹?¹}0÷82</strong></span> <span class='ocrx_word' id='word_1_22' title='bbox 1497 781 1662 985; x_wconf 49' lang='lat'><strong>{5332</strong></span> <span class='ocrx_word' id='word_1_23' title='bbox 1687 780 1967 920; x_wconf 51' lang='lat' dir='ltr'><strong>tituta.</strong></span> <span class='ocrx_word' id='word_1_24' title='bbox 1996 781 2098 904; x_wconf 62' lang='lat'><strong>{⁹22</strong></span> <span class='ocrx_word' id='word_1_25' title='bbox 2132 783 2270 906; x_wconf 60' lang='grc' dir='ltr'><strong>ὲῖἓῗ</strong></span> 
     </span>
     <span class='ocr_line' id='line_1_6' title="bbox 1088 934 1489 973; baseline 0 -2"><span class='ocrx_word' id='word_1_26' title='bbox 1088 934 1214 972; x_wconf 85' lang='lat' dir='ltr'><strong>erus</strong></span> <span class='ocrx_word' id='word_1_27' title='bbox 1295 935 1366 973; x_wconf 91' lang='lat' dir='ltr'><strong>o.</strong></span> <span class='ocrx_word' id='word_1_28' title='bbox 1479 961 1489 971; x_wconf 93' lang='lat'><strong>.</strong></span> 
     </span>
    </p>
   </div>
   <div class='ocr_carea' id='block_1_4' title="bbox 309 1087 2270 1347">
    <p class='ocr_par' dir='ltr' id='par_1_6' title="bbox 309 1087 2270 1347">
     <span class='ocr_line' id='line_1_7' title="bbox 311 1087 2270 1158; baseline 0.001 -1"><span class='ocrx_word' id='word_1_29' title='bbox 311 1087 890 1157; x_wconf 81' lang='lat' dir='ltr'><strong>Praestantissimo</strong></span> <span class='ocrx_word' id='word_1_30' title='bbox 967 1088 1221 1155; x_wconf 79' lang='lat' dir='ltr'>Christi</span> <span class='ocrx_word' id='word_1_31' title='bbox 1300 1111 1492 1156; x_wconf 83' lang='lat' dir='ltr'><strong>servo</strong></span> <span class='ocrx_word' id='word_1_32' title='bbox 1577 1090 1937 1157; x_wconf 84' lang='lat' dir='ltr'><strong>Guillelmo</strong></span> <span class='ocrx_word' id='word_1_33' title='bbox 2003 1092 2270 1158; x_wconf 85' lang='lat' dir='ltr'><strong>Farello</strong></span> 
     </span>
     <span class='ocr_line' id='line_1_8' title="bbox 309 1173 2268 1276; baseline 0.002 -37"><span class='ocrx_word' id='word_1_34' title='bbox 309 1173 777 1240; x_wconf 85' lang='lat' dir='ltr'><strong>Neocomensis</strong></span> <span class='ocrx_word' id='word_1_35' title='bbox 840 1174 1150 1241; x_wconf 89' lang='lat' dir='ltr'><strong>ecclesiae</strong></span> <span class='ocrx_word' id='word_1_36' title='bbox 1206 1175 1338 1275; x_wconf 61' lang='lat' dir='ltr'><strong>{ido</strong></span> <span class='ocrx_word' id='word_1_37' title='bbox 1409 1178 1658 1276; x_wconf 80' lang='lat' dir='ltr'><strong>pastori</strong></span> <span class='ocrx_word' id='word_1_38' title='bbox 1719 1177 1910 1242; x_wconf 86' lang='lat' dir='ltr'><strong>fratri</strong></span> <span class='ocrx_word' id='word_1_39' title='bbox 1965 1188 2034 1242; x_wconf 91' lang='lat' dir='ltr'><strong>et</strong></span> <span class='ocrx_word' id='word_1_40' title='bbox 2091 1201 2268 1264; x_wconf 89' lang='lat' dir='ltr'><strong>sym-</strong></span> 
     </span>
     <span class='ocr_line' id='line_1_9' title="bbox 913 1272 1656 1347; baseline 0.003 -22"><span class='ocrx_word' id='word_1_41' title='bbox 913 1272 1170 1345; x_wconf 88' lang='lat' dir='ltr'><strong>mystae</strong></span> <span class='ocrx_word' id='word_1_42' title='bbox 1213 1274 1656 1347; x_wconf 74' lang='lat' dir='ltr'><strong>integerrimo.</strong></span> 
     </span>
    </p>
   </div>
   <div class='ocr_carea' id='block_1_5' title="bbox 481 1430 2268 1520">
    <p class='ocr_par' dir='ltr' id='par_1_7' title="bbox 481 1430 2268 1520">
     <span class='ocr_line' id='line_1_10' title="bbox 481 1430 2268 1520; baseline 0.004 -24"><span class='ocrx_word' id='word_1_43' title='bbox 481 1430 553 1496; x_wconf 78' lang='lat' dir='ltr'><strong>S.</strong></span> <span class='ocrx_word' id='word_1_44' title='bbox 622 1431 799 1513; x_wconf 83' lang='lat' dir='ltr'><strong>Quid</strong></span> <span class='ocrx_word' id='word_1_45' title='bbox 843 1454 1061 1517; x_wconf 81' lang='lat' dir='ltr'><strong>nuper</strong></span> <span class='ocrx_word' id='word_1_46' title='bbox 1124 1452 1165 1498; x_wconf 90' lang='lat' dir='ltr'><strong>a</strong></span> <span class='ocrx_word' id='word_1_47' title='bbox 1221 1454 1329 1499; x_wconf 91' lang='lat' dir='ltr'><strong>me</strong></span> <span class='ocrx_word' id='word_1_48' title='bbox 1373 1435 1807 1518; x_wconf 77' lang='lat' dir='ltr'>postulaverit</span> <span class='ocrx_word' id='word_1_49' title='bbox 1849 1434 2268 1520; x_wconf 72' lang='lat' dir='ltr'><strong>Buzzinqerus</strong></span> 
     </span>
    </p>
   </div>
   <div class='ocr_carea' id='block_1_6' title="bbox 2008 453 2633 525">
    <p class='ocr_par' dir='ltr' id='par_1_8' title="bbox 2008 453 2633 525">
     <span class='ocr_line' id='line_1_11' title="bbox 2008 453 2633 525; baseline 0.003 -4"><span class='ocrx_word' id='word_1_50' title='bbox 2008 460 2172 521; x_wconf 85' lang='grc'><strong>1555</strong></span> <span class='ocrx_word' id='word_1_51' title='bbox 2215 453 2633 525; x_wconf 70' lang='lat' dir='ltr'><strong>NOVEMB.</strong></span> 
     </span>
    </p>
   </div>
   <div class='ocr_carea' id='block_1_7' title="bbox 2315 658 2327 1551">
    <p class='ocr_par' dir='ltr' id='par_1_9' title="bbox 2315 658 2327 1551">
     <span class='ocr_line' id='line_1_12' title="bbox 2315 658 2327 1551; baseline 0 0"><span class='ocrx_word' id='word_1_52' title='bbox 2315 658 2327 1551; x_wconf 95' lang='lat' dir='ltr'><strong> </strong></span> 
     </span>
    </p>
   </div>
   <div class='ocr_carea' id='block_1_8' title="bbox 4207 466 4332 530">
    <p class='ocr_par' dir='ltr' id='par_1_10' title="bbox 4207 466 4332 530">
     <span class='ocr_line' id='line_1_13' title="bbox 4207 466 4332 530; baseline 0 -1"><span class='ocrx_word' id='word_1_53' title='bbox 4207 466 4332 530; x_wconf 82' lang='lat'><strong>862</strong></span> 
     </span>
    </p>
   </div>
   <div class='ocr_carea' id='block_1_9' title="bbox 2371 643 4332 1505">
    <p class='ocr_par' dir='ltr' id='par_1_11' title="bbox 2371 643 4332 1505">
     <span class='ocr_line' id='line_1_14' title="bbox 2375 643 4331 732; baseline 0.004 -22"><span class='ocrx_word' id='word_1_54' title='bbox 2375 643 2765 712; x_wconf 63' lang='lat' dir='ltr'><strong>Humbenus</strong></span> <span class='ocrx_word' id='word_1_55' title='bbox 2787 651 2845 722; x_wconf 90' lang='lat'><strong>⁴)</strong></span> <span class='ocrx_word' id='word_1_56' title='bbox 2868 654 3093 712; x_wconf 89' lang='lat' dir='ltr'><strong>noster</strong></span> <span class='ocrx_word' id='word_1_57' title='bbox 3126 647 3404 731; x_wconf 81' lang='lat' dir='ltr'><strong>appulit,</strong></span> <span class='ocrx_word' id='word_1_58' title='bbox 3439 650 3655 715; x_wconf 89' lang='lat' dir='ltr'><strong>serius</strong></span> <span class='ocrx_word' id='word_1_59' title='bbox 3690 670 3888 732; x_wconf 88' lang='lat' dir='ltr'><strong>quam</strong></span> <span class='ocrx_word' id='word_1_60' title='bbox 3923 650 4183 728; x_wconf 88' lang='lat' dir='ltr'><strong>vellem,</strong></span> <span class='ocrx_word' id='word_1_61' title='bbox 4225 671 4331 718; x_wconf 85' lang='lat' dir='ltr'><strong>sa-</strong></span> 
     </span>
     <span class='ocr_line' id='line_1_15' title="bbox 2373 732 4331 818; baseline 0.003 -23"><span class='ocrx_word' id='word_1_62' title='bbox 2373 732 2461 796; x_wconf 89' lang='lat' dir='ltr'><strong>tis</strong></span> <span class='ocrx_word' id='word_1_63' title='bbox 2496 741 2720 796; x_wconf 89' lang='lat' dir='ltr'><strong>tamen</strong></span> <span class='ocrx_word' id='word_1_64' title='bbox 2745 741 3127 818; x_wconf 78' lang='lat' dir='ltr'><strong>opportune,</strong></span> <span class='ocrx_word' id='word_1_65' title='bbox 3164 734 3357 800; x_wconf 90' lang='lat' dir='ltr'><strong>modo</strong></span> <span class='ocrx_word' id='word_1_66' title='bbox 3392 756 3581 801; x_wconf 89' lang='lat' dir='ltr'><strong>suam</strong></span> <span class='ocrx_word' id='word_1_67' title='bbox 3617 736 4083 818; x_wconf 85' lang='lat' dir='ltr'><strong>profectionem</strong></span> <span class='ocrx_word' id='word_1_68' title='bbox 4121 736 4331 804; x_wconf 89' lang='lat' dir='ltr'><strong>absol-</strong></span> 
     </span>
     <span class='ocr_line' id='line_1_16' title="bbox 2372 817 4332 905; baseline 0.003 -22"><span class='ocrx_word' id='word_1_69' title='bbox 2372 824 2504 883; x_wconf 82' lang='lat' dir='ltr'><strong>vat</strong></span> <span class='ocrx_word' id='word_1_70' title='bbox 2579 818 2755 882; x_wconf 90' lang='lat' dir='ltr'><strong>Nam</strong></span> <span class='ocrx_word' id='word_1_71' title='bbox 2798 828 2872 883; x_wconf 92' lang='lat' dir='ltr'><strong>ut</strong></span> <span class='ocrx_word' id='word_1_72' title='bbox 2907 817 2993 882; x_wconf 88' lang='lat' dir='ltr'><strong>ad</strong></span> <span class='ocrx_word' id='word_1_73' title='bbox 3030 841 3146 886; x_wconf 80' lang='lat' dir='ltr'><strong>vos</strong></span> <span class='ocrx_word' id='word_1_74' title='bbox 3196 818 3422 885; x_wconf 87' lang='lat' dir='ltr'><strong>redeat</strong></span> <span class='ocrx_word' id='word_1_75' title='bbox 3465 820 3611 886; x_wconf 89' lang='lat' dir='ltr'><strong>fieri</strong></span> <span class='ocrx_word' id='word_1_76' title='bbox 3645 820 3982 888; x_wconf 91' lang='lat' dir='ltr'><strong>commode</strong></span> <span class='ocrx_word' id='word_1_77' title='bbox 4016 843 4151 888; x_wconf 91' lang='lat' dir='ltr'><strong>non</strong></span> <span class='ocrx_word' id='word_1_78' title='bbox 4183 830 4332 905; x_wconf 88' lang='lat' dir='ltr'><strong>pot-</strong></span> 
     </span>
     <span class='ocr_line' id='line_1_17' title="bbox 2373 903 4326 990; baseline 0.004 -24"><span class='ocrx_word' id='word_1_79' title='bbox 2373 911 2503 982; x_wconf 90' lang='lat' dir='ltr'><strong>est,</strong></span> <span class='ocrx_word' id='word_1_80' title='bbox 2560 903 2823 987; x_wconf 90' lang='lat' dir='ltr'><strong>iamque</strong></span> <span class='ocrx_word' id='word_1_81' title='bbox 2879 903 3270 971; x_wconf 84' lang='lat' dir='ltr'><strong>denunciavi</strong></span> <span class='ocrx_word' id='word_1_82' title='bbox 3318 927 3425 971; x_wconf 89' lang='lat' dir='ltr'><strong>me</strong></span> <span class='ocrx_word' id='word_1_83' title='bbox 3479 928 3614 972; x_wconf 91' lang='lat' dir='ltr'><strong>non</strong></span> <span class='ocrx_word' id='word_1_84' title='bbox 3685 927 4051 990; x_wconf 89' lang='lat' dir='ltr'><strong>passurum.</strong></span> <span class='ocrx_word' id='word_1_85' title='bbox 4134 908 4326 986; x_wconf 86' lang='lat' dir='ltr'><strong>Vale,</strong></span> 
     </span>
     <span class='ocr_line' id='line_1_18' title="bbox 2372 989 4329 1074; baseline 0.004 -22"><span class='ocrx_word' id='word_1_86' title='bbox 2372 989 2620 1072; x_wconf 87' lang='lat' dir='ltr'><strong>optime</strong></span> <span class='ocrx_word' id='word_1_87' title='bbox 2654 998 2722 1054; x_wconf 91' lang='lat' dir='ltr'><strong>et</strong></span> <span class='ocrx_word' id='word_1_88' title='bbox 2756 990 3179 1074; x_wconf 87' lang='lat' dir='ltr'><strong>integerrime</strong></span> <span class='ocrx_word' id='word_1_89' title='bbox 3212 992 3434 1057; x_wconf 85' lang='lat' dir='ltr'><strong>frater.</strong></span> <span class='ocrx_word' id='word_1_90' title='bbox 3489 991 3820 1059; x_wconf 90' lang='lat' dir='ltr'><strong>Dominus</strong></span> <span class='ocrx_word' id='word_1_91' title='bbox 3856 1002 3924 1059; x_wconf 89' lang='lat' dir='ltr'><strong>te</strong></span> <span class='ocrx_word' id='word_1_92' title='bbox 3960 993 4071 1058; x_wconf 91' lang='lat' dir='ltr'><strong>diu</strong></span> <span class='ocrx_word' id='word_1_93' title='bbox 4109 1002 4329 1060; x_wconf 82' lang='lat' dir='ltr'><strong>servet</strong></span> 
     </span>
     <span class='ocr_line' id='line_1_19' title="bbox 2371 1074 4330 1164; baseline 0.003 -25"><span class='ocrx_word' id='word_1_94' title='bbox 2371 1074 2768 1140; x_wconf 91' lang='lat' dir='ltr'><strong>incolumem</strong></span> <span class='ocrx_word' id='word_1_95' title='bbox 2826 1078 3187 1160; x_wconf 79' lang='lat' dir='ltr'><strong>spirituque</strong></span> <span class='ocrx_word' id='word_1_96' title='bbox 3245 1099 3363 1143; x_wconf 92' lang='lat' dir='ltr'><strong>suo</strong></span> <span class='ocrx_word' id='word_1_97' title='bbox 3407 1098 3636 1161; x_wconf 86' lang='lat' dir='ltr'><strong>regere</strong></span> <span class='ocrx_word' id='word_1_98' title='bbox 3696 1087 3943 1164; x_wconf 81' lang='lat' dir='ltr'><strong>pergat.</strong></span> <span class='ocrx_word' id='word_1_99' title='bbox 4020 1078 4330 1145; x_wconf 79' lang='lat' dir='ltr'><strong>Salutant</strong></span> 
     </span>
     <span class='ocr_line' id='line_1_20' title="bbox 2374 1163 4327 1249; baseline 0.003 -24"><span class='ocrx_word' id='word_1_100' title='bbox 2374 1168 2439 1225; x_wconf 91' lang='lat' dir='ltr'><strong>te</strong></span> <span class='ocrx_word' id='word_1_101' title='bbox 2487 1170 2895 1246; x_wconf 77' lang='lat' dir='ltr'><strong>symmystae</strong></span> <span class='ocrx_word' id='word_1_102' title='bbox 2939 1163 3069 1227; x_wconf 91' lang='lat' dir='ltr'><strong>mei</strong></span> <span class='ocrx_word' id='word_1_103' title='bbox 3115 1173 3182 1227; x_wconf 89' lang='lat' dir='ltr'><strong>et</strong></span> <span class='ocrx_word' id='word_1_104' title='bbox 3214 1164 3406 1231; x_wconf 88' lang='lat' dir='ltr'><strong>amici</strong></span> <span class='ocrx_word' id='word_1_105' title='bbox 3462 1165 3846 1248; x_wconf 79' lang='lat' dir='ltr'><strong>complures,</strong></span> <span class='ocrx_word' id='word_1_106' title='bbox 3895 1186 4172 1249; x_wconf 89' lang='lat' dir='ltr'><strong>quorum</strong></span> <span class='ocrx_word' id='word_1_107' title='bbox 4207 1187 4327 1231; x_wconf 88' lang='lat' dir='ltr'><strong>no-</strong></span> 
     </span>
     <span class='ocr_line' id='line_1_21' title="bbox 2373 1246 4323 1336; baseline 0.004 -26"><span class='ocrx_word' id='word_1_108' title='bbox 2373 1246 2660 1313; x_wconf 87' lang='lat' dir='ltr'><strong>minibus</strong></span> <span class='ocrx_word' id='word_1_109' title='bbox 2710 1247 3123 1332; x_wconf 89' lang='lat' dir='ltr'><strong>supersede0‚</strong></span> <span class='ocrx_word' id='word_1_110' title='bbox 3176 1271 3260 1315; x_wconf 93' lang='lat' dir='ltr'><strong>ne</strong></span> <span class='ocrx_word' id='word_1_111' title='bbox 3307 1249 3641 1334; x_wconf 85' lang='lat' dir='ltr'><strong>implenda</strong></span> <span class='ocrx_word' id='word_1_112' title='bbox 3689 1252 3777 1316; x_wconf 92' lang='lat' dir='ltr'><strong>sit</strong></span> <span class='ocrx_word' id='word_1_113' title='bbox 3818 1251 4027 1316; x_wconf 88' lang='lat' dir='ltr'><strong>altera</strong></span> <span class='ocrx_word' id='word_1_114' title='bbox 4062 1253 4323 1336; x_wconf 80' lang='lat' dir='ltr'><strong>pagina.</strong></span> 
     </span>
     <span class='ocr_line' id='line_1_22' title="bbox 2372 1332 4325 1422; baseline 0.003 -26"><span class='ocrx_word' id='word_1_115' title='bbox 2372 1332 2473 1397; x_wconf 76' lang='lat' dir='ltr'><strong>&#39;ru</strong></span> <span class='ocrx_word' id='word_1_116' title='bbox 2510 1354 2767 1416; x_wconf 91' lang='lat' dir='ltr'><strong>quoque</strong></span> <span class='ocrx_word' id='word_1_117' title='bbox 2802 1334 2952 1400; x_wconf 88' lang='lat' dir='ltr'><strong>istic</strong></span> <span class='ocrx_word' id='word_1_118' title='bbox 2973 1335 3327 1417; x_wconf 81' lang='lat' dir='ltr'><strong>plurimam</strong></span> <span class='ocrx_word' id='word_1_119' title='bbox 3351 1335 3629 1401; x_wconf 90' lang='lat' dir='ltr'><strong>salutem</strong></span> <span class='ocrx_word' id='word_1_120' title='bbox 3665 1335 3861 1417; x_wconf 80' lang='lat' dir='ltr'><strong>dices,</strong></span> <span class='ocrx_word' id='word_1_121' title='bbox 3897 1347 3964 1403; x_wconf 90' lang='lat' dir='ltr'><strong>et</strong></span> <span class='ocrx_word' id='word_1_122' title='bbox 3998 1339 4325 1422; x_wconf 84' lang='lat' dir='ltr'><strong>praefecto</strong></span> 
     </span>
     <span class='ocr_line' id='line_1_23' title="bbox 2371 1419 4321 1505; baseline 0.004 -22"><span class='ocrx_word' id='word_1_123' title='bbox 2371 1426 2438 1483; x_wconf 90' lang='lat' dir='ltr'><strong>et</strong></span> <span class='ocrx_word' id='word_1_124' title='bbox 2482 1419 2941 1486; x_wconf 81' lang='lat' dir='ltr'><strong>decurionibus</strong></span> <span class='ocrx_word' id='word_1_125' title='bbox 2976 1431 3043 1485; x_wconf 92' lang='lat' dir='ltr'><strong>et</strong></span> <span class='ocrx_word' id='word_1_126' title='bbox 3077 1423 3478 1505; x_wconf 79' lang='lat' dir='ltr'><strong>symmystis.</strong></span> <span class='ocrx_word' id='word_1_127' title='bbox 3550 1421 3804 1488; x_wconf 77' lang='lat' dir='ltr'><strong>Iterum</strong></span> <span class='ocrx_word' id='word_1_128' title='bbox 3854 1424 4019 1490; x_wconf 85' lang='lat' dir='ltr'><strong>vale.</strong></span> <span class='ocrx_word' id='word_1_129' title='bbox 4101 1424 4321 1491; x_wconf 81' lang='lat' dir='ltr'><strong>Gene-</strong></span> 
     </span>
    </p>
   </div>
   <div class='ocr_carea' id='block_1_10' title="bbox 309 1504 3476 1604">
    <p class='ocr_par' dir='ltr' id='par_1_12' title="bbox 309 1504 3476 1604">
     <span class='ocr_line' id='line_1_24' title="bbox 309 1504 3476 1604; baseline 0.001 -23"><span class='ocrx_word' id='word_1_130' title='bbox 309 1538 392 1582; x_wconf 80' lang='lat' dir='ltr'><strong>ex</strong></span> <span class='ocrx_word' id='word_1_131' title='bbox 429 1518 573 1582; x_wconf 89' lang='lat' dir='ltr'><strong>eius</strong></span> <span class='ocrx_word' id='word_1_132' title='bbox 611 1518 820 1583; x_wconf 89' lang='lat' dir='ltr'><strong>literis</strong></span> <span class='ocrx_word' id='word_1_133' title='bbox 847 1522 897 1598; x_wconf 86' lang='lat'><strong>1)</strong></span> <span class='ocrx_word' id='word_1_134' title='bbox 934 1518 1265 1603; x_wconf 85' lang='lat' dir='ltr'><strong>intelliges</strong></span> <span class='ocrx_word' id='word_1_135' title='bbox 1297 1542 1463 1604; x_wconf 89' lang='lat' dir='ltr'><strong>quas</strong></span> <span class='ocrx_word' id='word_1_136' title='bbox 1500 1522 1580 1586; x_wconf 91' lang='lat' dir='ltr'><strong>ad</strong></span> <span class='ocrx_word' id='word_1_137' title='bbox 1621 1532 1685 1586; x_wconf 91' lang='lat' dir='ltr'><strong>te</strong></span> <span class='ocrx_word' id='word_1_138' title='bbox 1721 1523 1929 1587; x_wconf 87' lang='lat' dir='ltr'><strong>mitte.</strong></span> <span class='ocrx_word' id='word_1_139' title='bbox 1988 1522 2266 1588; x_wconf 88' lang='lat' dir='ltr'><strong>Videbis</strong></span> <span class='ocrx_word' id='word_1_140' title='bbox 2312 1562 2321 1599; x_wconf 67' lang='lat'>1</span> <span class='ocrx_word' id='word_1_141' title='bbox 2369 1525 2492 1570; x_wconf 64' lang='lat' dir='ltr'><strong>vae</strong></span> <span class='ocrx_word' id='word_1_142' title='bbox 2537 1509 2594 1571; x_wconf 84' lang='grc'><strong>9·</strong></span> <span class='ocrx_word' id='word_1_143' title='bbox 2635 1504 2904 1571; x_wconf 67' lang='lat' dir='ltr'><strong>Calend-</strong></span> <span class='ocrx_word' id='word_1_144' title='bbox 2943 1506 3250 1573; x_wconf 61' lang='lat' dir='ltr'><strong>Dssssemb·</strong></span> <span class='ocrx_word' id='word_1_145' title='bbox 3294 1512 3476 1573; x_wconf 78' lang='lat' dir='ltr'><strong>l555·</strong></span> 
     </span>
    </p>
   </div>
   <div class='ocr_carea' id='block_1_11' title="bbox 307 1603 2319 1720">
    <p class='ocr_par' dir='ltr' id='par_1_13' title="bbox 307 1603 2319 1720">
     <span class='ocr_line' id='line_1_25' title="bbox 307 1603 2319 1720; baseline 0.002 -51"><span class='ocrx_word' id='word_1_146' title='bbox 307 1605 504 1669; x_wconf 88' lang='lat' dir='ltr'><strong>etiam</strong></span> <span class='ocrx_word' id='word_1_147' title='bbox 563 1604 720 1686; x_wconf 91' lang='lat' dir='ltr'><strong>quid</strong></span> <span class='ocrx_word' id='word_1_148' title='bbox 776 1603 858 1669; x_wconf 89' lang='lat' dir='ltr'><strong>ad</strong></span> <span class='ocrx_word' id='word_1_149' title='bbox 909 1615 1107 1688; x_wconf 90' lang='lat' dir='ltr'><strong>caput</strong></span> <span class='ocrx_word' id='word_1_150' title='bbox 1151 1605 1314 1672; x_wconf 91' lang='lat' dir='ltr'><strong>illud</strong></span> <span class='ocrx_word' id='word_1_151' title='bbox 1357 1607 1806 1691; x_wconf 85' lang='lat' dir='ltr'><strong>respondeam,</strong></span> <span class='ocrx_word' id='word_1_152' title='bbox 1850 1607 1960 1673; x_wconf 92' lang='lat' dir='ltr'><strong>ubi</strong></span> <span class='ocrx_word' id='word_1_153' title='bbox 2005 1609 2262 1693; x_wconf 87' lang='lat' dir='ltr'><strong>pericu-</strong></span> <span class='ocrx_word' id='word_1_154' title='bbox 2310 1612 2319 1720; x_wconf 56' lang='grc' dir='ltr'>Ι</span> 
     </span>
    </p>
   </div>
   <div class='ocr_carea' id='block_1_12' title="bbox 283 1689 2263 4792">
    <p class='ocr_par' dir='ltr' id='par_1_14' title="bbox 291 1689 2263 2786">
     <span class='ocr_line' id='line_1_26' title="bbox 304 1689 2263 1775; baseline 0.004 -22"><span class='ocrx_word' id='word_1_155' title='bbox 304 1689 443 1753; x_wconf 92' lang='lat' dir='ltr'><strong>lum</strong></span> <span class='ocrx_word' id='word_1_156' title='bbox 468 1712 612 1754; x_wconf 89' lang='lat' dir='ltr'><strong>esse</strong></span> <span class='ocrx_word' id='word_1_157' title='bbox 632 1690 941 1755; x_wconf 85' lang='lat' dir='ltr'><strong>admonet</strong></span> <span class='ocrx_word' id='word_1_158' title='bbox 983 1693 1039 1757; x_wconf 91' lang='lat' dir='ltr'><strong>si</strong></span> <span class='ocrx_word' id='word_1_159' title='bbox 1084 1714 1247 1775; x_wconf 89' lang='lat' dir='ltr'><strong>quae</strong></span> <span class='ocrx_word' id='word_1_160' title='bbox 1270 1692 1882 1775; x_wconf 87' lang='lat' dir='ltr'><strong>praedestinationis</strong></span> <span class='ocrx_word' id='word_1_161' title='bbox 1916 1696 2034 1760; x_wconf 90' lang='lat' dir='ltr'><strong>fiat</strong></span> <span class='ocrx_word' id='word_1_162' title='bbox 2075 1715 2263 1760; x_wconf 91' lang='lat' dir='ltr'><strong>men-</strong></span> 
     </span>
     <span class='ocr_line' id='line_1_27' title="bbox 304 1774 2260 1864; baseline 0.004 -24"><span class='ocrx_word' id='word_1_163' title='bbox 304 1777 416 1841; x_wconf 89' lang='lat' dir='ltr'><strong>tio.</strong></span> <span class='ocrx_word' id='word_1_164' title='bbox 517 1774 710 1857; x_wconf 81' lang='lat' dir='ltr'><strong>Quod</strong></span> <span class='ocrx_word' id='word_1_165' title='bbox 788 1775 870 1840; x_wconf 91' lang='lat' dir='ltr'><strong>de</strong></span> <span class='ocrx_word' id='word_1_166' title='bbox 934 1788 1264 1843; x_wconf 88' lang='lat' dir='ltr'><strong>conventu</strong></span> <span class='ocrx_word' id='word_1_167' title='bbox 1344 1780 1510 1844; x_wconf 90' lang='lat' dir='ltr'><strong>nihil</strong></span> <span class='ocrx_word' id='word_1_168' title='bbox 1597 1779 1982 1846; x_wconf 89' lang='lat' dir='ltr'><strong>tentandum</strong></span> <span class='ocrx_word' id='word_1_169' title='bbox 2050 1790 2260 1864; x_wconf 82' lang='lat' dir='ltr'><strong>putat.</strong></span> 
     </span>
     <span class='ocr_line' id='line_1_28' title="bbox 303 1862 2260 1948; baseline 0.003 -22"><span class='ocrx_word' id='word_1_170' title='bbox 303 1862 470 1926; x_wconf 80' lang='lat' dir='ltr'><strong>mihi</strong></span> <span class='ocrx_word' id='word_1_171' title='bbox 539 1884 750 1946; x_wconf 91' lang='lat' dir='ltr'><strong>neque</strong></span> <span class='ocrx_word' id='word_1_172' title='bbox 799 1885 1044 1928; x_wconf 83' lang='lat' dir='ltr'><strong>novum</strong></span> <span class='ocrx_word' id='word_1_173' title='bbox 1104 1874 1205 1929; x_wconf 90' lang='lat' dir='ltr'><strong>est</strong></span> <span class='ocrx_word' id='word_1_174' title='bbox 1256 1885 1473 1948; x_wconf 89' lang='lat' dir='ltr'><strong>neque</strong></span> <span class='ocrx_word' id='word_1_175' title='bbox 1535 1867 1796 1930; x_wconf 89' lang='lat' dir='ltr'><strong>mirum.</strong></span> <span class='ocrx_word' id='word_1_176' title='bbox 1907 1867 2056 1932; x_wconf 90' lang='lat' dir='ltr'><strong>Hoc</strong></span> <span class='ocrx_word' id='word_1_177' title='bbox 2125 1868 2260 1932; x_wconf 90' lang='lat' dir='ltr'><strong>iam</strong></span> 
     </span>
     <span class='ocr_line' id='line_1_29' title="bbox 304 1948 2256 2035; baseline 0.004 -24"><span class='ocrx_word' id='word_1_178' title='bbox 304 1948 472 2012; x_wconf 89' lang='lat' dir='ltr'><strong>mihi</strong></span> <span class='ocrx_word' id='word_1_179' title='bbox 554 1970 936 2031; x_wconf 89' lang='lat' dir='ltr'><strong>responsum</strong></span> <span class='ocrx_word' id='word_1_180' title='bbox 1030 1952 1350 2015; x_wconf 81' lang='lat' dir='ltr'><strong>finxeram</strong></span> <span class='ocrx_word' id='word_1_181' title='bbox 1434 1954 1816 2035; x_wconf 88' lang='lat' dir='ltr'><strong>priusquam</strong></span> <span class='ocrx_word' id='word_1_182' title='bbox 1882 1953 2256 2020; x_wconf 75' lang='lat' dir='ltr'><strong>scriberem.</strong></span> 
     </span>
     <span class='ocr_line' id='line_1_30' title="bbox 303 2032 2260 2121; baseline 0.003 -23"><span class='ocrx_word' id='word_1_183' title='bbox 303 2032 523 2099; x_wconf 82' lang='lat' dir='ltr'><strong>Simul</strong></span> <span class='ocrx_word' id='word_1_184' title='bbox 574 2048 791 2099; x_wconf 83' lang='lat' dir='ltr'><strong>tamen</strong></span> <span class='ocrx_word' id='word_1_185' title='bbox 862 2035 1110 2101; x_wconf 86' lang='lat' dir='ltr'><strong>videbis</strong></span> <span class='ocrx_word' id='word_1_186' title='bbox 1171 2058 1369 2120; x_wconf 89' lang='lat' dir='ltr'><strong>quam</strong></span> <span class='ocrx_word' id='word_1_187' title='bbox 1433 2036 1671 2121; x_wconf 77' lang='lat' dir='ltr'><strong>frigide</strong></span> <span class='ocrx_word' id='word_1_188' title='bbox 1729 2058 1805 2102; x_wconf 89' lang='lat' dir='ltr'><strong>ac</strong></span> <span class='ocrx_word' id='word_1_189' title='bbox 1873 2049 2260 2104; x_wconf 85' lang='lat' dir='ltr'><strong>cunctanter</strong></span> 
     </span>
     <span class='ocr_line' id='line_1_31' title="bbox 299 2119 2253 2208; baseline 0.003 -25"><span class='ocrx_word' id='word_1_190' title='bbox 299 2142 476 2186; x_wconf 91' lang='lat' dir='ltr'><strong>nunc</strong></span> <span class='ocrx_word' id='word_1_191' title='bbox 524 2119 604 2185; x_wconf 92' lang='lat' dir='ltr'><strong>de</strong></span> <span class='ocrx_word' id='word_1_192' title='bbox 649 2143 765 2186; x_wconf 91' lang='lat' dir='ltr'><strong>suo</strong></span> <span class='ocrx_word' id='word_1_193' title='bbox 809 2130 876 2185; x_wconf 92' lang='lat' dir='ltr'><strong>et</strong></span> <span class='ocrx_word' id='word_1_194' title='bbox 919 2122 1228 2187; x_wconf 85' lang='lat' dir='ltr'><strong>eeclesiae</strong></span> <span class='ocrx_word' id='word_1_195' title='bbox 1250 2124 1610 2207; x_wconf 80' lang='lat' dir='ltr'><strong>Tigurinae</strong></span> <span class='ocrx_word' id='word_1_196' title='bbox 1655 2125 2030 2208; x_wconf 88' lang='lat' dir='ltr'><strong>patrocini0,</strong></span> <span class='ocrx_word' id='word_1_197' title='bbox 2077 2124 2253 2207; x_wconf 92' lang='lat' dir='ltr'><strong>quod</strong></span> 
     </span>
     <span class='ocr_line' id='line_1_32' title="bbox 298 2206 2250 2293; baseline 0.003 -24"><span class='ocrx_word' id='word_1_198' title='bbox 298 2206 487 2270; x_wconf 89' lang='lat' dir='ltr'><strong>initio</strong></span> <span class='ocrx_word' id='word_1_199' title='bbox 533 2207 679 2289; x_wconf 85' lang='lat' dir='ltr'><strong>plus</strong></span> <span class='ocrx_word' id='word_1_200' title='bbox 724 2228 920 2290; x_wconf 88' lang='lat' dir='ltr'><strong>quam</strong></span> <span class='ocrx_word' id='word_1_201' title='bbox 964 2208 1324 2273; x_wconf 85' lang='lat' dir='ltr'><strong>liberaliter</strong></span> <span class='ocrx_word' id='word_1_202' title='bbox 1368 2210 1813 2292; x_wconf 88' lang='lat' dir='ltr'><strong>pollicebatur,</strong></span> <span class='ocrx_word' id='word_1_203' title='bbox 1858 2231 2040 2293; x_wconf 90' lang='lat' dir='ltr'><strong>spem</strong></span> <span class='ocrx_word' id='word_1_204' title='bbox 2087 2212 2250 2276; x_wconf 92' lang='lat' dir='ltr'><strong>mihi</strong></span> 
     </span>
     <span class='ocr_line' id='line_1_33' title="bbox 297 2292 2252 2377; baseline 0.003 -21"><span class='ocrx_word' id='word_1_205' title='bbox 297 2292 512 2358; x_wconf 87' lang='lat' dir='ltr'><strong>faciat.</strong></span> <span class='ocrx_word' id='word_1_206' title='bbox 601 2294 746 2377; x_wconf 91' lang='lat' dir='ltr'><strong>Ego</strong></span> <span class='ocrx_word' id='word_1_207' title='bbox 802 2315 973 2370; x_wconf 85' lang='lat' dir='ltr'><strong>vero,</strong></span> <span class='ocrx_word' id='word_1_208' title='bbox 1034 2295 1228 2360; x_wconf 87' lang='lat' dir='ltr'><strong>sicuti</strong></span> <span class='ocrx_word' id='word_1_209' title='bbox 1287 2316 1552 2361; x_wconf 88' lang='lat' dir='ltr'><strong>causam</strong></span> <span class='ocrx_word' id='word_1_210' title='bbox 1621 2317 1749 2360; x_wconf 88' lang='lat' dir='ltr'><strong>non</strong></span> <span class='ocrx_word' id='word_1_211' title='bbox 1796 2296 1996 2361; x_wconf 88' lang='lat' dir='ltr'><strong>alieni</strong></span> <span class='ocrx_word' id='word_1_212' title='bbox 2041 2298 2252 2363; x_wconf 88' lang='lat' dir='ltr'><strong>subsi-</strong></span> 
     </span>
     <span class='ocr_line' id='line_1_34' title="bbox 297 2377 2250 2464; baseline 0.004 -24"><span class='ocrx_word' id='word_1_213' title='bbox 297 2377 387 2441; x_wconf 92' lang='lat' dir='ltr'><strong>dii</strong></span> <span class='ocrx_word' id='word_1_214' title='bbox 432 2377 670 2443; x_wconf 84' lang='lat' dir='ltr'><strong>fiducia</strong></span> <span class='ocrx_word' id='word_1_215' title='bbox 714 2384 986 2462; x_wconf 87' lang='lat' dir='ltr'><strong>suscepi,</strong></span> <span class='ocrx_word' id='word_1_216' title='bbox 1024 2381 1118 2445; x_wconf 89' lang='lat' dir='ltr'><strong>ita</strong></span> <span class='ocrx_word' id='word_1_217' title='bbox 1140 2402 1317 2445; x_wconf 90' lang='lat' dir='ltr'><strong>nune</strong></span> <span class='ocrx_word' id='word_1_218' title='bbox 1361 2383 1661 2464; x_wconf 84' lang='lat' dir='ltr'><strong>quamvis</strong></span> <span class='ocrx_word' id='word_1_219' title='bbox 1705 2402 1812 2446; x_wconf 90' lang='lat' dir='ltr'><strong>me</strong></span> <span class='ocrx_word' id='word_1_220' title='bbox 1846 2382 2081 2447; x_wconf 88' lang='lat' dir='ltr'><strong>fallant</strong></span> <span class='ocrx_word' id='word_1_221' title='bbox 2115 2403 2250 2447; x_wconf 91' lang='lat' dir='ltr'><strong>non</strong></span> 
     </span>
     <span class='ocr_line' id='line_1_35' title="bbox 297 2463 2248 2549; baseline 0.003 -22"><span class='ocrx_word' id='word_1_222' title='bbox 297 2463 639 2533; x_wconf 84' lang='lat' dir='ltr'><strong>desistam.</strong></span> <span class='ocrx_word' id='word_1_223' title='bbox 704 2464 868 2541; x_wconf 89' lang='lat' dir='ltr'><strong>Imo‚</strong></span> <span class='ocrx_word' id='word_1_224' title='bbox 915 2476 988 2530; x_wconf 92' lang='lat' dir='ltr'><strong>ut</strong></span> <span class='ocrx_word' id='word_1_225' title='bbox 1032 2488 1261 2531; x_wconf 84' lang='lat' dir='ltr'><strong>verum</strong></span> <span class='ocrx_word' id='word_1_226' title='bbox 1309 2467 1426 2531; x_wconf 90' lang='lat' dir='ltr'><strong>tibi</strong></span> <span class='ocrx_word' id='word_1_227' title='bbox 1457 2468 1682 2544; x_wconf 81' lang='lat' dir='ltr'><strong>fatear,</strong></span> <span class='ocrx_word' id='word_1_228' title='bbox 1721 2468 1875 2549; x_wconf 88' lang='lat' dir='ltr'><strong>quia</strong></span> <span class='ocrx_word' id='word_1_229' title='bbox 1917 2475 2046 2532; x_wconf 87' lang='lat' dir='ltr'><strong>iam</strong></span> <span class='ocrx_word' id='word_1_230' title='bbox 2085 2470 2248 2533; x_wconf 91' lang='lat' dir='ltr'><strong>mihi</strong></span> 
     </span>
     <span class='ocr_line' id='line_1_36' title="bbox 293 2548 2250 2634; baseline 0.004 -22"><span class='ocrx_word' id='word_1_231' title='bbox 293 2548 560 2614; x_wconf 89' lang='lat' dir='ltr'><strong>liberior</strong></span> <span class='ocrx_word' id='word_1_232' title='bbox 604 2553 851 2632; x_wconf 84' lang='lat' dir='ltr'><strong>patebit</strong></span> <span class='ocrx_word' id='word_1_233' title='bbox 894 2573 1181 2634; x_wconf 89' lang='lat' dir='ltr'><strong>campus,</strong></span> <span class='ocrx_word' id='word_1_234' title='bbox 1206 2554 1444 2618; x_wconf 90' lang='lat' dir='ltr'><strong>erescit</strong></span> <span class='ocrx_word' id='word_1_235' title='bbox 1486 2554 1685 2617; x_wconf 87' lang='lat' dir='ltr'><strong>etiam</strong></span> <span class='ocrx_word' id='word_1_236' title='bbox 1721 2552 2044 2620; x_wconf 82' lang='lat' dir='ltr'><strong>alacritas.</strong></span> <span class='ocrx_word' id='word_1_237' title='bbox 2103 2553 2250 2621; x_wconf 79' lang='lat' dir='ltr'><strong>Scis</strong></span> 
     </span>
     <span class='ocr_line' id='line_1_37' title="bbox 291 2638 2245 2785; baseline 0.004 -87"><span class='ocrx_word' id='word_1_238' title='bbox 291 2638 469 2785; x_wconf 51' lang='lat' dir='ltr'><strong>pnim</strong></span> <span class='ocrx_word' id='word_1_239' title='bbox 548 2650 863 2719; x_wconf 89' lang='lat' dir='ltr'><strong>quantum</strong></span> <span class='ocrx_word' id='word_1_240' title='bbox 944 2638 1260 2704; x_wconf 84' lang='lat' dir='ltr'><strong>hactenus</strong></span> <span class='ocrx_word' id='word_1_241' title='bbox 1338 2658 1564 2704; x_wconf 90' lang='lat' dir='ltr'><strong>eorum</strong></span> <span class='ocrx_word' id='word_1_242' title='bbox 1630 2639 1895 2704; x_wconf 88' lang='lat' dir='ltr'><strong>fastidio</strong></span> <span class='ocrx_word' id='word_1_243' title='bbox 1954 2639 2245 2705; x_wconf 89' lang='lat' dir='ltr'><strong>dandum</strong></span> 
     </span>
     <span class='ocr_line' id='line_1_38' title="bbox 322 2736 512 2786; baseline 0 0"><span class='ocrx_word' id='word_1_244' title='bbox 322 2736 512 2786; x_wconf 76' lang='lat' dir='ltr'><strong>uerit.</strong></span> 
     </span>
    </p>

    <p class='ocr_par' dir='ltr' id='par_1_15' title="bbox 283 2806 2252 4792">
     <span class='ocr_line' id='line_1_39' title="bbox 467 2806 2245 2878; baseline 0.003 -7"><span class='ocrx_word' id='word_1_245' title='bbox 467 2806 572 2871; x_wconf 92' lang='lat' dir='ltr'><strong>De</strong></span> <span class='ocrx_word' id='word_1_246' title='bbox 631 2816 808 2872; x_wconf 85' lang='lat' dir='ltr'><strong>statu</strong></span> <span class='ocrx_word' id='word_1_247' title='bbox 875 2809 1056 2875; x_wconf 90' lang='lat' dir='ltr'><strong>urbis</strong></span> <span class='ocrx_word' id='word_1_248' title='bbox 1115 2821 1374 2876; x_wconf 89' lang='lat' dir='ltr'><strong>nostrae</strong></span> <span class='ocrx_word' id='word_1_249' title='bbox 1417 2809 1584 2875; x_wconf 91' lang='lat' dir='ltr'><strong>nihil</strong></span> <span class='ocrx_word' id='word_1_250' title='bbox 1629 2822 1880 2877; x_wconf 90' lang='lat' dir='ltr'><strong>certum</strong></span> <span class='ocrx_word' id='word_1_251' title='bbox 1925 2810 2133 2878; x_wconf 89' lang='lat' dir='ltr'><strong>habeo</strong></span> <span class='ocrx_word' id='word_1_252' title='bbox 2176 2813 2245 2877; x_wconf 92' lang='lat' dir='ltr'><strong>in</strong></span> 
     </span>
     <span class='ocr_line' id='line_1_40' title="bbox 290 2894 2245 2980; baseline 0.004 -23"><span class='ocrx_word' id='word_1_253' title='bbox 290 2895 668 2975; x_wconf 86' lang='lat' dir='ltr'><strong>praesentia</strong></span> <span class='ocrx_word' id='word_1_254' title='bbox 716 2894 885 2978; x_wconf 90' lang='lat' dir='ltr'><strong>quod</strong></span> <span class='ocrx_word' id='word_1_255' title='bbox 943 2896 1242 2961; x_wconf 85' lang='lat' dir='ltr'><strong>scribam.</strong></span> <span class='ocrx_word' id='word_1_256' title='bbox 1331 2897 1560 2980; x_wconf 89' lang='lat' dir='ltr'><strong>Neque</strong></span> <span class='ocrx_word' id='word_1_257' title='bbox 1619 2899 1795 2961; x_wconf 89' lang='lat' dir='ltr'><strong>enim</strong></span> <span class='ocrx_word' id='word_1_258' title='bbox 1855 2906 2009 2962; x_wconf 90' lang='lat' dir='ltr'><strong>ante</strong></span> <span class='ocrx_word' id='word_1_259' title='bbox 2052 2899 2245 2980; x_wconf 91' lang='lat' dir='ltr'><strong>quin-</strong></span> 
     </span>
     <span class='ocr_line' id='line_1_41' title="bbox 292 2979 2244 3067; baseline 0.004 -24"><span class='ocrx_word' id='word_1_260' title='bbox 292 2979 503 3044; x_wconf 88' lang='lat' dir='ltr'><strong>decim</strong></span> <span class='ocrx_word' id='word_1_261' title='bbox 566 2979 703 3046; x_wconf 91' lang='lat' dir='ltr'><strong>dies</strong></span> <span class='ocrx_word' id='word_1_262' title='bbox 771 2981 970 3065; x_wconf 85' lang='lat' dir='ltr'><strong>legati</strong></span> <span class='ocrx_word' id='word_1_263' title='bbox 1033 2982 1116 3047; x_wconf 91' lang='lat' dir='ltr'><strong>ad</strong></span> <span class='ocrx_word' id='word_1_264' title='bbox 1181 2982 1409 3048; x_wconf 87' lang='lat' dir='ltr'><strong>foedus</strong></span> <span class='ocrx_word' id='word_1_265' title='bbox 1452 2983 1907 3048; x_wconf 83' lang='lat' dir='ltr'><strong>renovandum</strong></span> <span class='ocrx_word' id='word_1_266' title='bbox 1951 2985 2244 3067; x_wconf 89' lang='lat' dir='ltr'><strong>proficis·</strong></span> 
     </span>
     <span class='ocr_line' id='line_1_42' title="bbox 290 3067 2246 3154; baseline 0.004 -24"><span class='ocrx_word' id='word_1_267' title='bbox 290 3070 617 3140; x_wconf 81' lang='lat' dir='ltr'><strong>centur.²)</strong></span> <span class='ocrx_word' id='word_1_268' title='bbox 701 3067 887 3149; x_wconf 81' lang='lat' dir='ltr'><strong>Quae</strong></span> <span class='ocrx_word' id='word_1_269' title='bbox 931 3090 1089 3135; x_wconf 83' lang='lat' dir='ltr'><strong>vero</strong></span> <span class='ocrx_word' id='word_1_270' title='bbox 1125 3091 1302 3136; x_wconf 90' lang='lat' dir='ltr'><strong>nune</strong></span> <span class='ocrx_word' id='word_1_271' title='bbox 1344 3070 1678 3154; x_wconf 82' lang='lat' dir='ltr'><strong>agitentur</strong></span> <span class='ocrx_word' id='word_1_272' title='bbox 1721 3071 2025 3153; x_wconf 88' lang='lat' dir='ltr'><strong>exposuit</strong></span> <span class='ocrx_word' id='word_1_273' title='bbox 2070 3071 2246 3138; x_wconf 88' lang='lat' dir='ltr'><strong>haud</strong></span> 
     </span>
     <span class='ocr_line' id='line_1_43' title="bbox 289 3151 2248 3241; baseline 0.004 -25"><span class='ocrx_word' id='word_1_274' title='bbox 289 3151 488 3217; x_wconf 90' lang='lat' dir='ltr'><strong>dubie</strong></span> <span class='ocrx_word' id='word_1_275' title='bbox 536 3153 803 3219; x_wconf 73' lang='lat' dir='ltr'><strong>Roscius</strong></span> <span class='ocrx_word' id='word_1_276' title='bbox 846 3167 1085 3221; x_wconf 89' lang='lat' dir='ltr'><strong>noster.</strong></span> <span class='ocrx_word' id='word_1_277' title='bbox 1112 3159 1167 3233; x_wconf 78' lang='lat'><strong>³)</strong></span> <span class='ocrx_word' id='word_1_278' title='bbox 1245 3158 1349 3222; x_wconf 91' lang='lat' dir='ltr'><strong>De</strong></span> <span class='ocrx_word' id='word_1_279' title='bbox 1394 3157 1648 3241; x_wconf 90' lang='lat' dir='ltr'><strong>nuptiis</strong></span> <span class='ocrx_word' id='word_1_280' title='bbox 1696 3156 1977 3222; x_wconf 76' lang='lat' dir='ltr'><strong>Saxonis</strong></span> <span class='ocrx_word' id='word_1_281' title='bbox 2019 3179 2248 3241; x_wconf 89' lang='lat' dir='ltr'><strong>quam-</strong></span> 
     </span>
     <span class='ocr_line' id='line_1_44' title="bbox 286 3238 2248 3320; baseline 0.003 -16"><span class='ocrx_word' id='word_1_282' title='bbox 286 3238 389 3304; x_wconf 80' lang='lat' dir='ltr'><strong>vis</strong></span> <span class='ocrx_word' id='word_1_283' title='bbox 430 3240 596 3303; x_wconf 90' lang='lat' dir='ltr'><strong>nihil</strong></span> <span class='ocrx_word' id='word_1_284' title='bbox 653 3240 991 3320; x_wconf 85' lang='lat' dir='ltr'><strong>audierim,</strong></span> <span class='ocrx_word' id='word_1_285' title='bbox 1045 3241 1414 3308; x_wconf 88' lang='lat' dir='ltr'><strong>fabulosum</strong></span> <span class='ocrx_word' id='word_1_286' title='bbox 1457 3252 1679 3308; x_wconf 90' lang='lat' dir='ltr'><strong>tamen</strong></span> <span class='ocrx_word' id='word_1_287' title='bbox 1727 3265 1871 3309; x_wconf 91' lang='lat' dir='ltr'><strong>esse</strong></span> <span class='ocrx_word' id='word_1_288' title='bbox 1914 3266 2248 3310; x_wconf 90' lang='lat' dir='ltr'><strong>rumorem</strong></span> 
     </span>
     <span class='ocr_line' id='line_1_45' title="bbox 285 3326 2250 3414; baseline 0.004 -25"><span class='ocrx_word' id='word_1_289' title='bbox 285 3347 423 3390; x_wconf 89' lang='lat' dir='ltr'><strong>non</strong></span> <span class='ocrx_word' id='word_1_290' title='bbox 494 3326 738 3391; x_wconf 91' lang='lat' dir='ltr'><strong>dubito.</strong></span> <span class='ocrx_word' id='word_1_291' title='bbox 827 3326 1142 3394; x_wconf 88' lang='lat' dir='ltr'><strong>Eiusdem</strong></span> <span class='ocrx_word' id='word_1_292' title='bbox 1202 3331 1402 3394; x_wconf 90' lang='lat' dir='ltr'><strong>etiam</strong></span> <span class='ocrx_word' id='word_1_293' title='bbox 1474 3330 1724 3395; x_wconf 85' lang='lat' dir='ltr'><strong>farinae</strong></span> <span class='ocrx_word' id='word_1_294' title='bbox 1782 3338 1884 3395; x_wconf 87' lang='lat' dir='ltr'><strong>est</strong></span> <span class='ocrx_word' id='word_1_295' title='bbox 1948 3330 2120 3414; x_wconf 91' lang='lat' dir='ltr'><strong>quod</strong></span> <span class='ocrx_word' id='word_1_296' title='bbox 2169 3330 2250 3397; x_wconf 88' lang='lat' dir='ltr'><strong>de</strong></span> 
     </span>
     <span class='ocr_line' id='line_1_46' title="bbox 290 3410 2252 3500; baseline 0.004 -24"><span class='ocrx_word' id='word_1_297' title='bbox 290 3410 594 3478; x_wconf 78' lang='lat' dir='ltr'><strong>Caesaris</strong></span> <span class='ocrx_word' id='word_1_298' title='bbox 620 3414 1015 3480; x_wconf 88' lang='lat' dir='ltr'><strong>monachatu</strong></span> <span class='ocrx_word' id='word_1_299' title='bbox 1060 3414 1234 3499; x_wconf 87' lang='lat' dir='ltr'><strong>apud</strong></span> <span class='ocrx_word' id='word_1_300' title='bbox 1276 3436 1398 3481; x_wconf 85' lang='lat' dir='ltr'><strong>vos</strong></span> <span class='ocrx_word' id='word_1_301' title='bbox 1438 3415 1672 3500; x_wconf 24' lang='lat' dir='ltr'><strong>fertur.-</strong></span> <span class='ocrx_word' id='word_1_302' title='bbox 1728 3415 1821 3481; x_wconf 95' lang='lat' dir='ltr'><strong>Ut</strong></span> <span class='ocrx_word' id='word_1_303' title='bbox 1839 3437 1994 3482; x_wconf 87' lang='lat' dir='ltr'><strong>vero</strong></span> <span class='ocrx_word' id='word_1_304' title='bbox 2040 3416 2252 3483; x_wconf 91' lang='lat' dir='ltr'><strong>simile</strong></span> 
     </span>
     <span class='ocr_line' id='line_1_47' title="bbox 285 3498 2251 3584; baseline 0.004 -22"><span class='ocrx_word' id='word_1_305' title='bbox 285 3498 538 3581; x_wconf 85' lang='lat' dir='ltr'><strong>aliquid</strong></span> <span class='ocrx_word' id='word_1_306' title='bbox 603 3512 835 3565; x_wconf 87' lang='lat' dir='ltr'><strong>mutuo</strong></span> <span class='ocrx_word' id='word_1_307' title='bbox 910 3501 1298 3584; x_wconf 87' lang='lat' dir='ltr'><strong>rependam,</strong></span> <span class='ocrx_word' id='word_1_308' title='bbox 1373 3523 1572 3567; x_wconf 90' lang='lat' dir='ltr'><strong>narro</strong></span> <span class='ocrx_word' id='word_1_309' title='bbox 1637 3503 1756 3569; x_wconf 84' lang='lat' dir='ltr'><strong>tibi</strong></span> <span class='ocrx_word' id='word_1_310' title='bbox 1823 3502 2251 3569; x_wconf 70' lang='lat' dir='ltr'><strong>Marc-artium</strong></span> 
     </span>
     <span class='ocr_line' id='line_1_48' title="bbox 283 3585 2250 3673; baseline 0.002 -21"><span class='ocrx_word' id='word_1_311' title='bbox 283 3586 502 3652; x_wconf 90' lang='lat' dir='ltr'><strong>subito</strong></span> <span class='ocrx_word' id='word_1_312' title='bbox 548 3587 773 3652; x_wconf 86' lang='lat' dir='ltr'><strong>affiatu</strong></span> <span class='ocrx_word' id='word_1_313' title='bbox 819 3585 904 3651; x_wconf 91' lang='lat' dir='ltr'><strong>ad</strong></span> <span class='ocrx_word' id='word_1_314' title='bbox 947 3587 1276 3654; x_wconf 87' lang='lat' dir='ltr'><strong>canendas</strong></span> <span class='ocrx_word' id='word_1_315' title='bbox 1326 3610 1508 3654; x_wconf 88' lang='lat' dir='ltr'><strong>meas</strong></span> <span class='ocrx_word' id='word_1_316' title='bbox 1551 3588 1779 3654; x_wconf 88' lang='lat' dir='ltr'><strong>laudes</strong></span> <span class='ocrx_word' id='word_1_317' title='bbox 1814 3597 2071 3673; x_wconf 89' lang='lat' dir='ltr'><strong>poetam</strong></span> <span class='ocrx_word' id='word_1_318' title='bbox 2115 3589 2250 3656; x_wconf 87' lang='lat' dir='ltr'><strong>fac-</strong></span> 
     </span>
     <span class='ocr_line' id='line_1_49' title="bbox 283 3674 2249 3758; baseline 0.004 -23"><span class='ocrx_word' id='word_1_319' title='bbox 283 3679 450 3736; x_wconf 84' lang='lat' dir='ltr'><strong>tum·</strong></span> <span class='ocrx_word' id='word_1_320' title='bbox 499 3694 661 3737; x_wconf 89' lang='lat' dir='ltr'><strong>esse.</strong></span> <span class='ocrx_word' id='word_1_321' title='bbox 751 3674 988 3738; x_wconf 89' lang='lat' dir='ltr'><strong>Nescio</strong></span> <span class='ocrx_word' id='word_1_322' title='bbox 1032 3674 1189 3757; x_wconf 90' lang='lat' dir='ltr'><strong>quid</strong></span> <span class='ocrx_word' id='word_1_323' title='bbox 1234 3675 1451 3758; x_wconf 88' lang='lat' dir='ltr'><strong>iurgii,</strong></span> <span class='ocrx_word' id='word_1_324' title='bbox 1497 3683 1576 3740; x_wconf 92' lang='lat' dir='ltr'><strong>ut</strong></span> <span class='ocrx_word' id='word_1_325' title='bbox 1627 3696 1823 3757; x_wconf 87' lang='lat' dir='ltr'><strong>saepe</strong></span> <span class='ocrx_word' id='word_1_326' title='bbox 1867 3677 2051 3753; x_wconf 88' lang='lat' dir='ltr'><strong>solet,</strong></span> <span class='ocrx_word' id='word_1_327' title='bbox 2095 3696 2249 3742; x_wconf 90' lang='lat' dir='ltr'><strong>oum</strong></span> 
     </span>
     <span class='ocr_line' id='line_1_50' title="bbox 283 3757 2248 3845; baseline 0.003 -23"><span class='ocrx_word' id='word_1_328' title='bbox 283 3757 402 3823; x_wconf 87' lang='lat' dir='ltr'><strong>illa</strong></span> <span class='ocrx_word' id='word_1_329' title='bbox 467 3759 737 3824; x_wconf 90' lang='lat' dir='ltr'><strong>cohorte</strong></span> <span class='ocrx_word' id='word_1_330' title='bbox 796 3760 1132 3825; x_wconf 85' lang='lat' dir='ltr'><strong>inciderat.</strong></span> <span class='ocrx_word' id='word_1_331' title='bbox 1224 3761 1603 3826; x_wconf 85' lang='lat' dir='ltr'><strong>Divortium</strong></span> <span class='ocrx_word' id='word_1_332' title='bbox 1657 3782 1812 3845; x_wconf 89' lang='lat' dir='ltr'><strong>ergo</strong></span> <span class='ocrx_word' id='word_1_333' title='bbox 1876 3762 2091 3827; x_wconf 79' lang='lat' dir='ltr'><strong>facere</strong></span> <span class='ocrx_word' id='word_1_334' title='bbox 2133 3783 2248 3827; x_wconf 84' lang='lat' dir='ltr'><strong>vo·</strong></span> 
     </span>
     <span class='ocr_line' id='line_1_51' title="bbox 285 3844 2248 3930; baseline 0.003 -23"><span class='ocrx_word' id='word_1_335' title='bbox 285 3844 434 3909; x_wconf 90' lang='lat' dir='ltr'><strong>lens</strong></span> <span class='ocrx_word' id='word_1_336' title='bbox 498 3848 850 3927; x_wconf 89' lang='lat' dir='ltr'><strong>composito</strong></span> <span class='ocrx_word' id='word_1_337' title='bbox 918 3846 1196 3912; x_wconf 86' lang='lat' dir='ltr'><strong>disticho</strong></span> <span class='ocrx_word' id='word_1_338' title='bbox 1251 3868 1508 3912; x_wconf 90' lang='lat' dir='ltr'><strong>mecum</strong></span> <span class='ocrx_word' id='word_1_339' title='bbox 1561 3848 1635 3912; x_wconf 91' lang='lat' dir='ltr'><strong>in</strong></span> <span class='ocrx_word' id='word_1_340' title='bbox 1692 3848 1978 3930; x_wconf 84' lang='lat' dir='ltr'><strong>gratiam</strong></span> <span class='ocrx_word' id='word_1_341' title='bbox 2034 3846 2248 3913; x_wconf 86' lang='lat' dir='ltr'><strong>redire</strong></span> 
     </span>
     <span class='ocr_line' id='line_1_52' title="bbox 286 3932 2249 4017; baseline 0.001 -21"><span class='ocrx_word' id='word_1_342' title='bbox 286 3941 562 3996; x_wconf 88' lang='lat' dir='ltr'><strong>conatus</strong></span> <span class='ocrx_word' id='word_1_343' title='bbox 598 3943 713 3996; x_wconf 89' lang='lat' dir='ltr'><strong>est.</strong></span> <span class='ocrx_word' id='word_1_344' title='bbox 791 3932 1080 3998; x_wconf 85' lang='lat' dir='ltr'><strong>Hercule</strong></span> <span class='ocrx_word' id='word_1_345' title='bbox 1124 3954 1230 3998; x_wconf 91' lang='lat' dir='ltr'><strong>me</strong></span> <span class='ocrx_word' id='word_1_346' title='bbox 1274 3933 1677 4015; x_wconf 90' lang='lat' dir='ltr'><strong>superiorem</strong></span> <span class='ocrx_word' id='word_1_347' title='bbox 1721 3933 1880 3999; x_wconf 85' lang='lat' dir='ltr'><strong>facit</strong></span> <span class='ocrx_word' id='word_1_348' title='bbox 1924 3935 2078 4017; x_wconf 89' lang='lat' dir='ltr'><strong>quia</strong></span> <span class='ocrx_word' id='word_1_349' title='bbox 2122 3933 2249 3998; x_wconf 92' lang='lat' dir='ltr'><strong>duo</strong></span> 
     </span>
     <span class='ocr_line' id='line_1_53' title="bbox 286 4016 2251 4102; baseline 0.002 -22"><span class='ocrx_word' id='word_1_350' title='bbox 286 4027 589 4081; x_wconf 83' lang='lat' dir='ltr'><strong>monstra</strong></span> <span class='ocrx_word' id='word_1_351' title='bbox 647 4016 1033 4083; x_wconf 84' lang='lat' dir='ltr'><strong>devicerim:</strong></span> <span class='ocrx_word' id='word_1_352' title='bbox 1094 4039 1289 4102; x_wconf 86' lang='lat' dir='ltr'><strong>porro</strong></span> <span class='ocrx_word' id='word_1_353' title='bbox 1346 4018 1473 4083; x_wconf 91' lang='lat' dir='ltr'><strong>duo</strong></span> <span class='ocrx_word' id='word_1_354' title='bbox 1528 4027 1824 4083; x_wconf 90' lang='lat' dir='ltr'><strong>monstra</strong></span> <span class='ocrx_word' id='word_1_355' title='bbox 1859 4029 2044 4086; x_wconf 86' lang='lat' dir='ltr'><strong>vocat</strong></span> <span class='ocrx_word' id='word_1_356' title='bbox 2080 4021 2251 4086; x_wconf 87' lang='lat' dir='ltr'><strong>Leo-</strong></span> 
     </span>
     <span class='ocr_line' id='line_1_54' title="bbox 286 4105 2250 4188; baseline 0.002 -22"><span class='ocrx_word' id='word_1_357' title='bbox 286 4125 441 4167; x_wconf 87' lang='lat' dir='ltr'><strong>nem</strong></span> <span class='ocrx_word' id='word_1_358' title='bbox 466 4115 532 4167; x_wconf 90' lang='lat' dir='ltr'><strong>et</strong></span> <span class='ocrx_word' id='word_1_359' title='bbox 561 4105 924 4168; x_wconf 87' lang='lat' dir='ltr'><strong>Draconem</strong></span> <span class='ocrx_word' id='word_1_360' title='bbox 951 4107 1129 4188; x_wconf 89' lang='lat' dir='ltr'><strong>(nam</strong></span> <span class='ocrx_word' id='word_1_361' title='bbox 1168 4105 1308 4187; x_wconf 91' lang='lat' dir='ltr'><strong>ipse</strong></span> <span class='ocrx_word' id='word_1_362' title='bbox 1341 4115 1786 4170; x_wconf 88' lang='lat' dir='ltr'><strong>commentum</strong></span> <span class='ocrx_word' id='word_1_363' title='bbox 1809 4109 1842 4144; x_wconf 67' lang='lat'>¹</span> <span class='ocrx_word' id='word_1_364' title='bbox 1877 4106 2084 4170; x_wconf 89' lang='lat' dir='ltr'><strong>assuit</strong></span> <span class='ocrx_word' id='word_1_365' title='bbox 2105 4126 2250 4170; x_wconf 83' lang='lat' dir='ltr'><strong>ver-</strong></span> 
     </span>
     <span class='ocr_line' id='line_1_55' title="bbox 285 4187 2249 4274; baseline 0.002 -21"><span class='ocrx_word' id='word_1_366' title='bbox 285 4187 385 4253; x_wconf 90' lang='lat' dir='ltr'><strong>bis</strong></span> <span class='ocrx_word' id='word_1_367' title='bbox 423 4191 595 4260; x_wconf 83' lang='lat' dir='ltr'><strong>suis)</strong></span> <span class='ocrx_word' id='word_1_368' title='bbox 632 4200 700 4254; x_wconf 91' lang='lat' dir='ltr'><strong>et</strong></span> <span class='ocrx_word' id='word_1_369' title='bbox 723 4190 895 4272; x_wconf 90' lang='lat' dir='ltr'><strong>quod</strong></span> <span class='ocrx_word' id='word_1_370' title='bbox 916 4191 1332 4274; x_wconf 87' lang='lat' dir='ltr'><strong>Augustinus</strong></span> <span class='ocrx_word' id='word_1_371' title='bbox 1361 4190 1441 4254; x_wconf 92' lang='lat' dir='ltr'><strong>de</strong></span> <span class='ocrx_word' id='word_1_372' title='bbox 1465 4190 1738 4256; x_wconf 87' lang='lat' dir='ltr'><strong>ecclesia</strong></span> <span class='ocrx_word' id='word_1_373' title='bbox 1772 4190 2019 4270; x_wconf 90' lang='lat' dir='ltr'><strong>scribit,</strong></span> <span class='ocrx_word' id='word_1_374' title='bbox 2044 4192 2249 4258; x_wconf 89' lang='lat' dir='ltr'><strong>eccle·</strong></span> 
     </span>
     <span class='ocr_line' id='line_1_56' title="bbox 287 4275 2252 4362; baseline 0.002 -24"><span class='ocrx_word' id='word_1_375' title='bbox 287 4277 452 4339; x_wconf 89' lang='lat' dir='ltr'><strong>siam</strong></span> <span class='ocrx_word' id='word_1_376' title='bbox 515 4275 768 4341; x_wconf 84' lang='lat' dir='ltr'><strong>calcare</strong></span> <span class='ocrx_word' id='word_1_377' title='bbox 822 4277 1076 4341; x_wconf 89' lang='lat' dir='ltr'><strong>leonem</strong></span> <span class='ocrx_word' id='word_1_378' title='bbox 1136 4288 1203 4342; x_wconf 91' lang='lat' dir='ltr'><strong>et</strong></span> <span class='ocrx_word' id='word_1_379' title='bbox 1251 4278 1620 4354; x_wconf 88' lang='lat' dir='ltr'><strong>draconem,</strong></span> <span class='ocrx_word' id='word_1_380' title='bbox 1656 4278 1809 4359; x_wconf 88' lang='lat' dir='ltr'><strong>quia</strong></span> <span class='ocrx_word' id='word_1_381' title='bbox 1845 4280 2149 4362; x_wconf 88' lang='lat' dir='ltr'><strong>tyrannis</strong></span> <span class='ocrx_word' id='word_1_382' title='bbox 2183 4285 2252 4342; x_wconf 91' lang='lat' dir='ltr'><strong>et</strong></span> 
     </span>
     <span class='ocr_line' id='line_1_57' title="bbox 285 4360 2250 4445; baseline 0.002 -20"><span class='ocrx_word' id='word_1_383' title='bbox 285 4360 637 4426; x_wconf 88' lang='lat' dir='ltr'><strong>haereticis</strong></span> <span class='ocrx_word' id='word_1_384' title='bbox 673 4362 934 4427; x_wconf 84' lang='lat' dir='ltr'><strong>fortiter</strong></span> <span class='ocrx_word' id='word_1_385' title='bbox 956 4363 1219 4444; x_wconf 88' lang='lat' dir='ltr'><strong>resistit,</strong></span> <span class='ocrx_word' id='word_1_386' title='bbox 1266 4364 1387 4429; x_wconf 90' lang='lat' dir='ltr'><strong>hoo</strong></span> <span class='ocrx_word' id='word_1_387' title='bbox 1422 4370 1499 4427; x_wconf 89' lang='lat' dir='ltr'><strong>ut</strong></span> <span class='ocrx_word' id='word_1_388' title='bbox 1542 4372 1734 4445; x_wconf 91' lang='lat' dir='ltr'><strong>poeta</strong></span> <span class='ocrx_word' id='word_1_389' title='bbox 1767 4373 1989 4429; x_wconf 88' lang='lat' dir='ltr'><strong>noster</strong></span> <span class='ocrx_word' id='word_1_390' title='bbox 2022 4362 2106 4428; x_wconf 90' lang='lat' dir='ltr'><strong>ad</strong></span> <span class='ocrx_word' id='word_1_391' title='bbox 2141 4384 2250 4429; x_wconf 89' lang='lat' dir='ltr'><strong>me</strong></span> 
     </span>
     <span class='ocr_line' id='line_1_58' title="bbox 286 4447 2247 4527; baseline 0.002 -16"><span class='ocrx_word' id='word_1_392' title='bbox 286 4447 751 4526; x_wconf 87' lang='lat' dir='ltr'><strong>accommodet,</strong></span> <span class='ocrx_word' id='word_1_393' title='bbox 802 4449 876 4512; x_wconf 90' lang='lat' dir='ltr'><strong>in</strong></span> <span class='ocrx_word' id='word_1_394' title='bbox 927 4448 1169 4515; x_wconf 68' lang='lat' dir='ltr'><strong>servato</strong></span> <span class='ocrx_word' id='word_1_395' title='bbox 1226 4448 1384 4516; x_wconf 89' lang='lat' dir='ltr'><strong>dicit</strong></span> <span class='ocrx_word' id='word_1_396' title='bbox 1419 4449 1723 4515; x_wconf 88' lang='lat' dir='ltr'><strong>haereses</strong></span> <span class='ocrx_word' id='word_1_397' title='bbox 1760 4469 1902 4515; x_wconf 89' lang='lat' dir='ltr'><strong>esse</strong></span> <span class='ocrx_word' id='word_1_398' title='bbox 1938 4449 2247 4527; x_wconf 87' lang='lat' dir='ltr'><strong>devictas,</strong></span> 
     </span>
     <span class='ocr_line' id='line_1_59' title="bbox 283 4532 2252 4618; baseline 0.001 -20"><span class='ocrx_word' id='word_1_399' title='bbox 283 4532 358 4598; x_wconf 94' lang='lat' dir='ltr'><strong>in</strong></span> <span class='ocrx_word' id='word_1_400' title='bbox 417 4533 684 4598; x_wconf 82' lang='lat' dir='ltr'><strong>Perrino</strong></span> <span class='ocrx_word' id='word_1_401' title='bbox 740 4547 1286 4618; x_wconf 85' lang='lat' dir='ltr'><strong>persequutorum</strong></span> <span class='ocrx_word' id='word_1_402' title='bbox 1351 4535 1713 4600; x_wconf 88' lang='lat' dir='ltr'><strong>saevitiam.</strong></span> <span class='ocrx_word' id='word_1_403' title='bbox 1818 4536 2003 4601; x_wconf 90' lang='lat' dir='ltr'><strong>Bene</strong></span> <span class='ocrx_word' id='word_1_404' title='bbox 2051 4534 2252 4601; x_wconf 87' lang='lat' dir='ltr'><strong>habet</strong></span> 
     </span>
     <span class='ocr_line' id='line_1_60' title="bbox 287 4619 2249 4706; baseline 0.002 -23"><span class='ocrx_word' id='word_1_405' title='bbox 287 4619 457 4702; x_wconf 91' lang='lat' dir='ltr'><strong>quod</strong></span> <span class='ocrx_word' id='word_1_406' title='bbox 497 4635 809 4685; x_wconf 88' lang='lat' dir='ltr'><strong>nascente</strong></span> <span class='ocrx_word' id='word_1_407' title='bbox 846 4620 1006 4686; x_wconf 88' lang='lat' dir='ltr'><strong>luna</strong></span> <span class='ocrx_word' id='word_1_408' title='bbox 1040 4623 1254 4705; x_wconf 92' lang='lat' dir='ltr'><strong>coepit</strong></span> <span class='ocrx_word' id='word_1_409' title='bbox 1288 4623 1381 4687; x_wconf 88' lang='lat' dir='ltr'><strong>ita</strong></span> <span class='ocrx_word' id='word_1_410' title='bbox 1416 4619 1498 4686; x_wconf 92' lang='lat' dir='ltr'><strong>de</strong></span> <span class='ocrx_word' id='word_1_411' title='bbox 1554 4642 1661 4686; x_wconf 91' lang='lat' dir='ltr'><strong>me</strong></span> <span class='ocrx_word' id='word_1_412' title='bbox 1699 4620 1899 4704; x_wconf 88' lang='lat' dir='ltr'><strong>loqui,</strong></span> <span class='ocrx_word' id='word_1_413' title='bbox 1935 4622 2089 4706; x_wconf 90' lang='lat' dir='ltr'><strong>quia</strong></span> <span class='ocrx_word' id='word_1_414' title='bbox 2124 4622 2249 4687; x_wconf 89' lang='lat' dir='ltr'><strong>sal·</strong></span> 
     </span>
     <span class='ocr_line' id='line_1_61' title="bbox 283 4705 2248 4792; baseline 0.001 -22"><span class='ocrx_word' id='word_1_415' title='bbox 283 4713 422 4770; x_wconf 77' lang='lat' dir='ltr'><strong>tem</strong></span> <span class='ocrx_word' id='word_1_416' title='bbox 476 4706 556 4771; x_wconf 90' lang='lat' dir='ltr'><strong>ad</strong></span> <span class='ocrx_word' id='word_1_417' title='bbox 610 4705 749 4772; x_wconf 91' lang='lat' dir='ltr'><strong>dies</strong></span> <span class='ocrx_word' id='word_1_418' title='bbox 785 4707 1043 4773; x_wconf 86' lang='lat' dir='ltr'><strong>circiter</strong></span> <span class='ocrx_word' id='word_1_419' title='bbox 1078 4710 1317 4792; x_wconf 80' lang='lat' dir='ltr'><strong>viginti</strong></span> <span class='ocrx_word' id='word_1_420' title='bbox 1351 4708 1536 4772; x_wconf 83' lang='lat' dir='ltr'><strong>fruar</strong></span> <span class='ocrx_word' id='word_1_421' title='bbox 1573 4707 1696 4774; x_wconf 90' lang='lat' dir='ltr'><strong>hoc</strong></span> <span class='ocrx_word' id='word_1_422' title='bbox 1732 4707 1964 4792; x_wconf 86' lang='lat' dir='ltr'><strong>elogio.</strong></span> <span class='ocrx_word' id='word_1_423' title='bbox 2053 4707 2248 4773; x_wconf 86' lang='lat' dir='ltr'><strong>Nunc</strong></span> 
     </span>
    </p>
   </div>
   <div class='ocr_carea' id='block_1_13' title="bbox 284 4880 700 4891">
    <p class='ocr_par' dir='ltr' id='par_1_16' title="bbox 284 4880 700 4891">
     <span class='ocr_line' id='line_1_62' title="bbox 284 4880 700 4891; baseline 0 1309"><span class='ocrx_word' id='word_1_424' title='bbox 284 4880 700 4891; x_wconf 95' lang='lat' dir='ltr'><strong> </strong></span> 
     </span>
    </p>
   </div>
   <div class='ocr_carea' id='block_1_14' title="bbox 284 4978 2249 5463">
    <p class='ocr_par' dir='ltr' id='par_1_17' title="bbox 284 4978 2249 5463">
     <span class='ocr_line' id='line_1_63' title="bbox 287 4978 2245 5121; baseline 0.002 -19"><span class='ocrx_word' id='word_1_425' title='bbox 287 4979 557 5116; x_wconf 36' lang='lat'>²34⁵&amp;</span> <span class='ocrx_word' id='word_1_426' title='bbox 593 4980 673 5104; x_wconf 54' lang='grc' dir='ltr'><strong>ἕξ</strong></span> <span class='ocrx_word' id='word_1_427' title='bbox 705 4978 923 5104; x_wconf 57' lang='grc' dir='ltr'>ξδῖῗε.</span> <span class='ocrx_word' id='word_1_428' title='bbox 960 5048 1109 5104; x_wconf 67' lang='lat' dir='ltr'><strong>Non.</strong></span> <span class='ocrx_word' id='word_1_429' title='bbox 1152 5048 1388 5104; x_wconf 70' lang='lat' dir='ltr'><strong>Senatus</strong></span> <span class='ocrx_word' id='word_1_430' title='bbox 1430 5051 1745 5107; x_wconf 50' lang='lat' dir='ltr'><strong>&amp;moverat</strong></span> <span class='ocrx_word' id='word_1_431' title='bbox 1787 5055 1851 5106; x_wconf 70' lang='lat' dir='ltr'><strong>ut</strong></span> <span class='ocrx_word' id='word_1_432' title='bbox 1905 5050 2074 5121; x_wconf 60' lang='lat'><em>2090&amp;</em></span> <span class='ocrx_word' id='word_1_433' title='bbox 2106 5050 2245 5105; x_wconf 70' lang='lat' dir='ltr'><strong>Ber-</strong></span> 
     </span>
     <span class='ocr_line' id='line_1_64' title="bbox 284 5119 2247 5200; baseline 0.001 -27"><span class='ocrx_word' id='word_1_434' title='bbox 284 5134 415 5173; x_wconf 69' lang='lat' dir='ltr'><strong>nam</strong></span> <span class='ocrx_word' id='word_1_435' title='bbox 452 5120 520 5173; x_wconf 76' lang='lat' dir='ltr'><strong>de</strong></span> <span class='ocrx_word' id='word_1_436' title='bbox 551 5119 771 5185; x_wconf 74' lang='lat' dir='ltr'><strong>foedere</strong></span> <span class='ocrx_word' id='word_1_437' title='bbox 803 5120 990 5172; x_wconf 72' lang='lat' dir='ltr'><strong>acturi</strong></span> <span class='ocrx_word' id='word_1_438' title='bbox 1014 5119 1386 5200; x_wconf 39' lang='lat' dir='ltr'><strong>&#39;minorennium</strong></span> <span class='ocrx_word' id='word_1_439' title='bbox 1506 5122 1533 5175; x_wconf 76' lang='lat' dir='ltr'><strong>i</strong></span> <span class='ocrx_word' id='word_1_440' title='bbox 1572 5121 1686 5175; x_wconf 76' lang='lat' dir='ltr'><strong>iam</strong></span> <span class='ocrx_word' id='word_1_441' title='bbox 1721 5119 1801 5174; x_wconf 74' lang='lat' dir='ltr'><strong>ad</strong></span> <span class='ocrx_word' id='word_1_442' title='bbox 1842 5122 1948 5175; x_wconf 74' lang='lat' dir='ltr'><strong>iter</strong></span> <span class='ocrx_word' id='word_1_443' title='bbox 1981 5135 2038 5174; x_wconf 72' lang='lat' dir='ltr'><strong>se</strong></span> <span class='ocrx_word' id='word_1_444' title='bbox 2073 5134 2247 5188; x_wconf 72' lang='lat' dir='ltr'><strong>para·</strong></span> 
     </span>
     <span class='ocr_line' id='line_1_65' title="bbox 284 5184 2249 5340; baseline 0.001 -30"><span class='ocrx_word' id='word_1_445' title='bbox 284 5187 432 5242; x_wconf 41' lang='lat' dir='ltr'><strong><em>bant·</em></strong></span> <span class='ocrx_word' id='word_1_446' title='bbox 494 5188 799 5325; x_wconf 48' lang='lat' dir='ltr'><strong>dfz&#39;uidss.</strong></span> <span class='ocrx_word' id='word_1_447' title='bbox 826 5184 1123 5312; x_wconf 42' lang='lat' dir='ltr'><strong>(lyg&#39;nszevzgv&#39;v</strong></span> <span class='ocrx_word' id='word_1_448' title='bbox 1142 5185 1400 5312; x_wconf 54' lang='lat' dir='ltr'><strong>isus-ienuam</strong></span> <span class='ocrx_word' id='word_1_449' title='bbox 1434 5188 1805 5314; x_wconf 49' lang='grc' dir='ltr'><strong>ἕῗᾍὲοᾱυοεΐι)</strong></span> <span class='ocrx_word' id='word_1_450' title='bbox 1827 5257 2030 5340; x_wconf 52' lang='lat' dir='ltr'><strong>missus</strong></span> <span class='ocrx_word' id='word_1_451' title='bbox 2058 5255 2249 5322; x_wconf 74' lang='lat' dir='ltr'><strong>fuerat</strong></span> 
     </span>
     <span class='ocr_line' id='line_1_66' title="bbox 285 5324 2244 5451; baseline 0.001 -73"><span class='ocrx_word' id='word_1_452' title='bbox 285 5332 352 5379; x_wconf 71' lang='lat' dir='ltr'><strong>ut</strong></span> <span class='ocrx_word' id='word_1_453' title='bbox 384 5324 452 5381; x_wconf 74' lang='lat' dir='ltr'><strong>de</strong></span> <span class='ocrx_word' id='word_1_454' title='bbox 487 5327 752 5380; x_wconf 72' lang='lat' dir='ltr'><strong>seditione</strong></span> <span class='ocrx_word' id='word_1_455' title='bbox 786 5326 1198 5408; x_wconf 60' lang='lat' dir='ltr'><strong>Lpbertinorum</strong></span> <span class='ocrx_word' id='word_1_456' title='bbox 1234 5327 1495 5451; x_wconf 52' lang='lat' dir='ltr'><strong>eoffluid</strong></span> <span class='ocrx_word' id='word_1_457' title='bbox 1539 5328 1625 5383; x_wconf 73' lang='lat' dir='ltr'><strong>rei</strong></span> <span class='ocrx_word' id='word_1_458' title='bbox 1664 5326 1839 5394; x_wconf 70' lang='lat' dir='ltr'><strong>tuerit</strong></span> <span class='ocrx_word' id='word_1_459' title='bbox 1868 5331 2123 5383; x_wconf 64' lang='lat' dir='ltr'><strong>mttere-⁹</strong></span> <span class='ocrx_word' id='word_1_460' title='bbox 2155 5325 2244 5392; x_wconf 76' lang='lat' dir='ltr'><strong>fa-</strong></span> 
     </span>
     <span class='ocr_line' id='line_1_67' title="bbox 284 5393 1448 5463; baseline -0.002 -12"><span class='ocrx_word' id='word_1_461' title='bbox 284 5404 441 5451; x_wconf 73' lang='lat' dir='ltr'><strong>ceret.</strong></span> <span class='ocrx_word' id='word_1_462' title='bbox 521 5394 723 5450; x_wconf 56' lang='lat' dir='ltr'><strong>Reduc</strong></span> <span class='ocrx_word' id='word_1_463' title='bbox 755 5394 868 5460; x_wconf 65' lang='lat' dir='ltr'><strong>fust</strong></span> <span class='ocrx_word' id='word_1_464' title='bbox 900 5396 955 5452; x_wconf 76' lang='lat' dir='ltr'><strong>d.</strong></span> <span class='ocrx_word' id='word_1_465' title='bbox 993 5395 1043 5450; x_wconf 86' lang='lat'><strong>3.</strong></span> <span class='ocrx_word' id='word_1_466' title='bbox 1078 5393 1213 5451; x_wconf 79' lang='lat' dir='ltr'><strong>Dee.</strong></span> <span class='ocrx_word' id='word_1_467' title='bbox 1248 5400 1268 5459; x_wconf 94' lang='lat'><strong>(</strong></span> <span class='ocrx_word' id='word_1_468' title='bbox 1386 5397 1448 5463; x_wconf 89' lang='lat'><strong>.).</strong></span> 
     </span>
    </p>
   </div>
   <div class='ocr_carea' id='block_1_15' title="bbox 2291 1826 2319 5436">
    <p class='ocr_par' dir='ltr' id='par_1_18' title="bbox 2291 1826 2319 5436">
     <span class='ocr_line' id='line_1_68' title="bbox 2291 1826 2319 5436; baseline 0 0"><span class='ocrx_word' id='word_1_469' title='bbox 2291 1826 2319 5436; x_wconf 95' lang='lat' dir='ltr'><strong> </strong></span> 
     </span>
    </p>
   </div>
   <div class='ocr_carea' id='block_1_16' title="bbox 3287 1643 4146 1713">
    <p class='ocr_par' dir='ltr' id='par_1_19' title="bbox 3287 1643 4146 1713">
     <span class='ocr_line' id='line_1_69' title="bbox 3287 1643 4146 1713; baseline 0.006 -5"><span class='ocrx_word' id='word_1_470' title='bbox 3287 1643 3572 1710; x_wconf 87' lang='lat' dir='ltr'><strong>Ioannes</strong></span> <span class='ocrx_word' id='word_1_471' title='bbox 3616 1643 3937 1712; x_wconf 84' lang='lat' dir='ltr'><strong>Calvinus</strong></span> <span class='ocrx_word' id='word_1_472' title='bbox 3971 1656 4146 1713; x_wconf 90' lang='lat' dir='ltr'><strong>tuus.</strong></span> 
     </span>
    </p>
   </div>
   <div class='ocr_carea' id='block_1_17' title="bbox 2778 2208 3897 2441">
    <p class='ocr_par' dir='ltr' id='par_1_20' title="bbox 2778 2208 3897 2441">
     <span class='ocr_line' id='line_1_70' title="bbox 3238 2208 3439 2280; baseline -0.005 -1"><span class='ocrx_word' id='word_1_473' title='bbox 3238 2208 3439 2280; x_wconf 74' lang='lat'><strong>2346.</strong></span> 
     </span>
     <span class='ocr_line' id='line_1_71' title="bbox 2778 2362 3897 2441; baseline 0.003 -12"><span class='ocrx_word' id='word_1_474' title='bbox 2778 2362 3145 2431; x_wconf 72' lang='lat' dir='ltr'><strong>LAETUS</strong></span> <span class='ocrx_word' id='word_1_475' title='bbox 3170 2369 3220 2441; x_wconf 90' lang='lat'><strong>¹)</strong></span> <span class='ocrx_word' id='word_1_476' title='bbox 3256 2364 3897 2432; x_wconf 81' lang='lat' dir='ltr'><strong>BULLINGERO.</strong></span> 
     </span>
    </p>
   </div>
   <div class='ocr_carea' id='block_1_18' title="bbox 2344 2532 4316 2790">
    <p class='ocr_par' dir='ltr' id='par_1_21' title="bbox 2344 2532 4316 2790">
     <span class='ocr_line' id='line_1_72' title="bbox 2524 2532 4316 2621; baseline 0.004 -23"><span class='ocrx_word' id='word_1_477' title='bbox 2524 2532 2963 2615; x_wconf 78' lang='lat' dir='ltr'><strong>Defensionem</strong></span> <span class='ocrx_word' id='word_1_478' title='bbox 3010 2534 3358 2602; x_wconf 67' lang='lat' dir='ltr'><strong>Censen-eus</strong></span> <span class='ocrx_word' id='word_1_479' title='bbox 3402 2535 3865 2602; x_wconf 65' lang='lat' dir='ltr'><strong>Melanchthoni</strong></span> <span class='ocrx_word' id='word_1_480' title='bbox 3918 2539 4094 2605; x_wconf 76' lang='lat' dir='ltr'><strong>misit</strong></span> <span class='ocrx_word' id='word_1_481' title='bbox 4136 2560 4316 2621; x_wconf 79' lang='lat' dir='ltr'><strong>quem</strong></span> 
     </span>
     <span class='ocr_line' id='line_1_73' title="bbox 2350 2622 4311 2706; baseline 0.005 -23"><span class='ocrx_word' id='word_1_482' title='bbox 2350 2624 2558 2685; x_wconf 80' lang='lat' dir='ltr'><strong>tamen</strong></span> <span class='ocrx_word' id='word_1_483' title='bbox 2617 2641 3064 2702; x_wconf 76' lang='lat' dir='ltr'><strong>responsurum</strong></span> <span class='ocrx_word' id='word_1_484' title='bbox 3118 2642 3252 2688; x_wconf 81' lang='lat' dir='ltr'><strong>esse</strong></span> <span class='ocrx_word' id='word_1_485' title='bbox 3307 2642 3431 2688; x_wconf 77' lang='lat' dir='ltr'><strong>non</strong></span> <span class='ocrx_word' id='word_1_486' title='bbox 3456 2627 3663 2706; x_wconf 76' lang='lat' dir='ltr'><strong>putat.</strong></span> <span class='ocrx_word' id='word_1_487' title='bbox 3755 2622 3980 2706; x_wconf 75' lang='lat' dir='ltr'><strong>Ipsum</strong></span> <span class='ocrx_word' id='word_1_488' title='bbox 4041 2623 4311 2691; x_wconf 80' lang='lat' dir='ltr'><strong>Consen-</strong></span> 
     </span>
     <span class='ocr_line' id='line_1_74' title="bbox 2344 2708 3108 2790; baseline 0.005 -21"><span class='ocrx_word' id='word_1_489' title='bbox 2344 2724 2489 2770; x_wconf 80' lang='lat' dir='ltr'><strong>sum</strong></span> <span class='ocrx_word' id='word_1_490' title='bbox 2525 2708 2873 2790; x_wconf 73' lang='lat' dir='ltr'><strong>yermanice</strong></span> <span class='ocrx_word' id='word_1_491' title='bbox 2911 2708 3108 2774; x_wconf 74' lang='lat' dir='ltr'><strong>vertit.</strong></span> 
     </span>
    </p>
   </div>
   <div class='ocr_carea' id='block_1_19' title="bbox 3107 2864 4310 2948">
    <p class='ocr_par' dir='ltr' id='par_1_22' title="bbox 3107 2864 4310 2948">
     <span class='ocr_line' id='line_1_75' title="bbox 3107 2864 4310 2948; baseline 0.005 -16"><span class='ocrx_word' id='word_1_492' title='bbox 3107 2879 3217 2948; x_wconf 85' lang='lat' dir='ltr'><strong>pho</strong></span> <span class='ocrx_word' id='word_1_493' title='bbox 3264 2879 3431 2934; x_wconf 69' lang='lat' dir='ltr'><strong>Aret.</strong></span> <span class='ocrx_word' id='word_1_494' title='bbox 3469 2880 3647 2934; x_wconf 72' lang='lat' dir='ltr'><strong>Turio.</strong></span> <span class='ocrx_word' id='word_1_495' title='bbox 3682 2880 3830 2937; x_wconf 82' lang='lat' dir='ltr'><strong>Plut.</strong></span> <span class='ocrx_word' id='word_1_496' title='bbox 3864 2880 3953 2935; x_wconf 70' lang='lat' dir='ltr'><strong>vr</strong></span> <span class='ocrx_word' id='word_1_497' title='bbox 3994 2864 4142 2948; x_wconf 71' lang='lat'><strong>11712,</strong></span> <span class='ocrx_word' id='word_1_498' title='bbox 4179 2883 4310 2938; x_wconf 77' lang='lat' dir='ltr'><strong>olim</strong></span> 
     </span>
    </p>
   </div>
   <div class='ocr_carea' id='block_1_20' title="bbox 2347 2875 4178 3020">
    <p class='ocr_par' dir='ltr' id='par_1_23' title="bbox 2347 2875 4178 3020">
     <span class='ocr_line' id='line_1_76' title="bbox 2347 2875 3007 2946; baseline 0.006 -17"><span class='ocrx_word' id='word_1_499' title='bbox 2347 2875 2706 2946; x_wconf 83' lang='lat' dir='ltr'><strong>(Excerptum</strong></span> <span class='ocrx_word' id='word_1_500' title='bbox 2757 2894 2826 2933; x_wconf 84' lang='lat' dir='ltr'><strong>ex</strong></span> <span class='ocrx_word' id='word_1_501' title='bbox 2880 2886 3007 2933; x_wconf 86' lang='lat' dir='ltr'><strong>auto</strong></span> 
     </span>
     <span class='ocr_line' id='line_1_77' title="bbox 3036 2947 4178 3020; baseline 0.004 -18"><span class='ocrx_word' id='word_1_502' title='bbox 3036 2965 3142 3006; x_wconf 87' lang='lat' dir='ltr'><strong>om.</strong></span> <span class='ocrx_word' id='word_1_503' title='bbox 3176 2948 3245 3003; x_wconf 89' lang='lat'><strong>11.</strong></span> <span class='ocrx_word' id='word_1_504' title='bbox 3281 2949 3372 3004; x_wconf 83' lang='lat' dir='ltr'><strong>fol.</strong></span> <span class='ocrx_word' id='word_1_505' title='bbox 3407 2947 3532 3004; x_wconf 86' lang='lat'><strong>306.</strong></span> <span class='ocrx_word' id='word_1_506' title='bbox 3564 2977 3633 2989; x_wconf 92' lang='lat'>—</span> <span class='ocrx_word' id='word_1_507' title='bbox 3668 2950 3865 3004; x_wconf 83' lang='lat' dir='ltr'><strong>Simler</strong></span> <span class='ocrx_word' id='word_1_508' title='bbox 3899 2951 4028 3006; x_wconf 88' lang='lat' dir='ltr'><strong>VoL</strong></span> <span class='ocrx_word' id='word_1_509' title='bbox 4062 2950 4178 3020; x_wconf 85' lang='lat'><strong>86.)</strong></span> 
     </span>
    </p>
   </div>
   <div class='ocr_carea' id='block_1_21' title="bbox 2504 2946 2953 3018">
    <p class='ocr_par' dir='ltr' id='par_1_24' title="bbox 2504 2946 2953 3018">
     <span class='ocr_line' id='line_1_78' title="bbox 2504 2946 2953 3018; baseline 0.009 -19"><span class='ocrx_word' id='word_1_510' title='bbox 2504 2946 2676 3001; x_wconf 86' lang='lat' dir='ltr'><strong>Sorin.</strong></span> <span class='ocrx_word' id='word_1_511' title='bbox 2713 2947 2775 3003; x_wconf 85' lang='lat' dir='ltr'><strong>O.</strong></span> <span class='ocrx_word' id='word_1_512' title='bbox 2812 2948 2953 3018; x_wconf 80' lang='lat' dir='ltr'><strong>Epp.</strong></span> 
     </span>
    </p>
   </div>
   <div class='ocr_carea' id='block_1_22' title="bbox 2354 3156 4307 3172">
    <p class='ocr_par' dir='ltr' id='par_1_25' title="bbox 2354 3156 4307 3172">
     <span class='ocr_line' id='line_1_79' title="bbox 2354 3156 4307 3172; baseline 0.002 -4"><span class='ocrx_word' id='word_1_513' title='bbox 2354 3156 4307 3172; x_wconf 71' lang='lat'><em>——————-————-—-——</em></span> 
     </span>
    </p>
   </div>
   <div class='ocr_carea' id='block_1_23' title="bbox 2349 3204 4311 4308">
    <p class='ocr_par' dir='ltr' id='par_1_26' title="bbox 2349 3204 4311 4308">
     <span class='ocr_line' id='line_1_80' title="bbox 2350 3204 4311 3293; baseline 0.003 -23"><span class='ocrx_word' id='word_1_514' title='bbox 2350 3204 2826 3272; x_wconf 85' lang='lat' dir='ltr'><strong>Defensionem</strong></span> <span class='ocrx_word' id='word_1_515' title='bbox 2889 3207 3317 3275; x_wconf 87' lang='lat' dir='ltr'><strong>confessionis</strong></span> <span class='ocrx_word' id='word_1_516' title='bbox 3381 3215 3640 3276; x_wconf 83' lang='lat' dir='ltr'><strong>vestrae</strong></span> <span class='ocrx_word' id='word_1_517' title='bbox 3687 3210 3771 3275; x_wconf 92' lang='lat' dir='ltr'><strong>D.</strong></span> <span class='ocrx_word' id='word_1_518' title='bbox 3817 3209 4122 3293; x_wconf 90' lang='lat' dir='ltr'><strong>Philippo</strong></span> <span class='ocrx_word' id='word_1_519' title='bbox 4166 3209 4311 3276; x_wconf 80' lang='lat' dir='ltr'><strong>Me-</strong></span> 
     </span>
     <span class='ocr_line' id='line_1_81' title="bbox 2351 3292 4310 3379; baseline 0.003 -23"><span class='ocrx_word' id='word_1_520' title='bbox 2351 3292 2712 3360; x_wconf 73' lang='lat' dir='ltr'><strong>lanchthoni</strong></span> <span class='ocrx_word' id='word_1_521' title='bbox 2752 3295 3092 3360; x_wconf 88' lang='lat' dir='ltr'><strong>transmisi</strong></span> <span class='ocrx_word' id='word_1_522' title='bbox 3139 3303 3334 3378; x_wconf 89' lang='lat' dir='ltr'><strong>atque</strong></span> <span class='ocrx_word' id='word_1_523' title='bbox 3381 3316 3582 3379; x_wconf 89' lang='lat' dir='ltr'><strong>super</strong></span> <span class='ocrx_word' id='word_1_524' title='bbox 3624 3315 3705 3360; x_wconf 88' lang='lat' dir='ltr'><strong>ea</strong></span> <span class='ocrx_word' id='word_1_525' title='bbox 3749 3294 4070 3362; x_wconf 90' lang='lat' dir='ltr'><strong>iudicium</strong></span> <span class='ocrx_word' id='word_1_526' title='bbox 4114 3317 4310 3362; x_wconf 89' lang='lat' dir='ltr'><strong>suum</strong></span> 
     </span>
     <span class='ocr_line' id='line_1_82' title="bbox 2352 3378 4309 3465; baseline 0.002 -21"><span class='ocrx_word' id='word_1_527' title='bbox 2352 3379 2533 3461; x_wconf 87' lang='lat' dir='ltr'><strong>petii.</strong></span> <span class='ocrx_word' id='word_1_528' title='bbox 2620 3378 2698 3446; x_wconf 81' lang='lat' dir='ltr'><strong>Si</strong></span> <span class='ocrx_word' id='word_1_529' title='bbox 2755 3378 2912 3465; x_wconf 87' lang='lat' dir='ltr'><strong>quid</strong></span> <span class='ocrx_word' id='word_1_530' title='bbox 2971 3382 3384 3465; x_wconf 92' lang='lat' dir='ltr'><strong>responderit</strong></span> <span class='ocrx_word' id='word_1_531' title='bbox 3436 3382 3599 3465; x_wconf 88' lang='lat' dir='ltr'><strong>ipse,</strong></span> <span class='ocrx_word' id='word_1_532' title='bbox 3669 3381 3841 3464; x_wconf 91' lang='lat' dir='ltr'><strong>quod</strong></span> <span class='ocrx_word' id='word_1_533' title='bbox 3898 3382 3974 3446; x_wconf 94' lang='lat' dir='ltr'><strong>in</strong></span> <span class='ocrx_word' id='word_1_534' title='bbox 4031 3381 4309 3448; x_wconf 91' lang='lat' dir='ltr'><strong>dubium</strong></span> 
     </span>
     <span class='ocr_line' id='line_1_83' title="bbox 2352 3465 4309 3550; baseline 0.003 -20"><span class='ocrx_word' id='word_1_535' title='bbox 2352 3486 2534 3545; x_wconf 83' lang='lat' dir='ltr'><strong>voco,</strong></span> <span class='ocrx_word' id='word_1_536' title='bbox 2600 3465 2725 3532; x_wconf 93' lang='lat' dir='ltr'><strong>hoc</strong></span> <span class='ocrx_word' id='word_1_537' title='bbox 2787 3489 2874 3532; x_wconf 82' lang='lat' dir='ltr'><strong>ex</strong></span> <span class='ocrx_word' id='word_1_538' title='bbox 2908 3486 3016 3531; x_wconf 90' lang='lat' dir='ltr'><strong>me</strong></span> <span class='ocrx_word' id='word_1_539' title='bbox 3071 3467 3329 3533; x_wconf 91' lang='lat' dir='ltr'><strong>rescies.</strong></span> <span class='ocrx_word' id='word_1_540' title='bbox 3408 3466 3600 3532; x_wconf 88' lang='lat' dir='ltr'><strong>Illam</strong></span> <span class='ocrx_word' id='word_1_541' title='bbox 3643 3467 3856 3550; x_wconf 88' lang='lat' dir='ltr'><strong>ipsam</strong></span> <span class='ocrx_word' id='word_1_542' title='bbox 3911 3466 4309 3535; x_wconf 81' lang='lat' dir='ltr'><strong>Consensio-</strong></span> 
     </span>
     <span class='ocr_line' id='line_1_84' title="bbox 2351 3552 4309 3639; baseline 0.002 -23"><span class='ocrx_word' id='word_1_543' title='bbox 2351 3573 2506 3617; x_wconf 91' lang='lat' dir='ltr'><strong>nem</strong></span> <span class='ocrx_word' id='word_1_544' title='bbox 2541 3553 2612 3616; x_wconf 94' lang='lat' dir='ltr'><strong>in</strong></span> <span class='ocrx_word' id='word_1_545' title='bbox 2648 3553 3094 3637; x_wconf 84' lang='lat' dir='ltr'><strong>germanicam</strong></span> <span class='ocrx_word' id='word_1_546' title='bbox 3128 3552 3425 3637; x_wconf 86' lang='lat' dir='ltr'><strong>linguam</strong></span> <span class='ocrx_word' id='word_1_547' title='bbox 3467 3553 3794 3632; x_wconf 88' lang='lat' dir='ltr'><strong>transtuli,</strong></span> <span class='ocrx_word' id='word_1_548' title='bbox 3841 3552 3957 3619; x_wconf 89' lang='lat' dir='ltr'><strong>sed</strong></span> <span class='ocrx_word' id='word_1_549' title='bbox 3992 3561 4309 3639; x_wconf 85' lang='lat' dir='ltr'><strong>typogra-</strong></span> 
     </span>
     <span class='ocr_line' id='line_1_85' title="bbox 2351 3637 4309 3723; baseline 0.002 -21"><span class='ocrx_word' id='word_1_550' title='bbox 2351 3638 2556 3720; x_wconf 90' lang='lat' dir='ltr'><strong>phum</strong></span> <span class='ocrx_word' id='word_1_551' title='bbox 2615 3641 2727 3722; x_wconf 92' lang='lat' dir='ltr'><strong>qui</strong></span> <span class='ocrx_word' id='word_1_552' title='bbox 2777 3659 2923 3704; x_wconf 88' lang='lat' dir='ltr'><strong>eam</strong></span> <span class='ocrx_word' id='word_1_553' title='bbox 2973 3637 3261 3705; x_wconf 82' lang='lat' dir='ltr'><strong>excudat</strong></span> <span class='ocrx_word' id='word_1_554' title='bbox 3306 3661 3440 3705; x_wconf 93' lang='lat' dir='ltr'><strong>non</strong></span> <span class='ocrx_word' id='word_1_555' title='bbox 3473 3639 3756 3705; x_wconf 85' lang='lat' dir='ltr'><strong>invenio.</strong></span> <span class='ocrx_word' id='word_1_556' title='bbox 3827 3639 4121 3704; x_wconf 83' lang='lat' dir='ltr'><strong>Multum</strong></span> <span class='ocrx_word' id='word_1_557' title='bbox 4157 3661 4309 3723; x_wconf 91' lang='lat' dir='ltr'><strong>pro-</strong></span> 
     </span>
     <span class='ocr_line' id='line_1_86' title="bbox 2349 3724 4309 3809; baseline 0.002 -21"><span class='ocrx_word' id='word_1_558' title='bbox 2349 3724 2521 3790; x_wconf 88' lang='lat' dir='ltr'><strong>fecto</strong></span> <span class='ocrx_word' id='word_1_559' title='bbox 2571 3724 2967 3808; x_wconf 87' lang='lat' dir='ltr'><strong>produceret</strong></span> <span class='ocrx_word' id='word_1_560' title='bbox 3010 3725 3264 3791; x_wconf 87' lang='lat' dir='ltr'><strong>fructus</strong></span> <span class='ocrx_word' id='word_1_561' title='bbox 3298 3725 3358 3791; x_wconf 91' lang='lat' dir='ltr'><strong>si</strong></span> <span class='ocrx_word' id='word_1_562' title='bbox 3392 3725 3765 3809; x_wconf 87' lang='lat' dir='ltr'><strong>germanice</strong></span> <span class='ocrx_word' id='word_1_563' title='bbox 3800 3724 3872 3789; x_wconf 92' lang='lat' dir='ltr'><strong>in</strong></span> <span class='ocrx_word' id='word_1_564' title='bbox 3906 3725 4120 3790; x_wconf 90' lang='lat' dir='ltr'><strong>lucem</strong></span> <span class='ocrx_word' id='word_1_565' title='bbox 4155 3725 4309 3791; x_wconf 90' lang='lat' dir='ltr'><strong>ede-</strong></span> 
     </span>
     <span class='ocr_line' id='line_1_87' title="bbox 2351 3810 4310 3896; baseline 0.002 -21"><span class='ocrx_word' id='word_1_566' title='bbox 2351 3819 2553 3887; x_wconf 90' lang='lat' dir='ltr'><strong>retur,</strong></span> <span class='ocrx_word' id='word_1_567' title='bbox 2613 3811 3005 3896; x_wconf 89' lang='lat' dir='ltr'><strong>praesertim</strong></span> <span class='ocrx_word' id='word_1_568' title='bbox 3041 3832 3245 3894; x_wconf 90' lang='lat' dir='ltr'><strong>quum</strong></span> <span class='ocrx_word' id='word_1_569' title='bbox 3281 3831 3521 3877; x_wconf 89' lang='lat' dir='ltr'><strong>nomen</strong></span> <span class='ocrx_word' id='word_1_570' title='bbox 3561 3811 3795 3895; x_wconf 85' lang='lat' dir='ltr'><strong>optimi</strong></span> <span class='ocrx_word' id='word_1_571' title='bbox 3844 3810 3972 3876; x_wconf 79' lang='lat' dir='ltr'><strong>viri</strong></span> <span class='ocrx_word' id='word_1_572' title='bbox 4009 3811 4310 3896; x_wconf 74' lang='lat' dir='ltr'><strong>Zwinylit‘</strong></span> 
     </span>
     <span class='ocr_line' id='line_1_88' title="bbox 2349 3897 4305 3982; baseline 0.002 -22"><span class='ocrx_word' id='word_1_573' title='bbox 2349 3897 2622 3980; x_wconf 88' lang='lat' dir='ltr'><strong>incipiat</strong></span> <span class='ocrx_word' id='word_1_574' title='bbox 2656 3898 2793 3964; x_wconf 88' lang='lat' dir='ltr'><strong>fere</strong></span> <span class='ocrx_word' id='word_1_575' title='bbox 2827 3897 3004 3982; x_wconf 90' lang='lat' dir='ltr'><strong>apud</strong></span> <span class='ocrx_word' id='word_1_576' title='bbox 3047 3898 3290 3964; x_wconf 89' lang='lat' dir='ltr'><strong>multos</strong></span> <span class='ocrx_word' id='word_1_577' title='bbox 3323 3898 3560 3964; x_wconf 90' lang='lat' dir='ltr'><strong>melius</strong></span> <span class='ocrx_word' id='word_1_578' title='bbox 3597 3897 3824 3963; x_wconf 87' lang='lat' dir='ltr'><strong>audire</strong></span> <span class='ocrx_word' id='word_1_579' title='bbox 3858 3917 4057 3979; x_wconf 92' lang='lat' dir='ltr'><strong>quam</strong></span> <span class='ocrx_word' id='word_1_580' title='bbox 4092 3906 4305 3963; x_wconf 88' lang='lat' dir='ltr'><strong>antea.</strong></span> 
     </span>
     <span class='ocr_line' id='line_1_89' title="bbox 2351 3982 4306 4068; baseline -0.001 -20"><span class='ocrx_word' id='word_1_581' title='bbox 2351 3983 2499 4067; x_wconf 85' lang='lat' dir='ltr'><strong>Ego</strong></span> <span class='ocrx_word' id='word_1_582' title='bbox 2535 4003 2692 4049; x_wconf 91' lang='lat' dir='ltr'><strong>sane</strong></span> <span class='ocrx_word' id='word_1_583' title='bbox 2729 3983 2980 4067; x_wconf 91' lang='lat' dir='ltr'><strong>aliquot</strong></span> <span class='ocrx_word' id='word_1_584' title='bbox 3026 3982 3440 4049; x_wconf 88' lang='lat' dir='ltr'><strong>Lutheranos</strong></span> <span class='ocrx_word' id='word_1_585' title='bbox 3475 3983 3819 4067; x_wconf 86' lang='lat' dir='ltr'><strong>profligavi</strong></span> <span class='ocrx_word' id='word_1_586' title='bbox 3855 3991 4052 4066; x_wconf 85' lang='lat' dir='ltr'><strong>atque</strong></span> <span class='ocrx_word' id='word_1_587' title='bbox 4088 3982 4306 4068; x_wconf 87' lang='lat' dir='ltr'><strong>gladio</strong></span> 
     </span>
     <span class='ocr_line' id='line_1_90' title="bbox 2350 4068 4307 4153; baseline 0 -19"><span class='ocrx_word' id='word_1_588' title='bbox 2350 4069 2624 4153; x_wconf 89' lang='lat' dir='ltr'><strong>spiritus</strong></span> <span class='ocrx_word' id='word_1_589' title='bbox 2661 4068 2906 4135; x_wconf 90' lang='lat' dir='ltr'><strong>Christi</strong></span> <span class='ocrx_word' id='word_1_590' title='bbox 2939 4070 3013 4135; x_wconf 91' lang='lat' dir='ltr'><strong>in</strong></span> <span class='ocrx_word' id='word_1_591' title='bbox 3034 4076 3329 4135; x_wconf 90' lang='lat' dir='ltr'><strong>nostram</strong></span> <span class='ocrx_word' id='word_1_592' title='bbox 3350 4079 3607 4153; x_wconf 90' lang='lat' dir='ltr'><strong>partem</strong></span> <span class='ocrx_word' id='word_1_593' title='bbox 3641 4070 3967 4152; x_wconf 87' lang='lat' dir='ltr'><strong>protraxi:</strong></span> <span class='ocrx_word' id='word_1_594' title='bbox 4004 4069 4307 4151; x_wconf 85' lang='lat' dir='ltr'><strong>quamvis</strong></span> 
     </span>
     <span class='ocr_line' id='line_1_91' title="bbox 2352 4153 4309 4240; baseline 0.001 -21"><span class='ocrx_word' id='word_1_595' title='bbox 2352 4177 2485 4220; x_wconf 92' lang='lat' dir='ltr'><strong>non</strong></span> <span class='ocrx_word' id='word_1_596' title='bbox 2533 4176 2653 4240; x_wconf 86' lang='lat' dir='ltr'><strong>ego</strong></span> <span class='ocrx_word' id='word_1_597' title='bbox 2702 4155 2819 4222; x_wconf 91' lang='lat' dir='ltr'><strong>sed</strong></span> <span class='ocrx_word' id='word_1_598' title='bbox 2865 4156 3215 4223; x_wconf 85' lang='lat' dir='ltr'><strong>Dominus.</strong></span> <span class='ocrx_word' id='word_1_599' title='bbox 3269 4188 3994 4206; x_wconf 81' lang='lat'>——————</span> <span class='ocrx_word' id='word_1_600' title='bbox 4034 4158 4136 4218; x_wconf 85' lang='lat'><strong>24.</strong></span> <span class='ocrx_word' id='word_1_601' title='bbox 4172 4153 4309 4221; x_wconf 87' lang='lat' dir='ltr'><strong>No-</strong></span> 
     </span>
     <span class='ocr_line' id='line_1_92' title="bbox 2351 4242 2873 4308; baseline -0.002 0"><span class='ocrx_word' id='word_1_602' title='bbox 2351 4242 2641 4308; x_wconf 83' lang='lat' dir='ltr'><strong>vembris</strong></span> <span class='ocrx_word' id='word_1_603' title='bbox 2690 4246 2873 4308; x_wconf 83' lang='lat'><strong>1555.</strong></span> 
     </span>
    </p>
   </div>
   <div class='ocr_carea' id='block_1_24' title="bbox 3172 4376 4221 4532">
    <p class='ocr_par' dir='ltr' id='par_1_27' title="bbox 3172 4376 4221 4532">
     <span class='ocr_line' id='line_1_93' title="bbox 3172 4376 4221 4461; baseline -0.005 -15"><span class='ocrx_word' id='word_1_604' title='bbox 3172 4380 3357 4446; x_wconf 76' lang='lat' dir='ltr'><strong>Tuus</strong></span> <span class='ocrx_word' id='word_1_605' title='bbox 3391 4385 3567 4446; x_wconf 89' lang='lat' dir='ltr'><strong>totus</strong></span> <span class='ocrx_word' id='word_1_606' title='bbox 3603 4376 3933 4461; x_wconf 78' lang='lat' dir='ltr'><strong>Georgius</strong></span> <span class='ocrx_word' id='word_1_607' title='bbox 3969 4376 4221 4443; x_wconf 87' lang='lat' dir='ltr'><strong>Laetus</strong></span> 
     </span>
     <span class='ocr_line' id='line_1_94' title="bbox 3379 4464 3917 4532; baseline -0.009 0"><span class='ocrx_word' id='word_1_608' title='bbox 3379 4487 3420 4532; x_wconf 90' lang='lat' dir='ltr'><strong>a</strong></span> <span class='ocrx_word' id='word_1_609' title='bbox 3453 4464 3760 4532; x_wconf 85' lang='lat' dir='ltr'><strong>Lemuitz</strong></span> <span class='ocrx_word' id='word_1_610' title='bbox 3795 4471 3917 4528; x_wconf 89' lang='lat' dir='ltr'><strong>etc.</strong></span> 
     </span>
    </p>
   </div>
   <div class='ocr_carea' id='block_1_25' title="bbox 2357 4549 2759 4567">
    <p class='ocr_par' dir='ltr' id='par_1_28' title="bbox 2357 4549 2759 4567">
     <span class='ocr_line' id='line_1_95' title="bbox 2357 4549 2759 4567; baseline 0 0"><span class='ocrx_word' id='word_1_611' title='bbox 2357 4549 2759 4567; x_wconf 95' lang='lat' dir='ltr'><strong> </strong></span> 
     </span>
    </p>
   </div>
   <div class='ocr_carea' id='block_1_26' title="bbox 2349 4667 4308 4866">
    <p class='ocr_par' dir='ltr' id='par_1_29' title="bbox 2349 4667 4308 4866">
     <span class='ocr_line' id='line_1_96' title="bbox 2349 4667 4308 4866; baseline -0.003 -68"><span class='ocrx_word' id='word_1_612' title='bbox 2349 4667 2942 4866; x_wconf 39' lang='lat' dir='ltr'><strong>&amp;ww</strong></span> <span class='ocrx_word' id='word_1_613' title='bbox 2986 4739 3161 4808; x_wconf 64' lang='lat' dir='ltr'><strong>fueret</strong></span> <span class='ocrx_word' id='word_1_614' title='bbox 3208 4740 3493 4796; x_wconf 59' lang='lat' dir='ltr'><strong>mam.</strong></span> <span class='ocrx_word' id='word_1_615' title='bbox 3576 4738 3650 4795; x_wconf 68' lang='grc' dir='ltr'><strong>ιη</strong></span> <span class='ocrx_word' id='word_1_616' title='bbox 3700 4737 3938 4809; x_wconf 71' lang='lat' dir='ltr'><strong>corpore</strong></span> <span class='ocrx_word' id='word_1_617' title='bbox 3976 4735 4103 4804; x_wconf 70' lang='lat' dir='ltr'><strong>Res.</strong></span> <span class='ocrx_word' id='word_1_618' title='bbox 4146 4736 4308 4793; x_wconf 60' lang='lat' dir='ltr'><strong>notis</strong></span> 
     </span>
    </p>
   </div>
  </div>
 </body>
</html>
