4850 6200
526 462 647 525 175

514 666 863 713 excuserez
905 642 973 709 la
1014 641 1324 710 briefvete
1367 642 1448 707 de
1491 640 1556 706 la
1598 640 1811 705 lettre.
1880 639 2014 705 Les
2056 640 2261 705 freres
2296 660 2463 715 vsous

518 732 778 800 saluent
791 782 806 809 ,
872 730 1064 796 sinon
1122 749 1249 813 que
1307 728 1368 793 ie
1435 734 1719 792 nentens
1774 725 1961 810 point
2014 725 2165 810 quel
2223 736 2325 791 est
2386 744 2462 790 ce

516 818 636 886 Μ’·
665 816 931 883 Riehart
981 836 1106 899 que
1160 835 1326 880 vous
1372 810 1611 892 dictes,
1667 834 1782 879 car
1837 831 2004 878 nous
2046 831 2300 877 navens
2343 811 2462 876 nul

517 925 604 970 en
647 912 870 969 nostre
910 900 1294 985 compagnie
1336 899 1419 965 de
1472 919 1546 966 oe
1604 918 1776 964 nom.
1795 900 1854 977 ⁴)
1942 897 2120 963 Pour
2161 895 2325 962 faire
2367 897 2464 961 fin

518 1010 685 1056 nous
741 989 962 1072 prions
1018 987 1192 1053 Dieu
1263 984 1402 1071 quil
1459 984 1575 1069 luy
1639 983 1843 1067 plaise
1908 994 2295 1068 augmenter
2356 1004 2464 1048 ses

516 1094 747 1162 graoes
788 1094 872 1140 en
920 1094 1099 1152 vous,
1145 1093 1230 1137 en
1276 1092 1436 1138 vous
1478 1068 1870 1136 conduisant
1913 1091 2033 1154 par
2075 1090 2195 1135 son
2237 1068 2466 1152 Esprit

518 1180 605 1228 en
650 1168 829 1225 toute
869 1157 1200 1242 prudenoe
1244 1166 1312 1223 et
1350 1167 1566 1233 verm,
1620 1177 1788 1240 pour
1831 1176 1994 1221 vous
2047 1154 2210 1221 faire
2255 1155 2468 1221 servir

520 1268 562 1313 a
603 1266 678 1311 sa
718 1245 923 1332 gloire
938 1296 954 1322 ‚
1009 1253 1079 1311 et
1123 1265 1282 1311 vous
1324 1244 1509 1309 avoir
1551 1264 1633 1308 en
1678 1261 1752 1307 sa
1794 1242 2159 1325 protection
2202 1242 2466 1324 iusques

519 1350 562 1396 a
612 1352 685 1397 ce
741 1351 868 1414 que
923 1351 1091 1396 nous
1147 1330 1366 1396 soions
1421 1336 1573 1394 tous
1630 1328 1958 1395 recueilliz
2014 1348 2099 1392 en
2142 1326 2468 1410 lheritage

514 1416 767 1485 eternel
808 1416 923 1500 qui
964 1438 1131 1483 nous
1174 1437 1214 1480 a
1247 1423 1388 1480 este
1429 1415 1650 1498 aequis
1685 1434 1804 1497 par
1847 1434 1966 1480 son
2008 1412 2115 1478 filz
2160 1412 2463 1497 unicque.

516 1502 621 1568 De
667 1501 963 1579 Gemite,
1008 1523 1083 1569 ce
1133 1504 1208 1566 19
1253 1498 1333 1566 de
1374 1499 1574 1585 Iuing
1625 1505 1807 1564 1554.

1332 1832 1479 1838 μ---
1506 1831 1679 1840 υ-,σ-

1396 2082 1593 2151 1978.

1053 2236 1523 2304 CALVINUS
1568 2234 1941 2301 VIRETO.

698 2408 957 2477 Praeter
998 2408 1299 2475 nonnulla
1355 2407 1490 2473 alia
1546 2426 1707 2488 quae
1764 2404 1954 2472 obiter
2006 2411 2248 2471 tantum
2289 2407 2475 2471 attin-

521 2500 759 2581 φακέαν
775 2547 790 2572 ,
865 2495 1072 2562 Vireto
1126 2496 1436 2579 neyotium
1511 2491 1865 2574 westphazo
1919 2492 2328 2574 respmuimdi
2394 2493 2473 2558 ab

526 2581 792 2647 Hallero
833 2581 890 2647 ei
931 2582 1416 2648 commendatum
1459 2599 1583 2645 non
1625 2578 1875 2656 invidet,
1922 2579 2015 2643 ita
2050 2582 2256 2643 tamen
2289 2583 2360 2644 ut
2400 2579 2474 2644 id

519 2688 642 2733 non
685 2673 894 2748 sponte
933 2668 1168 2750 factum
1210 2668 1513 2732 videatur.
1600 2665 1811 2731 Alteri
1851 2663 2069 2743 libello,
2108 2664 2467 2743 Genevemi,

504 2772 637 2839 pro
675 2759 936 2836 tempore
976 2774 1046 2819 re
1365 2754 1393 2816 i
1435 2753 1615 2832 eopia
1656 2772 1779 2816 non
1821 2750 2013 2817 datur
2052 2770 2247 2831 quum
2280 2750 2470 2817 Sena-

514 2844 621 2905 tus
661 2859 805 2906 em
845 2841 1130 2906 clausum
1169 2843 1384 2906 teneat.

829 3010 932 3071 (Ex
971 3008 1308 3079 autographo
1343 3006 1475 3062 God.
1512 3006 1717 3062 Geuev.
1755 3006 1899 3073 1072,
1934 3009 2024 3062 fol.
2064 3007 2177 3074 71.)

521 3182 787 3248 Eximio
829 3181 985 3247 Iesu
1031 3181 1284 3247 Christi
1345 3201 1535 3247 servo
1592 3180 1791 3245 Petro
1834 3180 2097 3258 Vireto,
2164 3180 2471 3247 ecclesiae

517 3267 1019 3333 Lausannensis
1061 3265 1190 3333 fido
1234 3267 1502 3350 pastori,
1546 3266 1733 3330 fratri
1779 3275 1846 3330 et
1878 3275 2284 3352 symmystae
2318 3288 2470 3334 con-

1286 3351 1709 3417 iunctissime.

695 3489 766 3556 S.
855 3487 931 3555 Si
977 3488 1094 3556 tibi
1154 3488 1226 3553 in
1281 3487 1412 3555 hac
1467 3508 1685 3565 causa,
1710 3487 1760 3562 ¹)
1820 3485 1901 3553 ad
1945 3509 2140 3572 quam
2181 3497 2469 3557 tractan-

521 3575 675 3643 dam
720 3575 1025 3641 Halteras
1067 3589 1133 3641 te
1177 3573 1502 3653 hortatur,
1556 3573 1756 3639 nullis
1801 3585 2142 3658 suspectus
2186 3597 2326 3642 esse
2370 3577 2470 3642 vi-

521 3660 695 3738 deor,
741 3662 834 3726 mi
895 3661 1124 3742 Vir-ete,
1185 3660 1298 3726 ubi
1345 3661 1547 3744 igitur
1589 3670 1692 3724 est
1735 3660 2103 3743 improbum
2148 3661 2313 3727 illud
2357 3663 2470 3729 ob-

517 3747 828 3816 scurandi
888 3746 1223 3812 studium?
1315 3744 1706 3813 Cavendum
1761 3746 1966 3829 igitur
2015 3747 2177 3812 mihi
2233 3757 2470 3826 statuo,

517 3855 606 3900 ne
650 3832 838 3898 bonis
878 3834 1042 3896 viris
1087 3832 1478 3916 obstrepam.
1571 3831 1837 3897 Utinam
1888 3832 2173 3900 Musaeo
2214 3855 2471 3919 quoque

516 3939 768 3984 morem
812 3939 1038 4001 gerere
1081 3918 1337 3994 liceret,
1396 3918 1507 4001 qui
1563 3917 1829 3983 modum
1872 3920 2332 4004 scriptionibus
2375 3919 2472 3985 fa-

518 4025 669 4073 eere
711 4001 903 4074 iubet,
970 4025 1051 4068 ne
1096 4003 1411 4069 fatiscam.
1520 4001 1654 4069 Sed
1709 4005 2048 4086 praevalet
2108 4007 2471 4072 multorum

517 4088 919 4173 improbitas,
969 4091 1077 4172 qui
1123 4089 1203 4154 ab
1247 4089 1458 4155 invito
1504 4089 1711 4154 multa
1765 4110 1896 4155 non
1959 4092 2122 4158 bene
2166 4103 2474 4160 concocta

518 4177 921 4260 exprimunt.
992 4175 1134 4242 Iam
1180 4174 1343 4239 mihi
1388 4176 1719 4260 integrum
1764 4198 1893 4241 non
1939 4188 2042 4243 est
2082 4178 2153 4242 in
2197 4178 2471 4264 longum

519 4269 779 4345 tempus
823 4263 1248 4344 supprimere,
1294 4283 1461 4343 quae
1504 4263 1850 4347 scripturio
1894 4264 1965 4328 in
2007 4272 2144 4331 tres
2187 4286 2472 4350 evange-

517 4347 724 4414 listas.
742 4350 800 4423 ²)
896 4349 1139 4412 Verum
1196 4369 1388 4430 opere
1445 4347 1560 4412 illo
1603 4347 1805 4428 edito,
1863 4347 1945 4415 ad
1990 4351 2221 4417 tacitas
2264 4351 2471 4417 medi-

519 4432 801 4500 tationes
845 4455 950 4498 me
992 4437 1342 4500 conferam.
1436 4435 1526 4498 Et
1580 4443 1754 4499 certe
1812 4436 1878 4500 in
1939 4435 2261 4520 loquendo
2303 4437 2470 4502 mihi

519 4519 673 4604 plus
726 4521 882 4587 satis
942 4533 1045 4584 est
1111 4520 1372 4604 negotii.
1464 4518 1807 4601 Quantum
1871 4520 1955 4586 ad
2018 4523 2259 4587 fratres
2323 4524 2470 4589 illos

518 4617 789 4692 spectat,
835 4627 965 4671 non
1009 4607 1410 4673 committam
1451 4618 1526 4671 ut
1568 4605 1697 4672 illis
1732 4607 2022 4673 taedium
2057 4609 2289 4674 afferat
2321 4629 2471 4675 mea

522 4693 854 4759 sedulitas.
883 4695 942 4773 ⁸)
1032 4690 1226 4773 Quod
1286 4693 1361 4756 D.
1426 4714 1468 4757 a
1510 4691 1708 4759 Laseo
1764 4691 2199 4778 respondendi
2241 4705 2469 4780 partes

725 4978 783 5046 4)
823 4981 965 5036 ectu
1009 4983 1162 5036 lettre
1204 4989 1283 5036 est
1326 4982 1673 5038 &videntum
1714 4984 1769 5039 la
1815 4985 2044 5054 re‘ponne
2088 4987 2125 5040 ὰ
2170 5001 2278 5041 m
2311 4994 2472 5041 autre

658 5047 929 5104 cettee‘·
1013 5047 1750 5109 mnmeavaaderioee
1790 5053 2014 5109 Oeneae.

520 5064 780 5180 mal)
899 5120 1207 5174 momee‘a
1265 5136 1386 5173 eum
1451 5118 1805 5190 Weetphalo?
1901 5120 1967 5176 Sa·
2023 5123 2160 5192 quid
2210 5123 2471 5194 videm

520 5185 784 5243 Rauenna
822 5185 1044 5242 odoini
1074 5188 1418 5245 acerbitatem
1451 5192 1731 5246 metuabat.
1803 5188 1888 5255 Of.
1927 5188 2005 5245 N.
2048 5191 2195 5246 1992.

726 5259 785 5320 2)
827 5256 1048 5313 maiia
1082 5257 1397 5313 Harmonia
1450 5255 1783 5313 Octauiana
1823 5273 1876 5311 α.
1926 5256 2081 5315 1555.
2154 5257 2312 5330 Quae
2351 5262 2470 5318 lau-

517 5323 689 5381 datur
720 5325 939 5462 Ξῗᾱὸΐο.
982 5325 1116 5380 1558
1148 5328 1329 5448 morli
1359 5327 1711 5382 libranum
1744 5325 1979 5381 debetur.

886 5435 903 5450 .
935 5410 1112 5466 upra
1143 5403 1254 5452 not.
1329 5436 1341 5449 .

2048 446 2575 516 EPISTOLAE
2632 453 3051 514 1977—1900

4397 453 4516 515 176

2564 639 2866 722 suscepit,
2887 640 2944 716 4)
3000 639 3117 704 tibi
3159 638 3419 705 obstare
3460 659 3592 705 non
3638 638 3830 707 debet
3844 692 3859 715 ,
3917 642 4077 726 quin
4131 640 4334 707 libere
4377 659 4520 705 ma-

2563 745 2725 790 num
2772 722 3125 791 admoveas
3178 724 3377 809 operi.
3467 723 3663 806 Quod
3721 734 3944 792 autem
3997 726 4164 792 mihi
4205 726 4514 811 iniungit,

2565 810 2682 876 tibi
2724 809 3004 876 libenter
3047 811 3325 894 resigno.
3406 810 3556 893 Qua
3598 810 3681 877 de
3734 832 3934 879 causa
3973 810 4269 879 libellum
4293 814 4348 894 ὅ)
4396 812 4518 879 n'bi

2565 896 2754 962 mitto
2770 946 2787 976 ,
2846 916 2931 961 ne
2993 916 3162 961 vana
3215 915 3453 980 operae
3507 918 3695 964 meae
3748 918 3896 982 spes
3962 907 4028 964 te
4083 907 4326 981 puncto
4384 920 4515 965 uno

2567 981 2881 1067 temporis
2917 991 3227 1047 moretur.
3293 982 3570 1048 Interim
3607 982 3873 1063 efficias,
3909 993 3985 1050 ut
4017 984 4208 1051 sileat
4248 984 4519 1053 honoris

2566 1068 2697 1133 mei
2762 1066 3080 1145 defensor,
3103 1071 3156 1147 ⁸)
3223 1089 3417 1151 quem
3483 1076 3560 1134 tu
3624 1066 3946 1136 indicasti.
4056 1069 4288 1154 Neque
4351 1091 4519 1154 opus

2566 1153 2711 1231 erit,
2767 1161 2840 1219 ut
2881 1174 3075 1219 suum
3118 1155 3557 1238 patrocinium
3600 1155 3930 1240 repudiari
3986 1155 4344 1241 intelligat:
4400 1155 4518 1223 sed

2568 1239 2745 1306 dices
2798 1238 2972 1325 quod
3031 1260 3259 1305 verum
3319 1250 3418 1306 est
3434 1291 3448 1320 ‚
3521 1239 3856 1308 decretum
3913 1248 4181 1308 senatus
4235 1241 4513 1308 obstare.

2569 1325 2772 1392 Liber
2814 1326 2992 1391 enim
3037 1325 3299 1392 clausus
3344 1335 3607 1392 tenetur
3670 1335 3957 1411 quatuor
3997 1328 4196 1406 seris,
4252 1329 4322 1394 in
4380 1334 4516 1394 tres

2570 1412 2677 1479 vel
2719 1421 3000 1495 quatuor
3032 1430 3307 1478 menses.
3377 1412 3631 1478 Volunt
3664 1414 3944 1498 improbi
3987 1435 4058 1480 se
4107 1414 4320 1480 ultum
4352 1435 4520 1490 esse,

2570 1499 2760 1583 pauci
2802 1509 2979 1563 recte
3019 1495 3342 1563 iudicant:
3388 1497 3640 1582 pedarii
3682 1499 3916 1584 cupide
3957 1500 4301 1585 wmpiunt,
4344 1498 4519 1583 quod

2571 1584 2700 1650 otio
2759 1583 3021 1649 videtur
3086 1583 3321 1649 melius
3376 1584 3716 1667 quadrare.
3828 1586 3973 1671 Ego
4038 1607 4198 1652 vero
4259 1587 4520 1652 fortiter

2571 1668 3034 1736 intercedendo
3099 1668 3270 1735 nihil
3326 1671 3588 1755 profeci.
3678 1670 3874 1753 Quod
3926 1671 3983 1737 si
4035 1671 4242 1738 libera
4303 1671 4522 1739 adhuc

2571 1756 2839 1822 daretur
2894 1755 3196 1834 facultas,
3267 1756 3526 1840 quidvis
3595 1768 3819 1823 tamen
3874 1759 4086 1841 potius
4148 1779 4347 1844 quam
4403 1757 4521 1824 ille

2571 1842 2772 1908 verba
2829 1856 3073 1906 temere
3129 1842 3497 1924 profundat.
3598 1843 3738 1909 Nec
3785 1864 3944 1910 sane
4000 1845 4073 1909 in
4125 1841 4524 1911 auditorium

2572 1926 2829 1993 admitti
2874 1926 3114 1993 debuit.

2746 2010 3131 2097 Collonyium
3148 2018 3206 2092 ¹¹)
3264 2014 3441 2080 abire
3508 2035 3740 2098 passus
3805 2037 3952 2081 sum
4017 2036 4145 2099 quo
4208 2017 4520 2082 iussistis:

2572 2119 2783 2181 neque
2827 2113 3049 2164 tamen
3094 2100 3430 2167 dissimulo
3446 2152 3463 2179 ,
3522 2102 3680 2184 quin
3737 2123 3841 2167 me
3896 2110 4149 2168 vestrae
4188 2101 4524 2168 facilitatis

2573 2183 2831 2268 pudeat.
2924 2184 3108 2260 Vale,
3166 2187 3592 2271 integerrime
3647 2187 3882 2266 frater,
3939 2208 4070 2253 una
4125 2209 4270 2254 cum
4316 2207 4526 2253 uxore

2575 2282 2642 2334 et
2684 2270 2945 2335 familia.
3035 2272 3362 2337 Dominus
3407 2274 3594 2338 vobis
3636 2293 3896 2358 semper
3937 2272 4125 2353 adsit,
4171 2294 4285 2340 vos
4333 2282 4522 2339 tuea-

2575 2365 2684 2421 tur
2749 2378 2825 2422 ac
2889 2355 3225 2441 gubernet.
3313 2360 3640 2426 Dominus
3704 2359 3950 2442 optimo
4006 2358 4149 2425 viro
4211 2369 4280 2424 et
4339 2357 4524 2426 fideli

2576 2441 2844 2508 diacono
2924 2441 3311 2510 Maldonado
3332 2448 3383 2525 ⁸)
3461 2466 3580 2510 nos
3658 2447 3962 2528 privavit.
4089 2444 4444 2511 Varenm'ue
4467 2448 4524 2521 ο)

2576 2538 2794 2594 noster
2834 2528 3084 2594 laborat
3124 2529 3294 2595 febri
3347 2532 3658 2607 tertiana,
3716 2552 3847 2596 non
3889 2531 4006 2598 illa
4059 2530 4321 2615 quidem
4362 2532 4521 2605 acri.

2576 2611 2690 2680 sed
2732 2635 2899 2697 quae
2944 2628 3164 2680 tamen
3209 2628 3474 2702 propter
3515 2619 3548 2682 f
3656 2626 3888 2683 uentes
3932 2637 4254 2702 syncopae
4297 2625 4366 2682 et
4407 2616 4526 2683 de·-

2576 2700 2779 2782 liquia
2821 2721 3044 2766 curam
3089 2703 3276 2768 nobis
3319 2704 3545 2769 iniicit.
3703 2704 3804 2769 ale
3847 2704 4082 2769 iterum
4101 2755 4115 2782 ,
4173 2714 4241 2769 et
4281 2704 4526 2769 amicos

2576 2786 2808 2852 saluta.
2897 2786 3206 2855 Genevae
3252 2792 3351 2853 23.
3397 2789 3575 2854 Iunii
3629 2793 3805 2853 1554.

3496 2926 3776 2993 Ioannes
3821 2925 4141 2996 Calvinus
4185 2936 4356 2995 tuus.

3359 3224 3422 3230 —-.
3443 3225 3516 3232 -..μ
3537 3223 3718 3233 οὮ--α-

3457 3459 3645 3532 lm.

3003 3611 3489 3681 ronsnnm·
3514 3615 3562 3700 ι)
3609 3617 3669 3681 A
3716 3615 4084 3684 GALVIN.

2747 3782 2823 3848 Π
2867 3789 3131 3868 protestet
3194 3792 3398 3854 contre
3451 3788 3848 3854 l’aoemation
3904 3788 4149 3856 d'avoir
4199 3790 4405 3858 sedicit
4462 3799 4525 3860 et

2572 3868 2775 3934 enleve
2832 3869 2897 3936 la
2949 3870 3171 3952 femme
3226 3872 3380 3940 d‘un
3440 3879 3616 3939 autre
3669 3878 3726 3938 et
3781 3873 4011 3941 declivae
4067 3875 4396 3944 d’ailleurs
4450 3878 4521 3945 la

2572 3955 2939 4039 competence
2978 3959 3068 4023 du
3105 3959 3466 4026 consisto-ire
3507 3959 3581 4027 de
3631 3959 3884 4026 Geneve.

2776 4158 2837 4224 4)
2878 4161 2953 4216 N.
3000 4160 3149 4216 1891.
3223 4162 3457 4220 Duobus
3493 4166 3687 4221 libellis
3739 4164 4042 4235 westphali
4084 4169 4526 4238 respondenda-u

2571 4238 2708 4298 erat,
2742 4231 2970 4284 alterum
3003 4236 3217 4313 tantm
3251 4233 3358 4289 eibi
3389 4242 3760 4290 reservaverat
3797 4234 4027 4294 Laome.

2775 4297 2839 4430 ἓ)
2876 4296 3314 4448 53¹²?ssva
3348 4370 3632 4452 obsoni-iae
3672 4370 3839 4425 dieta·
3864 4373 4121 4428 αῑῐιιάιηιε
4160 4375 4238 4430 ad
4281 4374 4519 4431 luvellum

2571 4452 2609 4491 a
2657 4436 2917 4491 Vandelno
2950 4437 3194 4504 mamm,
3238 4446 3432 4493 eontra
3477 4455 3635 4494 eum
3677 4441 3983 4496 calumniae
4015 4445 4199 4499 neu-io
4230 4445 4358 4515 quie
4394 4443 4524 4500 001-

2570 4506 2758 4560 νίκα-ο
2779 4504 3066 4571 defendere
3089 4507 3322 4561 volm'eee
3337 4508 3567 4562 vidam.
3624 4508 3732 4575 (N.
3752 4509 3957 4578 19399)
3994 4512 4259 4568 Libellus·
4275 4514 4526 4570 ἄοικοι

2572 4575 2744 4628 teneri
2783 4576 2848 4629 in
2881 4574 3038 4630 Actis
3079 4584 3302 4630 mactae
3341 4592 3456 4631 non
3505 4577 3758 4647 holmus,
3814 4577 4117 4648 niei‘forte
4157 4583 4254 4638 uos·
4286 4582 4526 4640 dicim.—

2570 4642 2682 4712 (21.
2720 4641 2906 4706 Iunii)
2942 4643 3102 4714 qn’on
3138 4644 3189 4697 le
3222 4645 3391 4714 garde
3425 4661 3641 4701 encore.

2776 4709 2836 4777 7)
2877 4711 3083 4767 stane.
3117 4713 3325 4780 Mor-el,
3359 4714 3443 4769 dit
3462 4713 3542 4768 Sr-
3580 4716 3647 4770 de
3668 4716 3944 4787 Gotones,
3978 4719 4189 4775 alb&
4218 4717 4276 4773 8.
4297 4718 4526 4775 Mariae

2570 4781 2647 4835 ad
2675 4779 2907 4848 fodinae
2939 4783 3001 4835 ἐκ
3034 4782 3257 4836 Aloatia
3303 4784 3546 4838 minister
3580 4786 3718 4851 fuit,
3760 4801 3885 4840 noo-e
3919 4802 4047 4843 vero
4083 4786 4219 4843 1557
4258 4788 4528 4844 Geueoae.

2580 4847 2730 4919 Quid
2770 4851 2821 4905 h.
2858 4849 2894 4906 1.
2938 4852 3006 4904 de
3049 4866 3111 4904 eo
3156 4850 3376 4907 dicatur
3419 4853 3576 4907 nobie
3621 4869 3733 4909 non
3775 4856 3958 4926 liquet.
4038 4857 4155 4925 (Of.
4205 4857 4281 4913 Ν.
4330 4856 4523 4924 1994.)

2571 4917 2996 5044 agnomen
3028 4917 3281 5042 ἔξαρνοι
3314 4921 3513 4976 etudine
3559 4938 3778 4992 operam
3813 4925 4056 4983 navabat
4087 4932 4139 4981 et
4171 4942 4210 4981 a
4255 4925 4522 4982 Vadeam'-

2569 5126 2717 5181 ω..
2749 5055 3493 5259 ffiffiffiaem
3475 5073 3844 5186 “xz-„w
3878 5063 4122 5198 m
4153 5063 4383 5200 ἐφ’·
4429 5065 4526 5121 ⁰⁶·

2573 5261 2748 5317 1970.
2789 5260 3530 5332 ”Dan-sleBeao’etredu
3568 5266 3887 5325 Comama
3928 5276 4117 5326 nonve
4161 5270 4528 5327 aemma

2572 5333 2631 5388 la
2664 5332 2904 5386 moion
2936 5330 3072 5386 dnm
3103 5340 3338 5415 rapport
3376 5334 3488 5401 fait
3529 5351 3623 5392 sur
3664 5335 3886 5393 l’afl‘aire
3930 5340 4002 5394 de
4034 5340 4356 5412 Fon-onnay
4389 5341 4530 5410 (uie)

2572 5397 3033 5457 etoeitlsuva
3074 5417 3149 5457 on
3190 5403 3284 5458 lte:
3329 5402 3470 5459 Item
3511 5404 3582 5459 de
3627 5408 3994 5474 amnestian
4045 5410 4528 5479 quiaanltrefoin
