4850 6200
313 426 373 487 61
1954 422 2117 484 1554
2159 418 2624 487 FEBRUAR„
4197 426 4282 487 62

451 608 589 677 Sed
642 610 776 675 iam
829 606 1023 674 video
1089 605 1356 673 cavillos
1410 615 1662 674 vestros
1727 605 1963 691 quihus
2027 627 2226 692 supra
2272 610 2283 773 ἱ
2331 609 2902 693 persequutionem
2976 612 3359 692 paterentur
3423 614 3490 672 et
3553 608 4004 694 affligerentur
4055 610 4138 678 ab
4198 610 4292 679 iis

306 699 558 780 scriptas
632 695 994 761 sententias
1075 715 1276 777 prave
1342 693 1792 777 detorqueatis.
1902 697 1997 758 At
2059 692 2226 758 nihil
2330 697 2442 778 qui
2487 716 2606 761 nec
2649 706 2900 779 patrem
2948 716 3068 760 nec
3109 695 3324 778 ipsum
3366 694 3868 777 cognoscerent?
3958 694 4128 777 Quis
4149 693 4284 764 Dei

306 783 608 868 proficitis.
696 780 828 846 Piis
872 780 1046 845 enim
1107 790 1173 844 et
1215 779 1487 845 caritate
1538 777 1848 862 praeditis
1893 779 2228 862 spiritibus
2274 776 2281 879 1
2332 782 2599 863 spiritns
2645 802 2761 847 vos
2802 800 3093 864 unquam
3137 779 3220 844 ad
3258 787 3393 844 tam
3430 782 3716 847 immane
3751 782 4003 847 facinus
4043 802 4284 866 perpu-

305 872 617 952 imponere
678 888 812 932 non
866 867 1171 951 potestis,
1230 865 1600 949 frustraque
1654 864 1789 931 illis
1831 864 2227 949 persuadere
2276 896 2280 951 ;
2330 866 2556 931 lisset‘?
2646 864 2928 947 Quando
2970 886 3262 950 unquam
3306 867 3779 948 persuadebitis
3834 868 3940 934 vel
3997 870 4279 953 posteris

304 953 673 1023 contenditis
717 973 888 1017 anne
932 952 1216 1035 proximi
1260 953 1457 1017 vestri
1506 951 1575 1015 in
1619 952 1838 1017 Iesum
1886 949 2227 1016 Christum
2276 958 2281 975 “
2333 953 2443 1017 vel
2487 953 2795 1019 ecclesiae
2836 952 2907 1018 in
2951 952 3292 1037 evangelio
3335 954 3708 1019 renascenti
3748 973 3869 1020 vos
3925 954 4283 1021 christiane

300 1041 412 1107 Dei
448 1040 664 1104 filium
707 1038 1019 1122 baptizati
1052 1046 1120 1102 et
1154 1037 1601 1122 evangelicam
1642 1035 1840 1102 fidem
1884 1059 1968 1102 ex
2011 1037 2229 1101 animo
2276 1012 2283 1129 ξ
2334 1039 2711 1123 evangelice
2750 1046 2818 1104 et
2859 1038 3163 1123 religiose
3206 1038 3454 1116 fecisse,
3497 1060 3698 1121 quum
3743 1040 3968 1124 legent
4009 1042 4118 1107 vel
4161 1062 4279 1106 au-

302 1126 648 1211 profitentis
690 1133 760 1190 et
800 1145 1035 1207 corpus
1079 1132 1147 1189 et
1188 1122 1495 1201 animam,
1556 1131 1875 1206 quantum
1931 1125 2004 1187 in
2048 1122 2231 1187 vobis
2278 1138 2283 1155 “
2336 1123 2518 1189 dient
2562 1145 2681 1190 vos
2721 1133 2859 1190 tam
2902 1125 3107 1189 atroci
3151 1122 3454 1202 vindicta,
3500 1126 3851 1210 impiorum
3885 1128 4088 1191 armis
4129 1150 4280 1192 suc·
4343 1110 4368 1137 L

302 1213 432 1289 fuit,
491 1211 768 1295 perdere
821 1209 1199 1287 studuistis,
1266 1231 1381 1293 pro
1446 1210 1630 1275 cuius
1688 1210 1827 1272 vita
1890 1216 1957 1273 et
2023 1209 2231 1273 salute
2278 1168 2285 1335 ἱ
2335 1210 2602 1289 cinctos,
2645 1211 2972 1292 privatam
3016 1231 3280 1283 causam
3316 1212 3566 1292 reipsa
3607 1220 4005 1295 satagentes,
4065 1213 4279 1278 homi-

303 1298 591 1364 christus
641 1298 809 1361 mori
862 1295 1087 1361 voluit.
1187 1295 1263 1361 Si
1324 1316 1545 1361 errore
1608 1295 1860 1377 lapsum
1929 1294 2231 1359 sciebatis
2335 1317 2486 1360 nem
2533 1296 2982 1380 peregrinum,
3032 1296 3260 1379 pietati
3318 1304 3578 1361 vestrae
3631 1297 3942 1361 confisum
3961 1350 3976 1375 ,
4034 1297 4116 1361 ad
4160 1319 4282 1364 vos

300 1405 515 1467 corpus
572 1384 993 1465 exstinguere
1050 1402 1183 1446 non
1243 1381 1585 1446 debuistis:
1642 1384 1695 1445 si
1754 1380 1901 1445 dolo
1958 1399 2229 1463 peccan-
2278 1426 2283 1435 .
2334 1390 2568 1464 sponte
2610 1382 2995 1463 profectum,
3043 1382 3253 1447 solum
3299 1390 3364 1444 et
3408 1380 3850 1460 indefensum,
3910 1384 4090 1447 omni
4140 1385 4278 1450 suf—

298 1484 438 1545 tem,
509 1469 683 1552 quod
754 1478 855 1534 est
919 1468 999 1533 ab
1064 1468 1241 1532 omni
1300 1465 1877 1532 verisimilitudine
1942 1465 2231 1531 maxime
2278 1494 2283 1507 ·
2332 1467 2539 1551 fregio
2584 1467 2986 1545 destitutum,
3042 1474 3289 1544 vestro,
3350 1465 3417 1530 id
3475 1478 3574 1532 est
3630 1468 4006 1551 capitalium
4065 1471 4277 1534 inimi-

300 1556 588 1634 alienum,
633 1554 827 1640 longe
870 1554 1092 1618 minus
1133 1574 1252 1636 pro
1294 1574 1493 1619 causa
1532 1551 1684 1619 fidei
1719 1552 1993 1636 perdere
2035 1550 2228 1616 debe-
2278 1618 2283 1637 ,
2333 1574 2558 1618 corum
2604 1551 2870 1618 arbitrio
2906 1552 3312 1629 ventilatum,
3357 1552 3779 1631 lancinatum,
3825 1575 3975 1619 cnm
4009 1556 4274 1619 immor-

298 1641 444 1707 batis
490 1661 730 1725 corpus
775 1647 841 1705 et
879 1640 1167 1704 animam
1210 1639 1693 1715 interimentes,
1752 1640 1903 1721 quia
1947 1638 2227 1702 clemen·
2276 1642 2283 1733 Q
2332 1639 2450 1703 tali
2494 1638 2639 1704 odio
2683 1639 3038 1722 ignominia
3084 1648 3147 1702 et
3189 1637 3468 1703 ludibrio
3513 1639 3903 1719 traductum,
3947 1646 4082 1703 tam
4128 1662 4277 1705 cru-

296 1728 573 1793 tissimus
629 1727 813 1791 Deus
872 1726 1018 1792 beni
1114 1746 1193 1789 us
1243 1726 1501 1808 pat-iens
1557 1734 1623 1788 et·
1678 1724 2073 1808 longanimis
2131 1731 2230 1787 est
2278 1744 2283 1753 ¹
2331 1724 2567 1791 deliter
2607 1734 2675 1789 et
2717 1725 3091 1790 immaniter
3125 1725 3540 1802 exstinxisse,
3583 1746 3815 1807 corpus
3860 1733 3928 1790 et
3970 1727 4280 1803 animam,

297 1824 349 1876 et
390 1813 636 1878 multae
677 1812 976 1877 miserico
1062 1812 1178 1890 ‘ae,
1221 1832 1343 1877 nec
1368 1811 1513 1876 vult
1554 1820 1831 1875 mortem
1874 1809 2229 1893 peccatoris
2330 1819 2650 1895 quantum
2706 1811 2777 1874 in
2817 1809 3004 1875 vobis
3043 1812 3201 1885 suit,
3247 1808 3536 1893 occidere
3579 1810 4050 1895 properantes?
4135 1816 4278 1878 Au-

297 1898 395 1965 sed
434 1914 515 1963 ut
558 1898 639 1962 ad
685 1898 1149 1981 poenitentiam
1205 1906 1566 1963 revocetur.
1657 1899 1766 1961 An
1809 1895 1989 1961 scitis
2033 1894 2230 1959 fidem
2333 1897 2482 1961 dete
2525 1917 2783 1982 negare,
2831 1898 2885 1962 si
2928 1898 3214 1980 potestis,
3275 1917 3390 1961 vos
3435 1898 3492 1961 ei
3539 1917 3668 1961 non
3725 1898 3925 1962 fuisse
3969 1899 4281 1981 gravissi-

295 2006 417 2050 esse
455 1985 705 2050 donum
752 1985 912 2063 Dei,
967 1994 1032 2048 et
1088 1982 1429 2049 duodecim
1490 2002 1631 2047 esse
1688 1980 1885 2047 horas
1942 1980 2102 2059 diei,
2163 1988 2232 2045 et
2331 2003 2475 2047 mos
2511 1983 2822 2061 inimicos,
2869 1994 2933 2047 et
2976 1984 3116 2047 eius
3160 1983 3421 2065 scriptis
3459 1983 3847 2048 nominatim
3894 2004 4029 2047 non
4074 1984 4280 2049 offen—

294 2072 484 2153 primo
552 2091 808 2154 quoque
872 2069 1185 2152 temporis
1250 2082 1580 2134 momento
1646 2087 1833 2151 posse
1900 2076 2228 2131 errantem
2333 2090 2456 2148 sos,
2516 2070 2652 2133 eius
2712 2069 3099 2153 sanguinem
3165 2090 3294 2132 non
3346 2069 3502 2133 totis
3563 2069 3807 2148 animis⁴
3859 2071 4278 2153 expetivisse,

296 2156 542 2241 corrigi,
586 2164 963 2239 peccantem
1009 2156 1319 2234 converti,
1363 2175 1629 2220 caecum
1674 2152 2022 2231 illustrari,
2082 2154 2231 2217 infi-
2277 2124 2284 2213 Ῐ
2332 2175 2523 2219 omne
2567 2155 2911 2221 consilium
2955 2166 3020 2219 et
3062 2174 3322 2238 operam
3372 2156 3442 2218 in
3477 2153 3762 2219 tollendo
3805 2155 4179 2221 adversario
4213 2166 4281 2220 et

294 2242 487 2308 delem
513 2241 758 2321 reduci,
796 2241 1196 2307 haereticum
1235 2240 1548 2317 revocari,
1588 2238 2003 2323 publicanum
2039 2239 2229 2304 iusti·
2332 2242 2742 2325 gravissimis
2820 2241 3155 2324 suppliciis
3244 2239 3584 2306 afficiendo
3664 2262 3799 2306 non
3885 2240 4280 2321 adhibuisse,

292 2329 451 2393 ficari
516 2338 586 2393 et
642 2327 963 2393 latronem
1063 2327 1393 2394 lorificari.
1482 2326 1667 2391 Haec
1724 2334 1878 2390 sunt
1937 2326 2229 2409 omnipo·
2332 2339 2610 2392 mortem
2670 2328 2811 2392 eius
2863 2338 2928 2391 et
2983 2326 3401 2410 opprobrium
3463 2325 3826 2392 rident-ibus
3890 2328 4092 2392 oculis
4147 2349 4279 2392 non

291 2415 471 2479 tentis
523 2413 651 2479 Dei
695 2412 994 2479 admiran
1041 2434 1080 2477 a
1136 2434 1333 2495 opera
1392 2422 1457 2478 et
1515 2412 1784 2489 iudicia,
1840 2412 2024 2477 cuius
2081 2412 2230 2475 viae
2333 2416 2692 2496 aspexisse,
2750 2411 2834 2477 ad
2876 2413 3263 2496 supplicium
3309 2414 3493 2478 eunti
3530 2413 3841 2478 illusoriis
3882 2414 4100 2479 verbis
4145 2436 4277 2478 non

292 2521 499 2566 omnes
554 2498 1000 2565 misericordia
1047 2498 1306 2581 plenae,
1368 2508 1434 2562 et
1478 2518 1709 2563 manus
1754 2496 1836 2561 ad
1881 2496 2228 2562 sublevan-
2332 2500 2699 2564 insultasse.
2790 2498 2968 2581 Quid
3012 2498 3308 2563 moeres?
3365 2498 3519 2582 quid
3567 2498 3820 2583 gemis?
3867 2498 4025 2582 quid
4069 2503 4280 2583 suspi-

290 2585 427 2651 dum
482 2587 760 2651 minime
818 2584 1222 2650 abbreviata:
1295 2605 1495 2668 quam
1551 2606 1664 2648 vos
1730 2591 1951 2647 tamen
2010 2594 2229 2649 vestro
2277 2622 2282 2661 ,
2335 2584 2490 2649 ras?
2578 2584 2652 2650 Si
2714 2586 2931 2668 opinio
2991 2596 3104 2649 tua
3163 2606 3320 2649 vera
3374 2592 3506 2661 est,
3575 2605 3694 2650 cur
3750 2605 3884 2648 non
3941 2584 4153 2650 laetus
4211 2598 4280 2650 et

290 2672 625 2755 praecipiti
669 2669 906 2736 iudicio
960 2679 1030 2734 et
1070 2670 1290 2735 ultrici
1346 2669 1616 2736 consilio
1674 2689 1963 2750 ausuque
2024 2678 2219 2734 teme·
2276 2674 2282 2771 j
2333 2670 2628 2754 gaudens
2705 2671 2892 2736 abis?
3005 2670 3198 2736 'Pales
3282 2680 3468 2735 erant
3547 2668 3940 2754 perfidorum
4010 2672 4081 2734 in
4147 2672 4277 2736 Dei

290 2758 442 2822 rario
489 2768 562 2821 et
603 2777 986 2840 percurrere
1045 2768 1111 2820 et
1162 2756 1575 2839 perscindere
1620 2755 1947 2831 voluistis,
2005 2764 2228 2820 trucu-
2275 2776 2281 2841 ς
2329 2756 2543 2821 filium
2586 2776 2813 2822 voces:
2871 2755 2946 2821 Si
3001 2756 3176 2822 filius
3231 2758 3361 2822 Dei
3415 2776 3513 2833 66,
3572 2755 3890 2822 descende
3947 2754 4027 2819 de
4085 2779 4278 2822 cruce

290 2843 607 2909 lentorum
675 2852 741 2907 et
786 2842 1177 2907 immanium
1234 2842 1524 2907 iudicum
1584 2839 1882 2924 exempla
1947 2842 2226 2923 sequuti,
2276 2848 2281 2891 ²
2331 2850 2400 2906 et
2444 2841 2780 2907 credemus
2823 2841 2959 2907 tibi.
3028 2841 3088 2907 Ο
3126 2842 3556 2908 christianam
3601 2842 3946 2925 pietatem!
3994 2863 4031 2905 o
4075 2863 4278 2907 evan-

290 2930 387 3012 qui
430 2950 623 2994 reum
669 2928 888 3012 aliqua
939 2929 1200 3010 privata
1242 2929 1496 2993 ratione
1555 2927 1677 2991 sibi
1736 2927 1894 3008 ipsis
1938 2927 2223 2992 invisum
2276 2916 2281 2941 '
2331 2929 2604 3012 gelicam
2649 2930 3020 2995 caritatem!
3089 2950 3126 2993 o
3169 2929 3578 3011 praeclarum
3622 2929 3871 2994 facinus
3914 2948 4031 3011 pro
4076 2929 4280 2993 tutela

286 3017 465 3080 morti
516 3014 968 3080 adiudicatum
1003 3025 1245 3097 quanta
1279 3020 1553 3096 possunt
1589 3012 1918 3078 celeritate
1954 3010 2037 3077 ad
2072 3034 2224 3096 sup-
2332 3022 2399 3078 et
2442 3015 2657 3098 quiete
2716 3014 3022 3080 ecclesiae
3066 3015 3542 3100 excogitatum!
3634 3013 3802 3095 Quis
3847 3021 3980 3078 tam
4026 3015 4278 3080 ferreus

287 3101 545 3185 plicium
602 3101 1068 3186 praecipitant,
1139 3123 1222 3166 ne
1276 3103 1442 3166 forte
1502 3101 1676 3184 regis
1733 3101 1944 3183 gratia
1997 3121 2224 3182 super·
2276 3141 2281 3156 ·
2332 3112 2395 3166 et
2441 3103 2833 3167 neronianus
2888 3101 3049 3168 haec
3104 3101 3375 3167 audiens
3435 3121 3564 3165 non
3625 3098 4002 3166 horrescat?
4106 3100 4278 3181 Quis

286 3189 553 3253 veniens
612 3209 796 3253 reum
855 3188 935 3253 ab
994 3208 1216 3252 eorum
1276 3187 1580 3252 manibus
1634 3186 1864 3251 liberet
1919 3195 1984 3250 et
2027 3187 2227 3251 saluti
2329 3197 2463 3252 tam
2489 3189 2808 3254 busiricus
2831 3197 2894 3252 et
2919 3188 3381 3253 adamantinus
3405 3188 3567 3254 haec
3591 3187 3780 3254 siccis
3815 3186 4019 3253 oculis
4055 3187 4274 3270 legat?

288 3274 578 3358 vitaeque
613 3274 937 3339 restituat.
984 3271 1117 3338 Sed
1155 3285 1329 3339 certe
1365 3273 1797 3338 christianum
1836 3283 1994 3348 erat,
2031 3295 2228 3338 evan-
2275 3301 2281 3342 ι
2503 3278 2596 3340 At
2638 3275 2860 3339 deerat
2903 3274 3120 3339 adhuc
3162 3274 3526 3357 spectaculo
3567 3273 3822 3338 naenia.
3911 3272 4280 3338 Confestim

285 3360 559 3443 gelicum
581 3367 742 3438 erat,
790 3369 856 3424 et
891 3357 1231 3443 religiosae
1268 3359 1647 3441 professioni
1695 3367 2228 3437 consentaneum,
2275 3357 2281 3398 '⁸
2333 3360 2548 3426 editus
2607 3371 2704 3426 est
2761 3358 3017 3425 libellus
3043 3364 3125 3444 ¹⁰)
3185 3381 3447 3425 omnem
3510 3380 3924 3442 progressum
3983 3368 4050 3423 et
4106 3359 4276 3422 iudi-

284 3445 609 3511 hominem
676 3446 1095 3529 peregrinum
1168 3445 1236 3509 in
1296 3466 1531 3509 manus
1590 3459 1841 3509 vestras
1909 3444 2227 3509 traditum
2331 3447 2502 3511 cium
2569 3447 2864 3529 probans.
2953 3445 3111 3510 Fuit
3179 3448 3490 3511 nimirum
3547 3445 3661 3510 illa
3724 3446 3931 3511 oratio
3985 3445 4277 3510 funebris

284 3531 659 3596 humaniter
714 3531 1095 3608 admonere,
1164 3531 1503 3614 scripturis
1550 3532 1879 3607 evincere,
1939 3530 2019 3594 ad
2078 3532 2228 3595 uni-
2328 3553 2497 3615 quae
2568 3534 2872 3599 exstincti
2953 3531 3200 3596 cineres
3288 3531 3789 3598 commendaret.
3918 3529 4277 3595 Accendite

286 3625 471 3681 tatem
520 3619 591 3681 in
639 3618 910 3683 caritate
955 3615 1295 3694 reducere,
1354 3627 1883 3700 perseverantem
1930 3616 2032 3680 vel
2080 3638 2227 3700 pro·
2328 3619 2659 3698 flammas,
2721 3640 2758 3682 o
2804 3617 3107 3703 tyranni!
3199 3618 3585 3684 Haereticos
3648 3639 3686 3682 a
3733 3616 3913 3681 vobis
3958 3615 4275 3680 iudicatos

284 3702 513 3784 pellere
576 3703 678 3767 vel
739 3702 963 3768 durius
1021 3702 1272 3786 agendo
1332 3702 1606 3766 honesta
1665 3701 1957 3767 custodia
2015 3724 2227 3767 asser·
2328 3703 2621 3780 scindite,
2668 3705 2942 3783 laniate,
3003 3712 3277 3777 torrete,
3336 3705 3586 3770 cineres
3630 3702 3850 3785 disper
3900 3703 4003 3782 'te,
4051 3722 4279 3785 pacem

282 3808 455 3868 vare,
520 3796 591 3852 et
643 3808 764 3872 pro
822 3788 935 3853 illo
980 3785 1199 3853 Deum
1259 3809 1478 3866 orare,
1542 3791 1594 3854 si
1648 3788 1814 3851 forte
1870 3789 1951 3853 ad
1997 3809 2225 3854 sanam
2328 3790 2621 3872 imperiis
2657 3799 2722 3855 et
2759 3791 3016 3857 sedibus
3054 3791 3290 3855 vestris
3327 3788 3638 3853 stabilite!
3706 3787 3840 3869 Qui
3921 3786 4275 3853 dubitatis?

280 3884 567 3939 mentem
614 3885 680 3939 et
723 3874 1189 3957 poenitentiam
1248 3874 1467 3938 reduci
1527 3883 1770 3957 posset:
1841 3874 2009 3957 quod
2070 3895 2225 3939 sane
2274 3895 2279 3908 ⁴
2328 3876 2480 3958 quid
2528 3876 2857 3942 haeretis?
2905 3875 3058 3960 quid
3103 3875 3418 3942 cessatis?
3489 3874 3775 3952 Perdite,
3818 3880 4116 3950 mactate,
4165 3875 4278 3939 de-

278 3962 480 4044 magis
516 3960 917 4043 sperandum
964 3960 1092 4025 fuit
1126 3962 1180 4025 si
1219 3969 1280 4023 et
1319 3961 1559 4024 veritas
1595 3969 1663 4023 et
1697 3960 1932 4025 caritas
1969 3981 2008 4024 a
2042 3972 2226 4043 parte
2330 3963 2580 4027 vorate!
2671 3963 2980 4027 Humano
3024 3961 3375 4044 divinoque
3431 3962 3571 4026 iure
3618 3962 3714 4026 fas
3760 3966 3874 4025 est.
3964 3960 4278 4043 Evange-

280 4060 489 4111 vcstra
534 4047 842 4111 stetisset.
2325 4048 2486 4114 licos
2530 4048 2933 4114 ecclesiastes
2977 4058 3042 4112 et
3085 4048 3419 4131 theologos
3455 4045 4007 4112 luculentissimos
4052 4045 4279 4110 lauda-

440 4131 561 4198 Sic
619 4132 875 4197 animae
933 4130 1218 4196 Domino
1264 4131 1635 4210 lucrifiunt,
1696 4132 1788 4197 sic
1832 4152 2027 4197 verae
2072 4132 2225 4195 reli-
2326 4146 2501 4199 tores
2545 4135 2817 4201 habetis.
2907 4133 3038 4210 Sic,
3083 4134 3176 4198 sic
3221 4135 3363 4199 Deo
3409 4133 3694 4198 maximo
3729 4134 3854 4195 rite
3889 4131 4134 4209 litatur,
4181 4132 4276 4197 sic

279 4217 483 4301 gionis
545 4219 764 4283 cultus
835 4225 1111 4301 augetur
1180 4227 1242 4280 et
1301 4218 1608 4283 ecclesiae
1675 4229 1938 4282 sanctae
2001 4218 2222 4282 unitas
2326 4220 2742 4304 evangelium
2787 4228 2961 4286 recte
3005 4231 3419 4302 propagatur,
3466 4219 3559 4284 sic
3604 4218 3910 4283 ecclesiae
3952 4237 4086 4300 pax
4128 4239 4277 4283 con-

276 4313 723 4369 conservatur.
814 4303 997 4368 Haec
1040 4325 1121 4367 ex
1166 4303 1513 4387 scripturis
1557 4312 1621 4366 et
1664 4303 1910 4368 interni
1952 4304 2223 4384 spiritus
2324 4304 2670 4388 cordisque
2757 4313 3209 4372 conservatur:
3289 4306 3511 4370 hostes
3589 4303 3833 4370 scilicet
3912 4303 4274 4368 haereticos

276 4390 648 4456 testimonio
690 4388 855 4454 adeo
899 4391 1095 4474 plana
1137 4399 1205 4454 et
1249 4397 1473 4474 aperta
1517 4399 1702 4465 sunt,
1762 4398 1838 4454 ut
1890 4390 2015 4454 nisi
2073 4410 2221 4472 per-
2323 4392 2494 4456 ferro
2541 4393 2948 4475 flammisque
3009 4389 3313 4456 tollendo.
3417 4391 3724 4456 Mortuus
3780 4409 3915 4454 non
3964 4388 4270 4454 luctatur.

271 4476 469 4542 tinaci
514 4475 931 4541 cavillatione
968 4484 1034 4540 et
1077 4476 1324 4541 invicta
1357 4475 1611 4540 malitia
1644 4473 2044 4540 dissimulari
2087 4496 2221 4540 non
2322 4478 2517 4543 Nunc
2558 4476 2824 4543 tandem
2868 4487 3260 4562 cognoscent
3293 4477 3600 4543 haeretici
3637 4476 3980 4560 evangelio
4023 4472 4273 4557 gladios

273 4564 544 4643 possint,
593 4569 663 4626 et
706 4560 1022 4645 quidquid
1067 4561 1257 4626 editis
1294 4560 1562 4637 libellis,
1619 4561 1826 4645 magis
1870 4562 2221 4626 verborum
2322 4572 2387 4627 et
2428 4565 2729 4630 flammas
2772 4585 2901 4629 non
2947 4564 3199 4629 deesse:
3259 4583 3435 4629 nunc
3479 4562 3742 4627 tandem
3786 4561 3957 4643 sapit
3997 4560 4274 4626 ecclesia

272 4667 509 4732 pompa
550 4647 832 4731 quadam
878 4667 1075 4731 quam
1117 4647 1419 4713 veritatis
1475 4647 1887 4731 simplicitate
1943 4648 2220 4728 refertis,
2320 4669 2485 4732 quae
2533 4650 2895 4715 haereticos
2930 4649 3155 4714 didicit
3200 4648 3280 4715 de
3319 4650 3682 4714 viventium
3723 4656 3898 4713 terra
3942 4645 4159 4710 delere
4203 4659 4272 4711 et

272 4734 666 4814 persuadere
709 4733 927 4800 eonati
971 4734 1116 4800 sitis
1174 4740 1240 4797 et
1296 4740 1551 4798 tantum
1595 4733 1845 4799 facinus
1888 4753 2218 4812 excusare,
2266 4691 2273 4780 t
2320 4736 2567 4801 zizania
2622 4736 2701 4800 de
2758 4736 2976 4800 medio
3035 4735 3238 4801 tritici
3295 4733 3644 4801 eradicare.
3734 4733 4030 4798 Nimium
4087 4732 4271 4796 mitis

271 4819 435 4884 nihil
481 4830 708 4886 tamen
751 4818 1095 4902 proficitis:
1152 4819 1441 4902 quinimo
1483 4819 1732 4903 piorum
1779 4821 2029 4885 animos
2088 4841 2220 4885 am·
2267 4823 2273 4892 ξ
2320 4821 2658 4898 Christus,
2719 4821 2962 4888 stultus
3007 4822 3362 4901 Gamaliel,
3422 4821 3583 4886 fatui
3623 4820 3905 4896 Paulus,
3962 4816 4269 4902 Ignatius

272 4906 444 4986 plius
490 4905 875 4984 offendistis,
922 4913 987 4970 et
1040 4915 1476 4988 tyrannorum
1521 4905 1893 4987 opinionem
1952 4905 2030 4971 de
2080 4927 2219 4971 cre·
2266 4925 2272 4976 ι
2319 4915 2384 4971 et
2422 4909 2850 4994 Augustinus,
2896 4910 3006 4994 qui
3053 4908 3410 4973 haereticos
3452 4907 3691 4972 dimitti
3731 4919 3797 4970 et
3830 4904 4079 4969 zizania
4121 4925 4268 4970 suc-

270 4992 530 5056 mandis
575 4991 924 5058 haereticis
967 4992 1177 5075 magis
1215 4990 1417 5074 impie
1460 4993 1914 5056 confirmastis.
2266 4981 2273 5064 Ι
2320 5014 2612 5059 crescere
2659 4995 3018 5060 voluerunt.
3109 4993 3247 5059 Vos
3291 4993 3674 5068 Gamaliele,
3731 4988 3960 5068 Paulo,
4007 4989 4267 5074 Ignatio

439 5078 701 5142 Verum
742 5079 1050 5162 quianam
1094 5076 1284 5142 aliter
1324 5076 1684 5143 fecissetis?
1732 5079 1841 5160 qui
1885 5098 2218 5160 nunquam
2372 5137 2383 5140 -

268 5183 509 5229 verum
574 5164 789 5229 Deum
857 5182 977 5228 nec
1046 5184 1279 5229 verum
1352 5163 1474 5227 Dei
1537 5164 1743 5228 filium
1808 5164 2217 5248 cognovistis,
2494 5215 2586 5280 10)
2626 5216 2722 5272 Ex
2764 5218 2864 5271 hoc
2909 5217 3021 5272 low
3082 5216 3297 5284 mnia„
3337 5214 3481 5270 m
3531 5215 3594 5269 d·
3640 5219 3647 5267 t
3696 5213 3726 5269 w
3858 5218 3984 5282 pm
4035 5226 4267 5267 mm

269 5250 900 5348 qnosjmaginarias
941 5249 1255 5333 quasdam
1298 5248 1951 5350 relationes-semper
1989 5251 2219 5350 existi-7
2321 5283 2654 5340 Inmarim
2701 5303 2751 5340 a·
2800 5284 2937 5340 1554
2983 5289 3242 5354 „awa”
3283 5283 3473 5349 'em-m·
3562 5280 3735 5351 Qum
3779 5282 3880 5337 ’,ω
3998 5282 4266 5337 ,im-„m

270 5345 521 5402 mestis.
619 5335 861 5402 Nonne
930 5334 1093 5401 bene
1143 5335 1469 5419 praedixit
1519 5334 1827 5401 Christus
1891 5335 2058 5420 quod
2125 5355 2219 5418 pn
2317 5352 2435 5409 2000
2466 5370 2780 5423 reparamus
2812 5356 2946 5425 quia
2978 5353 3137 5409 aliud
3169 5351 3432 5408 manium
3465 5352 3736 5407 malim
3767 5367 3881 5408 ης».
3913 5296 4183 5407 gam.
