4850 6200
491 397 615 457 835
687 426 698 434 ·

487 602 612 650 sua
668 583 1073 667 permittant.
1155 582 1307 664 Quo
1364 582 1588 648 minus
1644 602 1989 667 perperam
2045 582 2269 647 iurent
2325 583 2441 648 alii

485 691 690 754 penes
747 691 856 734 eos
915 691 1048 734 non
1109 682 1208 733 est
1250 668 1616 751 prohibere,
1663 668 1780 734 sed
1823 679 1897 734 ut
1938 679 2253 751 praeeant
2292 670 2438 751 ipsi,

489 756 990 839 concipiantque
1026 753 1461 822 adulterinam
1509 756 1803 831 formam,
1851 755 1956 820 vel
2000 756 2121 820 sibi
2168 756 2248 820 ab
2294 755 2442 819 aliis

486 842 846 926 praescribi
884 844 1123 919 sinant,
1148 843 1417 905 minime
1464 844 1559 905 fas
1605 864 1748 907 esse
1784 841 2000 906 vides:
2047 862 2167 907 nec
2215 841 2442 906 dubito

485 929 651 1012 quin
699 948 819 1011 pro
873 926 1001 993 fide
1069 938 1184 992 tua
1237 936 1304 992 et
1361 927 1571 992 officio
1637 937 1906 992 strenue
1961 930 2102 992 eos*
2144 927 2226 991 ad
2286 948 2441 993 con-

487 1015 798 1081 stantiam
858 1013 1162 1091 horteris‚
1225 1014 1305 1077 de
1365 1034 1496 1096 qua
1538 1022 1606 1078 te
1651 1014 1815 1078 bene
1861 1033 2124 1096 sperare
2168 1013 2439 1097 gaudeo,

488 1100 727 1183 Itaque
769 1101 841 1164 in
886 1101 1010 1165 hac
1055 1122 1168 1181 spe
1200 1102 1624 1180 acquiescam.
1695 1097 1831 1165 Sed
1875 1102 2028 1182 quia
2072 1099 2240 1164 solos
2277 1100 2443 1164 Ber·

484 1196 678 1252 nates
723 1187 1039 1263 nominas,
1097 1185 1178 1249 de
1225 1186 1368 1250 aliis
1411 1186 1690 1250 iniectus
1726 1193 1827 1251 est
1859 1185 2028 1249 mihi
2072 1186 2439 1268 scrupulus.

487 1270 707 1354 Quam
751 1273 960 1354 turpis
995 1293 1149 1337 vero
1190 1272 1455 1356 ignavia
1500 1273 1555 1335 si
1599 1272 1697 1336 illi
1741 1292 1781 1335 a
1825 1272 2011 1337 vobis
2056 1270 2440 1338 desciscant.

487 1357 686 1425 Certe
729 1360 922 1424 anxie
967 1360 1216 1423 exitum
1255 1369 1578 1440 exspect0.

659 1445 851 1510 Nunc
895 1455 1157 1509 transeo
1201 1442 1285 1508 ad
1337 1444 1481 1507 alia.
1571 1443 1851 1508 Librum
1927 1443 2223 1524 Vesphali
2249 1446 2329 1523 ¹⁹)
2376 1452 2443 1508 te

484 1526 724 1616 legisse
783 1552 914 1595 non
974 1530 1216 1595 dubito.
1307 1528 1385 1595 Si
1421 1528 1697 1593 manebo
1741 1531 1809 1593 in
1854 1531 2181 1594 sententia
2225 1530 2441 1595 brevi-

482 1625 587 1682 ter
631 1628 696 1681 et
740 1616 1047 1682 historice
1098 1616 1385 1680 hominis
1430 1616 1713 1697 ineptias
1779 1616 2153 1692 traducam,
2209 1638 2292 1680 ne
2336 1637 2440 1680 as-

481 1703 707 1786 perius
766 1724 836 1767 se
896 1711 1249 1768 tractatum
1308 1701 1508 1765 fuisse
1569 1710 1900 1784 queratur.
1982 1703 2075 1766 Et
2126 1702 2441 1785 indignus

486 1800 588 1854 eet
652 1811 800 1854 cum
869 1810 996 1870 quo
1057 1788 1480 1851 vehementer
1545 1798 1887 1852 certemus.
1980 1785 2165 1853 Scire
2223 1800 2443 1851 tamen

484 1875 677 1958 cupio
722 1874 876 1957 quid
923 1873 1088 1937 mihi
1135 1873 1247 1935 des
1292 1873 1562 1938 consilii.
1651 1874 1985 1937 Insulsum
2033 1873 2207 1938 aliud
2254 1873 2440 1937 volu-

482 1964 774 2044 men,²⁰)
834 1959 1006 2040 quod
1069 1981 1107 2024 a
1165 1959 1452 2022 librariis
1512 1961 1753 2022 nostris
1828 1959 2098 2022 allatum
2143 1982 2275 2023 non
2321 1968 2440 2036 est,

486 2045 740 2112 editum
785 2045 988 2110 fuisse
1034 2067 1114 2109 ex
1161 2045 1367 2109 literis
1415 2047 1493 2108 D.
1559 2044 1734 2109 Petri
1782 2044 2100 2127 Martyris
2143 2046 2443 2128 cognovi.

488 2132 665 2213 Quid
726 2133 968 2196 sentiat
1024 2132 1172 2213 pius
1226 2130 1488 2214 quidem
1549 2140 1616 2194 et
1669 2129 1899 2196 doctus
1945 2133 2150 2196 frater
2183 2152 2264 2195 ex
2310 2131 2443 2196 illis

399 2214 406 2219 ’
489 2230 554 2283 te
599 2218 966 2301 intelligere
1012 2219 1180 2281 malo
1225 2239 1416 2298 quam
1463 2218 1605 2300 ipse
1665 2217 2084 2299 perscribere.
2155 2216 2443 2281 Consen-

486 2327 604 2371 sus
645 2304 786 2381 ille,
831 2326 1020 2386 quem
1067 2303 1372 2385 postulat,
1418 2302 1653 2386 cupide
1712 2303 1976 2385 quidem
2023 2325 2096 2368 ac
2141 2303 2442 2368 certatim

486 2391 754 2457 deberet
797 2391 877 2455 ab
922 2391 1220 2453 omnibus
1266 2390 1514 2453 offerri:
1576 2389 1689 2453 sed
1735 2410 1931 2471 quam
1975 2390 2065 2453 sit
2108 2389 2188 2453 ad
2233 2389 2442 2472 impe-

485 2477 796 2541 trandum
835 2475 1115 2540 difficilis
1140 2474 1340 2538 vides,
1407 2476 1556 2540 Una
1576 2473 1738 2539 haec
1783 2477 1946 2539 ratio
1984 2484 2173 2551 esset,
2221 2497 2260 2540 a
2304 2477 2441 2539 sin-

483 2564 656 2647 gulis
699 2563 985 2627 ecelesiis
1032 2561 1226 2644 deligi
1273 2561 1386 2640 qui
1422 2562 1893 2625 confessionem
1940 2560 2441 2639 conscriberent,

482 2649 712 2714 referri
794 2648 1025 2712 deinde
1093 2648 1172 2712 ad
1240 2647 1535 2730 singulas
1601 2648 1938 2723 ecclesias,
1996 2658 2071 2711 ut
2145 2648 2443 2712 omnium

484 2736 817 2815 suffragiis
872 2733 1142 2816 probata
1201 2754 1350 2798 cum
1408 2733 1702 2815 legitima
1747 2734 2175 2815 suscriptione
2218 2733 2441 2815 prodi·

482 2829 605 2887 ret.
675 2821 871 2884 Nullo
916 2820 1178 2902 quidem
1224 2820 1485 2902 negotio
1531 2819 1716 2883 vobis
1763 2820 2207 2900 amplissimus
2252 2838 2440 2883 sena-

483 2918 594 2972 tus
655 2918 870 2971 vester
935 2906 1265 2979 concedet,
1334 2925 1453 2969 nec
1510 2905 1581 2967 in
1630 2904 2072 2971 Schaffusinis
2118 2905 2225 2970 vel
2271 2905 2440 2969 San-

483 2992 885 3078 gallensibus
943 3012 1195 3055 moram
1259 2994 1393 3054 fore
1453 2992 1752 3055 arbitror.
1846 2990 2195 3056 Curienses
2241 2994 2441 3056 etiam

484 3089 551 3146 et
594 3079 832 3143 Rhaeti
871 3077 980 3142 alii
1021 3078 1208 3142 facilc
1255 3076 1667 3142 descendent.
1748 3076 1851 3142 De
1898 3078 2160 3143 Basilea
2197 3092 2439 3155 metuo,

485 3167 641 3248 quia
687 3167 799 3228 vix
850 3165 1143 3229 Sulcerus
1189 3167 1256 3227 in
1302 3175 1596 3245 apertam
1621 3163 2089 3228 confessionem
2117 3165 2438 3228 trahetur.

487 3252 591 3317 Ad
619 3248 938 3315 Bernates
982 3250 1286 3331 quisnam
1332 3259 1551 3330 pateat
1611 3249 1827 3313 aditus
1873 3259 1944 3313 tu
1989 3249 2249 3332 dispice,
2296 3252 2439 3330 qui-

484 3339 609 3404 bus
657 3337 817 3401 adeo
862 3346 1160 3418 suspecta
1207 3345 1308 3400 est
1347 3335 1451 3399 vel
1496 3356 1694 3400 exosa
1738 3338 1949 3400 omnis
1996 3336 2075 3399 de
2119 3336 2440 3418 religione

487 3425 806 3500 tractatiO,
870 3433 946 3485 ut
1011 3422 1290 3487 obtineri
1349 3422 1697 3502 quidquam
1745 3422 1823 3486 ab
1865 3423 2024 3504 ipsis
2081 3444 2269 3504 posse
2328 3422 2441 3486 de-

486 3531 763 3592 sperem.
833 3508 908 3573 Si
941 3509 1098 3591 quid
1145 3524 1362 3572 tamen
1387 3506 1772 3571 tentandum
1810 3528 1953 3572 esse
1990 3529 2230 3584 censes,
2278 3508 2441 3571 eniti

488 3606 763 3678 oportet.
857 3594 1049 3674 Quod
1109 3596 1160 3659 si
1213 3595 1322 3658 alii
1386 3594 1834 3658 defensionem
1883 3594 2229 3677 refugiant,
2274 3594 2442 3657 mihi

489 3702 690 3765 grave
737 3702 868 3745 non
905 3681 1033 3744 erit
1078 3691 1287 3744 totum
1323 3680 1640 3761 impetum
1686 3701 1831 3743 meo
1875 3681 2084 3761 capite
2121 3681 2443 3762 excipere.

490 3769 776 3831 Tantum
832 3787 1063 3830 vereor
1123 3789 1204 3829 ne
1266 3767 1411 3830 aliis
1472 3776 1662 3847 turpe
1708 3766 1795 3829 sit
1831 3787 2240 3832 communem
2286 3787 2442 3832 cau·

488 3874 630 3918 sam
657 3853 1185 3933 deserere‚.quae
1231 3854 1300 3915 in
1345 3854 1542 3915 unius
1567 3851 1854 3916 hominis
1901 3874 2177 3935 persona
2221 3852 2443 3935 palam

489 3939 853 4021 impetitur.
943 3938 1079 4002 Nec
1147 3958 1304 4001 vero
1363 3936 1877 4019 exspectandum
1944 3950 2043 4002 est
2110 3938 2264 4002 dum
2324 3960 2444 4003 sua

493 4025 774 4089 fulmina
828 4024 1044 4088 hostes
1105 4024 1523 4089 vibraverint.
1613 4024 1775 4099 Iam,
1833 4038 1909 4088 ut
1953 4025 2152 4100 vides,
2202 4025 2283 4088 ad
2327 4046 2443 4088 ex·

496 4109 864 4177 cudendum
929 4110 1281 4175 anathema
1357 4133 1425 4174 se
1493 4121 1893 4191 comparant.
2007 4111 2150 4175 Nisi
2215 4111 2443 4175 sedulo

493 4196 843 4261 festinetur
905 4219 943 4260 a
1008 4207 1192 4279 parte
1253 4207 1493 4274 nostra,
1539 4217 1875 4277 nunquam
1924 4198 2308 4279 tempestive
2343 4218 2449 4262 oc-

496 4285 671 4349 curri
710 4285 964 4365 poterit.

678 4371 773 4432 De
833 4369 1135 4450 Philippo
1201 4369 1320 4433 tibi
1381 4368 1721 4444 assentior,
1769 4367 2020 4432 lentum
2058 4389 2198 4433 esse
2244 4389 2319 4433 ac
2365 4369 2447 4432 ti-

493 4453 765 4530 midum,
834 4467 899 4518 et
966 4457 1095 4519 otio
1160 4477 1279 4519 suo
1345 4454 1697 4519 consulere.
1791 4454 1963 4518 Mihi
2038 4463 2258 4519 tamen
2316 4475 2449 4518 una

498 4541 660 4606 haec
713 4565 841 4604 vox
899 4540 1133 4604 bonam
1195 4562 1376 4623 spem
1425 4543 1682 4616 fecerat,
1728 4540 1898 4622 quod
1947 4539 2089 4605 Deo
2135 4550 2203 4604 et
2245 4540 2450 4605 eccle-

495 4628 632 4693 siae
679 4628 853 4693 hunc
899 4649 969 4691 se
1010 4627 1299 4692 laborem
1338 4626 1572 4691 debere
1616 4639 2013 4710 agnosceret.
2073 4627 2224 4690 Non
2269 4626 2451 4690 enim

498 4713 665 4778 solet
720 4713 826 4777 vel
893 4730 1024 4777 tam
1095 4714 1297 4778 libere
1364 4714 1673 4794 profiteri,
1736 4713 1838 4776 vel
1907 4723 2043 4776 tam
2087 4712 2450 4776 liberaliter

495 4801 897 4881 promittere,
938 4801 1063 4864 nisi
1102 4800 1214 4864 ubi
1256 4800 1547 4863 animum
1583 4799 1860 4882 collegit.
1921 4799 2254 4881 Exspecto
2290 4796 2450 4880 quid

497 4885 581 4949 ad
627 4898 991 4966 postremas
1047 4907 1227 4950 meas
1286 4885 1618 4964 rescribat,
1686 4886 1918 4967 quibus
1962 4884 2152 4949 illum
2193 4884 2450 4948 virilem

673 5122 763 5192 19)
799 5126 951 5178 Iusta
1002 5125 1244 5179 defensio
1298 5125 1416 5178 adv.
1473 5124 1746 5179 cuiusdam
1800 5124 2204 5178 sacramentarii
2255 5124 2448 5178 falsam

491 5192 956 5257 criminationem,
1009 5199 1065 5246 in
1152 5212 1221 5247 ua
1270 5201 1326 5246 et
1371 5194 1727 5247 eucharistiae
1784 5209 1945 5246 causa
1992 5194 2189 5262 agitur.
2260 5193 2447 5261 (Frcf.

495 5259 638 5314 1555
679 5262 787 5314 Iul.
826 5265 897 5326 cf.
935 5263 1093 5316 Hem.
1159 5264 1200 5315 Ι.
1235 5262 1386 5324 227.)

670 5330 764 5397 20)
812 5331 1072 5385 Timarum·
1107 5332 1418 5386 Bremensis
1450 5331 1791 5400 fan-affinem
1826 5329 1905 5387 N.
1943 5329 2094 5386 2301.

2017 393 2545 461 EPISTOLAE
2589 392 3012 456 2329-2331

4386 394 4513 456 836

2542 580 2909 665 igniculum
2926 582 3136 667 magis
3159 581 3513 649 accendere
3536 580 3776 647 studui.
3814 581 4015 647 Certe
4037 601 4243 665 quum
4260 579 4507 646 scribat

2545 669 2627 733 D.
2682 667 2911 733 Penus
2954 667 3213 752 Μανίῳ·
3255 689 3410 735 eum
3454 669 3535 734 ab
3581 667 3978 733 adversariis
4026 667 4273 752 passim
4315 667 4507 732 citari

2546 762 2807 833 testem,
2872 755 2928 819 si
2995 762 3224 832 taceat,
3292 777 3427 819 non
3484 753 3679 819 modo
3724 754 4036 838 privatim
4082 775 4231 820 cum
4268 774 4344 818 eo
4387 774 4503 818 ex-

2547 841 2876 924 postulare
2913 844 3132 922 statui,
3177 840 3293 907 sed
3338 842 3504 907 forte
3548 841 3751 906 etiam
3792 841 3864 904 in
3909 841 4127 907 lucem
4163 860 4313 906 eum
4348 860 4502 922 pro-

2550 925 2786 991 ducere
2824 949 3088 994 necesse
3132 929 3274 993 erit.
3294 926 3386 1011 ²¹)

3422 1578 3635 1649 233οζ

2995 1733 3479 1801 SULZERUS
3524 1734 4057 1801 BLAURERO.

2725 1907 2973 1974 Gaudet
3018 1906 3269 1973 Calvini
3312 1908 3725 1973 innocentiam
3754 1908 4137 1990 patefactam
4178 1929 4324 1974 esse.

2545 2077 2656 2145 (Ex
2705 2084 2934 2148 autogra
2954 2079 3043 2151 ⁴bo
3080 2079 3209 2133 Ood.
3248 2077 3481 2147 Sangall.
3520 2080 3654 2132 Litt.
3703 2080 3929 2133 miscell.
3964 2080 4113 2133 Tem.
4151 2080 4299 2133 VIII.
4337 2080 4503 2136 bodie

2549 2148 2702 2203 MSS.
2738 2148 2891 2205 Tem.
2963 2148 3012 2211 7,
3048 2149 3137 2202 fol.
3172 2146 3256 2201 58.
3298 2177 3361 2187 -
3397 2149 3694 2216 Exemplar
3742 2150 4012 2203 recentius
4048 2156 4231 2201 exstat
4264 2150 4320 2202 in
4355 2150 4503 2206 Bibl.

2548 2219 2721 2272 civica
2771 2218 2946 2271 Turic.
3003 2216 3063 2270 F.
3115 2216 3202 2287 43,
3254 2218 3382 2270 olim
3421 2216 3959 2350 ⁷razii-‚clssqflottingeri
4013 2218 4163 2272 Tem.
4201 2218 4356 2274 Vm.
4404 2220 4502 2273 fol.

2606 2456 2698 2522 M.
2743 2455 3093 2522 Ambrosio
3136 2457 3461 2522 Blaurero
3507 2458 3773 2522 domino
3819 2479 3936 2523 suo
3980 2459 4454 2525 colendissimO.

2718 2630 2979 2712 Accepi,
3039 2630 3133 2694 mi
3176 2630 3582 2695 observande
3626 2629 3957 2709 Blaurere,
4014 2654 4181 2714 quae
4227 2632 4306 2698 de
4355 2632 4501 2698 Cac-

2544 2714 2681 2779 vini
2738 2717 2949 2780 nostri
3007 2715 3389 2782 innocentia
3446 2728 3514 2781 et
3557 2716 3973 2781 Genevensis
4032 2719 4339 2784 ecclesiae
4396 2720 4501 2783 in-

2546 2800 2923 2866 columitate
2964 2802 3320 2867 liberaliter
3365 2811 3710 2878 testentur,
3748 2802 3945 2885 idque
3980 2824 4128 2868 cum
4169 2804 4500 2888 voluptate

2545 2887 2748 2949 animi
2795 2898 2978 2953 tanto
3023 2889 3323 2955 uberiore
3359 2896 3606 2972 quanto
3652 2890 3798 2970 plus
3844 2889 4300 2955 scandalorum
4345 2890 4498 2957 inde

2545 2973 2855 3037 ecclesiae
2893 2974 3143 3039 Christi
3184 2978 3535 3041 universae
3570 2976 3893 3039 oriturum
3931 2977 4180 3055 fuisset,
4227 2986 4499 3058 quanto·

2546 3080 2673 3142 que
2710 3058 3000 3125 Satanae
3036 3062 3315 3146 amplior
3349 3063 3599 3128 occasio
3637 3061 3719 3127 ad
3755 3061 4144 3141 nocendum,
4192 3062 4248 3128 si
4292 3062 4521 3134 eccle-.

2546 3147 2711 3210 siam
2748 3157 2879 3210 tam
2922 3147 3248 3213 illustrem
3283 3159 3348 3214 et
3383 3150 3746 3214 antistitem
3780 3151 3935 3226 eius,
3974 3159 4233 3213 tantum
4258 3151 4496 3230 virum,

2546 3240 2997 3297 transversum
3043 3234 3203 3300 adeo
3248 3236 3355 3318 agi
3398 3235 3794 3316 contigisset.
3865 3235 4133 3300 Gratias
4176 3256 4333 3318 ergo
4377 3257 4500 3318 ago

2546 3317 2832 3384 Domino
2876 3317 3040 3397 Dec,
3104 3323 3214 3403 qui
3272 3342 3392 3385 sua
3437 3323 3685 3384 virtut-e
3730 3331 3795 3384 et
3849 3321 4086 3403 spiritu
4131 3343 4282 3386 suos
4329 3344 4499 3385 nun-

2547 3425 2744 3485 quam
2778 3426 2909 3469 nou
2946 3406 3454 3472 misericorditer
3498 3407 3819 3490 gubernat
3863 3419 3929 3471 et
3972 3417 4192 3472 tuetur
4233 3427 4273 3470 a
4307 3408 4501 3486 malo,

2546 3490 2720 3571 quod
2764 3504 2839 3555 ut
2880 3511 3075 3574 porro
3131 3495 3329 3557 faciat
3378 3494 3632 3577 precari
3678 3496 3846 3557 serio
3892 3493 4204 3559 debemus
4249 3513 4496 3559 omnes.

2547 3610 3150 3627 —————
3194 3579 3494 3644 Basileae
3542 3586 3640 3644 21.
3690 3577 3838 3645 Oct.
3888 3582 4086 3646 Anno
4134 3585 4316 3645 1555.

3678 3719 3751 3782 Τ.
3800 3716 4113 3784 Sulcerus
4156 3725 4353 3783 totus.

3434 4281 3627 4351 2331.

3071 4436 3315 4501 ΒΕΖΑ
3360 4435 3993 4503 BULLINGERO.

2724 4605 2833 4670 Ea:
2904 4607 3151 4673 Genava
3220 4608 3440 4674 scribit
3513 4609 3727 4673 urbem
3806 4630 3937 4675 esse
3989 4616 4318 4691 pacatam,
4391 4609 4505 4676 sed

2561 4689 2893 4757 Calvinum
2919 4694 3255 4759 calumniis
3282 4695 3655 4760 lacessitum.
3705 4694 4092 4761 Laasannae
4116 4694 4507 4761 Calvinistae

2553 4777 2715 4843 male
2770 4781 3057 4845 audiunt.
3164 4780 3530 4864 Veryerium
3584 4786 3755 4847 notat
3809 4783 3922 4866 qui
3980 4782 4173 4846 nimis
4237 4782 4505 4863 fidenter

2560 4864 2938 4931 Gribaldum
2990 4868 3166 4948 fovet.
3218 4940 3233 4947 ,
3257 4866 3343 4931 In
3391 4867 3613 4932 Gallia
3652 4869 3815 4950 furit
3859 4868 4033 4947 Rex,-
4088 4873 4237 4934 sunt
4294 4873 4504 4934 tamen

2719 5123 2813 5194 21)
2852 5123 3163 5194 Epinolam
3206 5125 3350 5180 hanc
3384 5141 3453 5179 m.
3496 5124 3721 5181 Octobr-e
3756 5123 3893 5179 1555
3936 5126 4198 5194 scriptam
4240 5127 4417 5192 tuisne
4448 5129 4503 5181 ee

2624 5192 2764 5248 idem
2808 5197 2958 5251 circa
3010 5196 3243 5248 mediam
3290 5195 3649 5250 certissimum
3700 5201 3793 5250 eat.
3878 5194 4154 5262 Postridie
4202 5194 4314 5250 Gal.
4350 5194 4497 5251 Nov.

2610 5263 2910 5332 ullinqerus
2942 5264 3249 5333 respondet.
3307 5263 3393 5330 Of.
3429 5265 3591 5319 etiam
3622 5265 3872 5332 proxime
3904 5270 4180 5334 sequentes
4206 5263 4390 5320 Betae
4421 5261 4503 5318 ad

2553 5330 2931 5402 Ballinqeram
2967 5339 3018 5388 et
3056 5332 3277 5388 Calvina·
3308 5334 3385 5389 ad
3424 5333 3723 5389 Fau-ellum.
