4850 6200
372 425 493 486 801
2058 425 2220 486 1555
2256 421 2708 492 SEPTEMB.
4251 431 4380 494 802

373 608 738 693 'I'igurinus
812 610 1100 675 Bernae:
1187 610 1283 673 ita
1359 620 1581 674 tamen
1660 631 1745 675 ne
1824 610 2129 694 Tigurini
2207 617 2325 675 aut

371 695 747 761 Beruenses
803 703 1125 780 cogantur
1188 695 1640 779 subsequendo
1705 696 1981 761 eandem
2050 694 2324 761 reddere

371 780 673 857 formam,
735 780 849 846 sed
893 792 1148 845 tantum
1187 804 1304 864 per
1347 803 1582 847 nomen
1630 782 1757 847 Dei
1802 783 2036 847 iurare.
2129 780 2324 862 Quod

371 868 426 931 si
465 867 634 931 nolit
678 869 931 949 praeire
973 870 1040 932 in
1088 867 1391 933 dictando
1425 869 1791 933 iuramento
1821 868 2180 951 Tigurinus
2218 866 2323 931 vel

371 951 650 1029 Bernas,
693 962 962 1035 praeeat
1005 954 1359 1018 Lucernas.
1417 951 1521 1018 De
1568 954 1693 1020 hac
1734 976 1805 1017 re
1851 952 2178 1017 nihildum
2224 961 2325 1017 est

372 1040 825 1115 constitutum,
873 1038 987 1103 sed
1007 1039 1484 1105 consultabitur
1505 1039 1737 1105 adhuc.
1807 1040 2091 1104 Comitia
2133 1059 2321 1114 nova,

372 1124 442 1194 in
496 1125 736 1206 quibus
802 1126 962 1190 haec
1026 1146 1132 1190 res
1197 1124 1549 1190 definietur
1604 1126 1974 1208 conscripta
2029 1136 2184 1189 sunt
2241 1124 2321 1187 ad

375 1208 684 1275 Octobris
767 1215 846 1273 23
929 1211 1285 1276 Badenam.
1331 1215 1414 1294 ¹¹)
1517 1212 1823 1293 Plerique
1899 1212 2321 1287 arbitrantur,

373 1316 576 1377 quum
643 1299 854 1362 nostri
920 1297 1184 1362 liberati
1242 1299 1376 1361 sint
1441 1319 1481 1361 a
1546 1298 1797 1380 vulgari
1842 1298 2069 1374 forma,
2114 1297 2324 1378 iisque

372 1402 493 1464 pro
559 1401 680 1445 sua
744 1382 1058 1466 religione
1124 1405 1240 1466 per
1284 1384 1483 1447 solius
1529 1384 1653 1447 Dei
1698 1404 1938 1447 nomen
1983 1384 2201 1447 iurare
2243 1382 2322 1445 li-

373 1478 515 1531 ceat
572 1468 854 1532 exclusis
920 1470 1064 1533 aliis
1130 1470 1272 1545 diis,
1335 1469 1499 1533 nihil
1563 1467 1879 1553 impedire
1945 1468 2201 1543 debere,
2269 1469 2325 1532 si

373 1550 710 1619 Lacernae
752 1570 1021 1637 praeeat
1065 1556 1272 1619 forma
1312 1555 1585 1638 vulgari.
1658 1556 1794 1620 Alii
1841 1554 2040 1619 etiam
2085 1556 2151 1618 in
2201 1554 2326 1617 hoc

373 1638 670 1703 haerent.
763 1639 942 1720 Quid
999 1640 1297 1705 futurum
1360 1643 1449 1704 sit
1490 1643 1725 1706 nescio,
1815 1640 2024 1723 Spero
2068 1650 2326 1705 nostros

372 1733 439 1788 et
506 1725 879 1791 Beruenses
945 1727 1108 1790 nihil
1177 1738 1550 1809 recepturos
1615 1736 1730 1792 aut
1809 1729 2091 1791 facturos
2155 1724 2328 1809 quod

374 1823 632 1895 pugnet
666 1834 817 1877 cum
840 1814 1241 1878 confessione
1285 1813 1547 1895 integra
1590 1813 1923 1895 religionis
1946 1834 2157 1877 verae.
2225 1812 2326 1875 Tu

376 1915 494 1959 ora
561 1897 922 1962 Dominum
975 1910 1051 1962 ut
1117 1899 1279 1963 haec
1336 1920 1440 1961 res
1504 1899 1670 1963 bene
1714 1898 1919 1962 cedat.
2009 1897 2326 1961 Plurimis

373 1983 552 2046 enim
598 1982 873 2047 subinde
915 1985 1226 2066 periculis
1270 1985 1690 2059 involvimur,
1737 2005 1858 2048 nec
1903 1983 2075 2047 ullus
2130 2002 2322 2064 appa·

373 2078 478 2131 ret
532 2069 705 2132 finis.
794 2069 987 2133 Unde
1044 2082 1359 2153 perpet-uo
1414 2072 1480 2133 in
1525 2072 1864 2152 procinctu
1910 2069 2146 2133 Martis
2191 2080 2318 2131 sta-

371 2174 524 2217 mus
558 2154 1004 2236 spiritualibus
1050 2158 1252 2220 armis
1297 2166 1683 2239 pugnantes.
1754 2156 2078 2219 Dominus
2109 2164 2327 2218 servet

373 2260 497 2303 nos
541 2241 608 2304 in
657 2262 775 2304 sua
819 2252 1043 2305 sancta
1089 2242 1424 2307 voluntate
1469 2252 1534 2304 et
1579 2242 1807 2305 liberet
1844 2263 1960 2304 nos
2001 2261 2040 2303 a
2082 2237 2321 2325 malis]

551 2326 739 2403 Vale,
786 2326 1044 2391 domine
1090 2329 1539 2392 colendiss1me
1583 2341 1647 2391 et
1694 2328 1899 2390 frater
1943 2327 2012 2389 in
2059 2326 2324 2390 Christo

376 2412 731 2487 carissime,
798 2435 932 2476 una
1004 2435 1152 2479 cum
1211 2415 1592 2497 symmystis
1652 2424 1716 2476 et
1776 2412 2084 2476 fratribus
2129 2421 2325 2492 atque

372 2498 601 2561 amicis
638 2499 957 2563 omnibus.
1050 2499 1358 2565 Salutaut
1402 2511 1469 2563 te
1514 2511 1582 2562 et
1626 2513 1769 2562 tuos
1813 2509 2217 2581 symmystae
2261 2506 2326 2559 et

370 2586 503 2647 mei
550 2604 796 2648 omnes.
868 2584 1411 2650 Commendarem
1457 2586 1576 2648 tibi
1612 2584 1788 2648 hunc
1832 2586 2149 2666 optimum
2195 2584 2323 2646 fra-

371 2676 543 2733 trem
563 2668 645 2733 D.
675 2669 989 2735 Thomam
1019 2673 1339 2747 Leverum‚
1371 2673 1453 2749 ¹²)
1488 2671 1617 2733 nisi
1661 2671 1895 2734 scirem
1938 2669 2128 2732 illum
2164 2669 2321 2732 alio-

374 2756 484 2835 qui
543 2756 662 2819 tibi
730 2776 871 2821 esse
936 2757 1668 2821 commendatissimum.
1771 2755 1941 2819 Nam
2019 2763 2120 2818 est
2185 2756 2326 2837 ipsa

370 2842 665 2922 probitas
722 2852 788 2905 et
837 2844 941 2906 vir
983 2843 1298 2908 innocens
1343 2854 1410 2906 et
1452 2842 1919 2907 sanctissimus.
1999 2841 2324 2905 Dominus

369 2928 764 3077 miazreatur
827 2930 1291 2994 afflictissimae
1353 2927 1649 3011 Angliae.
1741 2927 1970 3009 Tiguri
2007 2930 2108 2991 28.
2155 2925 2321 3009 Sep·

371 3021 508 3076 tem
554 3014 647 3076 ris
692 3020 871 3078 1555.

1515 3150 1939 3232 Bullingerus
1985 3159 2151 3213 tuus.

549 3425 639 3491 11)
674 3425 771 3478 Ibi
802 3426 907 3479 eibi
941 3426 1166 3479 invicem
1189 3425 1421 3491 polliciti
1456 3432 1583 3478 sunt
1618 3441 1673 3478 se
1697 3426 1777 3477 vel
1813 3425 1931 3477 sine
1963 3422 2323 3477 iureiurando

365 3492 562 3557 foedus
599 3500 776 3547 ratum
816 3501 864 3546 et
901 3497 1168 3547 sancitum
1205 3495 1506 3548 habituros,

543 3561 889 3642 12)·Strype,
943 3566 1063 3616 eccl.
1115 3579 1261 3615 mem.
1311 3564 1406 3616 ΙΙΙ.
1445 3563 1491 3626 1,
1539 3581 1589 3629 p.
1626 3561 1762 3614 404.-
1816 3561 1974 3614 Some
2027 3562 2158 3613 took
2212 3559 2321 3612 this

369 3634 1252 3777 33033325053251'355'123233‘.
1276 3632 1954 3766 flissellffiifSi-'ffifflss
1959 3631 2121 3752 {1333
2141 3637 2321 3752 3232ss

369 3770 559 3836 inquir
631 3771 746 3823 into
783 3770 876 3822 the
913 3770 1186 3822 doctrines
1223 3789 1253 3824 o
1313 3770 1452 3823 their
1489 3769 1708 3822 learned
1734 3785 1873 3822 men.
1928 3768 2040 3821 One
2076 3768 2136 3819 of
2164 3767 2319 3819 those

376 3852 486 3888 vas
508 3838 553 3890 T
597 3853 645 3891 0.
667 3839 858 3899 Lever‚
896 3840 1005 3891 late
1025 3849 1227 3892 master
1263 3842 1322 3890 ol'
1353 3840 1409 3892 S.
1438 3837 1628 3892 John’s
1665 3839 1867 3906 college
1902 3838 1959 3889 in
1983 3837 2318 3904 Uambridge,

373 3920 407 3956 a
441 3923 610 3975 grave
645 3908 749 3959 and
788 3908 927 3976 good
953 3925 1102 3960 man:
1143 3909 1264 3960 who
1300 3924 1435 3976 gave
1472 3924 1622 3960 some
1648 3914 1873 3959 account
1907 3909 1966 3958 of
1997 3905 2080 3956 his
2116 3906 2320 3957 travels

371 3973 426 4025 iu
465 3991 499 4026 a
535 3978 702 4028 letter
737 3985 794 4028 10
825 3978 926 4029 Mr.
948 3977 1232 4041 Bradford,
1270 3976 1402 4029 then
1438 3994 1471 4028 a
1505 3976 1754 4044 prisoner
1789 3976 1845 4027 in
1883 3974 2149 4042 England,
2186 3974 2318 4025 viz.:

375 4043 400 4095 Ι
435 4043 577 4096 have
613 4061 743 4098 seen
778 4045 873 4097 the
907 4047 1105 4113 places,
1143 4046 1308 4099 noted
1344 4046 1437 4097 the
1462 4044 1708 4097 doctrine
1732 4044 1839 4096 aud
1875 4043 2177 4111 discipline,
2214 4042 2319 4095 and

372 4111 562 4165 tulked
597 4114 727 4166 with
765 4114 856 4166 the
892 4114 1111 4167 learned
1148 4132 1271 4167 men
1307 4114 1368 4166 of
1387 4113 1894 4183 Argentine,Basil,
1930 4113 2106 4171 Zuric,
2130 4111 2319 4175 Borne,

374 4178 620 4235 Louvain
668 4182 1065 4249 (Lausanne?)
1114 4183 1221 4235 and
1267 4182 1500 4236 Geueva.
1583 4182 1703 4235 And
1755 4182 1779 4234 1
1819 4180 1955 4233 have
2003 4180 2108 4233 had
2160 4197 2224 4233 ex
2268 4197 2320 4232 e-

373 4248 556 4303 rience
591 4252 650 4304 in
686 4253 757 4303 all
793 4251 948 4304 these
982 4254 1164 4321 places
1200 4251 1261 4305 ol’
1300 4253 1508 4304 sincere
1544 4250 1788 4304 doctrine
1823 4251 1930 4302 and
1964 4249 2126 4318 godly
2159 4266 2221 4302 or
2262 4264 2322 4301 er

373 4319 482 4370 and
517 4327 678 4388 great
721 4322 993 4390 learning,
1042 4321 1147 4374 aud
1193 4321 1480 4391 especially
1515 4320 1576 4372 of
1615 4319 1743 4372 such
1781 4321 2023 4371 virtuous
2058 4318 2320 4384 learning,

371 4385 640 4456 diligence
688 4390 795 4441 and
842 4390 1055 4460 charity
1099 4392 1156 4443 in
1192 4391 1469 4458 Bullinger
1503 4395 1561 4441 at
1595 4389 1758 4442 Zuric
1803 4388 1910 4440 and
1944 4388 2002 4439 in
2038 4386 2228 4439 Oalvin
2265 4395 2323 4438 at

372 4454 599 4511 Geneva
644 4475 702 4510 as
746 4458 877 4511 deth
916 4459 1074 4513 much
1119 4460 1356 4512 advance
1392 4457 1553 4513 God's
1587 4459 1741 4527 glory
1772 4463 1905 4510 unto
1955 4456 2049 4509 1110
2087 4455 2324 4525 edifying

372 4524 436 4577 of
467 4526 693 4580 Christ’s
729 4527 942 4580 Ohurch
989 4528 1124 4582 with
1169 4529 1264 4581 the
1311 4545 1457 4581 same
1504 4527 1731 4595 religion
1776 4527 1861 4579 for
1905 4525 1997 4577 the
2033 4524 2208 4578 which
2256 4541 2323 4591 ye

373 4592 443 4646 be
478 4612 598 4649 now
631 4598 689 4649 in
723 4598 924 4666 prison.

586 5440 806 5495 Calvino·
831 5453 1013 5508 opera.
1093 5439 1204 5493 Vol.
1245 5437 1380 5492 XV.

3306 613 3508 684 2308.

2547 766 3017 833 CALVINUS
3062 767 3506 834 FARELLO
3555 769 3670 834 ΕΤ
3716 770 4265 837 LIBER'PE'PO.

2605 937 2795 1003 Hunc
2858 942 3033 1022 royat
3090 943 3161 1003 ut
3225 937 3475 1004 Bernac
3539 960 3800 1005 causam
3855 948 4001 1025 aqut
4044 944 4377 1008 cuiusdam

2425 1046 2470 1089 a
2524 1025 2842 1106 praefecto
2903 1025 3275 1088 Tononiensi
3338 1025 3561 1089 exsilio
3603 1027 3931 1092 „uallatum
3975 1031 4126 1110 quia
4176 1029 4373 1095 Gene-

2427 1131 2542 1174 vae
2586 1131 2799 1175 coenae
2839 1111 3188 1175 domini-cae
3230 1112 3532 1191 interfuit.

2429 1281 2543 1345 (Ex
2577 1280 2913 1350 autographo
2950 1281 3080 1336 Cod.
3106 1279 3309 1334 Genev.
3352 1279 3490 1347 1072,
3528 1283 3617 1335 fol.
3658 1282 3771 1336 120.
3821 1283 4059 1335 Exstant
4132 1292 4377 1337 raeterea

2428 1351 2759 1418 exemplaria
2813 1350 3087 1402 Turretini
3142 1349 3272 1402 Ood.
3330 1347 3446 1411 108,
3502 1350 3592 1403 fol.
3639 1351 3722 1413 53,
3782 1353 4055 1409 Beruense
4093 1302 4240 1422 1lilpp.
4279 1353 4376 1406 VI.

2983 1435 3036 1487 p.
3074 1416 3179 1471 496
3214 1424 3270 1470 et
3308 1418 3525 1471 Simleri
3563 1421 3678 1473 Vol.
3715 1419 3826 1483 85.)

2431 1588 2770 1655 Fidelibus
2816 1588 3065 1654 Christi
3110 1590 3316 1653 servis
3363 1588 3716 1655 Guillelmo
3759 1590 4020 1655 Farello
4065 1598 4130 1654 et
4150 1590 4377 1657 Chris—

2432 1675 2706 1760 tophoro
2741 1675 2955 1740 Fabro
2977 1675 3440 1740 Neocomensis
3476 1677 3784 1741 ecclesiae
3808 1676 4176 1758 pastoribus
4198 1699 4376 1763 sym—

2850 1762 3089 1845 mystis
3133 1768 3200 1825 et
3243 1761 3551 1827 fratribus
3595 1763 3964 1828 carissimis.

2603 1932 2672 1996 S.
2721 1931 2937 2012 Quam
2984 1932 3275 2013 improbe
3321 1955 3468 1998 cum
3507 1933 3628 1997 hoc
3674 1945 3896 1998 nostro
3921 1935 4127 1999 amico
4168 1956 4380 2018 nuper

2431 2026 2650 2083 actum
2694 2020 2796 2093 sit,
2842 2017 3080 2082 melius
3124 2020 3263 2100 ipse
3308 2020 3488 2083 vobis
3534 2039 3753 2083 coram
3800 2030 4100 2103 exponet.
4182 2023 4279 2085 Ac
4322 2023 4378 2087 si

2433 2124 2634 2188 grave
2679 2102 2937 2185 aliquod
2981 2105 3227 2168 crimen
3268 2114 3594 2186 patrasset
3628 2125 3878 2169 sacram
3926 2107 4197 2170 Domini
4241 2128 4381 2172 coe-

2429 2210 2589 2254 nam
2658 2190 2987 2254 nobiscnm
3058 2191 3442 2272 peragendo,
3512 2192 3874 2271 praefectus
3947 2193 4379 2257 'senoniensis

2431 2298 2581 2340 eum
2629 2277 2709 2340 ad
2756 2298 2825 2339 se
2864 2278 3115 2337 vocavit
3150 2290 3214 2339 et
3258 2278 3554 2357 iux-gatus
3597 2284 3696 2338 est
3739 2277 3817 2338 de
3863 2288 4231 2360 contempto
4275 2301 4377 2343 se·

2433 2372 2623 2425 natus
2690 2362 3049 2424 Beruensis
3114 2359 3340 2424 edicto.
3372 2366 3421 2431 ¹)
3511 2362 3655 2424 Etsi
3703 2374 3920 2425 autem
3965 2363 4262 2427 modesta
4304 2386 4373 2429 se

2428 2458 2497 2512 et
2562 2446 2764 2511 solida
2831 2448 3249 2509 excusatione
3315 2448 3638 2528 purgavit,
3709 2457 3923 2510 tamen
3983 2448 4229 2514 indicta
4273 2458 4375 2515 est

2427 2533 2643 2597 exsilii
2685 2553 2910 2613 poena.
2981 2530 3158 2595 Satis
3194 2533 3460 2595 coniicio
3496 2534 3747 2597 facinus
3772 2534 3956 2596 vobis
3995 2533 4373 2600 incredibile

2429 2622 2643 2683 visum
2686 2619 2787 2693 iri,
2835 2617 2948 2681 sed
2984 2618 3075 2681 ita
3097 2638 3361 2699 prorsus
3404 2639 3544 2681 esse
3570 2618 3842 2681 affirmo
3906 2619 4051 2684 Hac
4078 2619 4155 2682 de
4177 2641 4374 2684 causa

2429 2726 2605 2768 nunc
2649 2703 2935 2767 Bernam
2973 2705 3422 2786 proficiscitur.
3490 2702 3664 2782 Quia
3700 2714 3917 2767 antem
3963 2707 4222 2786 ignotus
4269 2717 4374 2771 est

2427 2810 2503 2854 ac
2550 2791 2910 2872 imperitus,
2980 2809 3372 2871 magnopere
3434 2800 3700 2871 cuperet
3768 2790 4097 2853 hominem
4142 2792 4211 2855 in
4268 2790 4373 2857 his

2431 2875 2625 2940 rebus
2649 2876 3093 2953 exercitatum,
3131 2885 3198 2938 et
3242 2877 3348 2957 qui
3396 2876 3609 2957 gratia
3653 2875 3824 2956 apud
3873 2876 4196 2942 Bernates
4235 2878 4372 2960 pol-

2427 2961 2613 3038 leret,
2662 2960 2783 3025 sibi
2820 2961 2887 3023 in
2927 2961 3171 3043 optima
3214 2982 3410 3025 causa
3455 2982 3529 3025 ac
3552 2962 3960 3025 sanctissima
4003 2963 4371 3047 suffragari.

2426 3047 2638 3112 Porro
2682 3045 2954 3110 fratrem
3000 3058 3296 3111 nostrum
3325 3046 3832 3129 Cleristophorum
3880 3047 4145 3129 quidam
4179 3060 4371 3132 puta-

2426 3144 2587 3199 runt
2631 3136 2913 3196 maxime
2958 3133 3263 3197 idoneum
3311 3135 3463 3197 fore.
3553 3133 3725 3197 Mihi
3769 3133 4029 3215 quidem
4076 3155 4207 3199 non
4257 3157 4371 3201 ve·

2426 3228 2617 3284 nerat
2680 3220 2751 3282 in
2802 3228 3107 3297 mentem,
3154 3220 3267 3283 sed
3303 3240 3501 3300 quum
3552 3218 3631 3283 ab
3676 3220 3821 3283 aliis
3865 3220 3988 3284 sibi
4032 3241 4172 3284 esse
4216 3243 4372 3306 sug-

2425 3313 2682 3389 gestum
2726 3317 3043 3383 narraret,
3070 3306 3263 3368 valde
3300 3303 3582 3386 probavi.
3644 3304 3867 3384 Quare
3908 3317 3989 3380 te,
4024 3307 4116 3370 mi
4156 3306 4372 3374 Chris-

2423 3392 2690 3472 tophore,
2737 3390 2863 3455 nisi
2907 3413 3033 3471 qua
3080 3393 3241 3454 forte
3301 3394 3505 3454 maior
3548 3393 3901 3455 necessitas
3944 3392 4119 3455 domi
4158 3403 4225 3456 te
4268 3416 4374 3458 re-

2426 3479 2651 3552 tineat,
2679 3486 2978 3559 rogatum
3006 3484 3071 3539 et
3093 3478 3483 3540 obtestatum
3510 3476 3725 3552 velim,
3764 3487 3838 3539 ut
3861 3477 4035 3543 hunc
4081 3478 4371 3543 laborem

2424 3584 2555 3627 non
2615 3572 2748 3624 tam
2807 3582 2953 3625 meo
3012 3571 3245 3645 rogatu
3312 3582 3506 3642 quam
3563 3564 3769 3644 ipsius
3821 3583 4073 3638 causae,
4121 3586 4288 3646 quae
4333 3586 4371 3630 a

2424 3648 2551 3713 Dei
2580 3648 2787 3730 gloria
2831 3655 2896 3711 et
2941 3647 3194 3729 piorum
3236 3648 3524 3710 omnium
3556 3646 3767 3711 salute
3794 3650 4084 3730 separari
4120 3652 4369 3732 nequit,

2426 3733 2987 3799 commendatione
3031 3733 3359 3814 suscipias.
3452 3733 3601 3796 Scio
3645 3744 3830 3796 tanta
3875 3755 3979 3797 me
4021 3735 4165 3800 istic
4207 3737 4372 3800 invi-

2427 3818 2535 3883 dia
2577 3821 2856 3902 flagrare
2902 3827 2975 3882 ut
3019 3817 3280 3899 quidvis
3304 3818 3521 3899 potius
3568 3819 3737 3882 tueri
3781 3819 3974 3884 liccat
4014 3842 4205 3902 quam
4232 3821 4367 3887 Ge-

2425 3926 2780 3970 nevensem
2804 3904 3168 3969 ecclesiam:
3210 3905 3320 3967 sed
3368 3915 3432 3966 te
3469 3905 3713 3967 maiore
3759 3907 3977 3969 animo
4002 3906 4367 3988 praeditum

2426 3993 2560 4056 scio
2627 4011 2819 4073 quam
2875 4001 2951 4053 ut
3009 3990 3248 4054 talibus
3291 3990 3487 4053 fumis
3535 3990 3974 4055 absterrearis.
4068 3994 4156 4056 Et
4200 4003 4373 4057 certe
4432 4051 4439 4056 .

2424 4076 2798 4142 favorabilis
2863 4076 2990 4139 erit
3048 4096 3258 4149 causa,
3328 4075 3491 4138 nihil
3558 4097 3698 4138 esse
3764 4078 3971 4158 magis
4018 4078 4370 4143 absurdum

2426 4164 2537 4227 vel
2581 4166 2884 4238 immane,
2928 4182 3123 4243 quam
3149 4160 3475 4224 hominem
3521 4161 3720 4224 nobili
3764 4171 3831 4224 et
3874 4163 4139 4243 antiqua
4184 4163 4372 4227 fami·

2426 4248 2515 4312 lia
2549 4258 2798 4322 natum,
2845 4247 2958 4329 qui
3004 4268 3261 4329 semper
3297 4246 3647 4310 honorifice
3686 4247 3871 4323 vixit,
3918 4269 3954 4309 e
3992 4249 4257 4330 regione
4300 4249 4372 4313 in

2426 4355 2621 4416 quam
2641 4333 3047 4398 voluntarius
3092 4333 3275 4395 exsul
3301 4333 3617 4397 concessit
3641 4332 3901 4413 pietatis
3939 4353 4152 4410 causa,
4178 4355 4371 4417 prop-

2427 4430 2531 4484 ter
2600 4429 2892 4485 sanctam
2969 4420 3287 4483 actionem
3357 4419 3518 4483 eiici.
3610 4418 3837 4499 Neque
3904 4428 4124 4482 tamen
4192 4419 4372 4483 aliud

2431 4527 2625 4588 quam
2682 4526 2819 4568 rem
2878 4506 3083 4585 ipsam
3146 4526 3185 4567 a
3241 4504 3424 4568 vobis
3478 4507 3753 4585 spectari
3810 4504 3974 4582 volo,
4023 4525 4187 4585 quae
4230 4525 4369 4570 cer-

2426 4601 2567 4655 tum
2636 4590 2840 4667 vobis,
2894 4599 2968 4653 ut
3024 4610 3231 4671 spero,
3294 4589 3636 4654 consilium
3694 4589 3874 4654 dabit
3929 4589 4084 4672 quid
4128 4592 4371 4656 factum

2424 4698 2659 4760 operae
2703 4677 2987 4758 pretium
3038 4676 3139 4739 sit.

2597 4763 2861 4839 Valete,
2930 4760 3162 4843 optimi
3223 4767 3290 4823 et
3342 4761 3751 4842 integerrimi
3794 4763 4047 4825 fratres.
4138 4760 4367 4827 Domi·

2423 4870 2550 4913 nus
2610 4869 2869 4931 semper
2920 4846 3106 4911 vobis
3172 4846 3357 4922 adsit,
3413 4868 3525 4910 vos
3586 4856 3881 4930 protegat
3931 4869 4005 4913 ac
4049 4848 4370 4929 gubernet

2423 4935 2677 5018 spiritu.
2748 4934 3077 4999 Mutarim
3120 4943 3189 4996 et
3227 4932 3372 4997 aliis
3409 4932 3633 5008 amicis
3676 4933 4027 5015 plurimam
4073 4933 4370 4999 salutem.

2426 5208 2691 5274 23001)
2731 5207 2991 5261 Edictum
3026 5207 3204 5272 ipsun·
3242 5207 3419 5274 leqisti
3451 5221 3623 5274 supra
3659 5206 3734 5260 N.
3766 5204 3917 5258 2096.
3973 5203 4059 5260 De
4091 5207 4209 5262 viro
4243 5210 4370 5276 ipso

2425 5295 2463 5331 a
2513 5277 2784 5345 praefecto
2836 5278 3119 5343 ohim-palo
3177 5277 3342 5342 plura
3398 5291 3509 5329 non
3561 5275 3829 5330 habemus.
3907 5273 4126 5329 Nobilis
4174 5275 4373 5332 Gallus

2421 5347 2596 5412 fuisse
2630 5346 2847 5398 videtur
2880 5345 3086 5399 alicubi
3117 5345 3178 5398 in
3207 5345 3559 5413 praefectura
3606 5345 3934 5398 rononiensn·
3968 5344 4177 5412 deame.

3886 5428 3950 5480 51
