4850 6200
556 412 680 477 363

554 603 669 661 σας
720 596 1100 653 Anthenticum
1153 596 1385 651 Bernam
1439 595 1662 653 missum
1721 595 1778 650 in
1833 593 2051 651 Archiv.
2104 596 2269 650 Bern.
2322 594 2488 651 Godd.

548 665 678 722 hist.
714 667 857 723 belv.
889 667 998 722 111.
1029 663 1114 732 84,
1148 665 1241 720 fol.
1264 662 1388 733 1⁷63
1422 663 1564 720 unde
1581 664 1814 735 sumpsit
1832 663 2090 718 simlerus
2127 663 2252 720 Vol.
2284 663 2367 719 88.
2402 694 2470 705 —

546 735 636 790 Ex
668 735 920 791 Gothanc
952 734 1240 790 ediderunt
1271 732 1503 804 Cypri-u
1557 733 1796 801 Abgedr.
1839 731 2153 788 Untsrricbt
2185 738 2287 788 otc.
2324 731 2478 802 1722,

662 820 716 874 μ
749 801 870 873 sao,
902 803 1196 872 εοιιιοωοι,
1230 802 1372 858 so·-
1404 819 1459 872 p.
1489 774 1592 856 §9⁷
1628 808 1683 856 et
1715 801 2134 857 Brouohneidor
2165 819 2219 872 p.
2254 799 2368 872 se.)

549 974 831 1042 Eximiis
883 972 1134 1040 Christi
1196 972 1512 1040 ministris
1564 973 1932 1056 pastoribus
1994 981 2063 1039 et
2107 971 2477 1039 doctoribus

587 1059 945 1128 Beruensis
992 1058 1300 1125 ecclesiae
1341 1057 1618 1125 fatribus
1660 1059 1901 1125 nostris
1945 1057 2434 1126 colendissimis.

719 1228 790 1296 S.
834 1230 943 1296 Ex
984 1250 1113 1316 quo
1168 1228 1611 1296 intelleximus
1639 1233 1658 1270 ¹
1746 1228 2193 1312 Hieronymum
2235 1228 2477 1296 indicto

547 1314 778 1385 exsilio
868 1315 1157 1383 Bernam
1253 1315 1453 1382 fuisse
1530 1335 1646 1399 pro
1674 1324 1890 1381 ectum
1910 1365 1927 1394 ‚
2014 1314 2238 1382 literas
2319 1335 2478 1380 vero

547 1412 808 1469 nostras
863 1401 1064 1469 fuisse
1120 1421 1529 1486 suppressas,
1601 1401 1835 1467 merito
1916 1400 2254 1466 timuimus
2306 1399 2478 1484 quod

547 1484 797 1554 accidit.
894 1487 988 1553 Et
1028 1496 1202 1554 certe
1244 1484 1411 1552 nihil
1453 1508 1494 1552 a
1521 1484 1705 1553 nobis
1747 1485 2060 1569 scriptum
2106 1495 2262 1567 erat,
2306 1485 2480 1570 quod

546 1583 848 1639 senatum
886 1571 1257 1639 offenderet.
1353 1571 1525 1637 Nam
1582 1571 1740 1655 quid
1791 1579 2031 1722 οέιεεοίῑ
2073 1582 2231 1638 tunc
2293 1572 2480 1638 nobis
2498 1574 2515 1605 ¹

543 1679 813 1745 prorsus
895 1670 1038 1724 erat
1114 1658 1536 1742 incognitum.
1680 1657 1828 1723 Non
1876 1677 1988 1722 um
2074 1655 2157 1722 ad
2240 1656 2481 1724 classes

665 1743 802 1809 lata
876 1752 1065 1810 erant
1147 1741 1374 1809 edicta.
1495 1740 1869 1827 Hieronymi
1951 1741 2135 1809 nulla
2216 1742 2478 1808 mentio.

613 1849 688 1896 os
730 1829 925 1894 etiam
946 1828 1314 1912 praeteritis
1334 1827 1617 1906 iniuriis,
1656 1848 1816 1913 quas
1837 1827 2173 1911 conquesti
2217 1847 2481 1894 eramus

541 1913 735 1980 nobis
778 1934 919 1981 esse
959 1914 1194 1993 illatas,
1210 1917 1267 1996 ²)
1310 1914 1568 1998 oblique
1618 1914 1691 1979 in
1745 1915 1995 1980 crimen
2039 1912 2477 1980 trahebamur.

540 1999 830 2067 Perinde
883 2000 1058 2065 enim
1137 2018 1213 2065 ac
1288 2001 1343 2065 si
1386 2007 1612 2066 nostra
1667 1999 1857 2084 culpa
1932 2009 2196 2065 exortae
2259 2006 2481 2066 essent

541 2084 805 2163 turbae,
890 2085 1143 2151 moneri
1219 2105 1339 2151 nos
1435 2084 1694 2152 volebat
1782 2092 2045 2151 senatus
2109 2093 2326 2151 vester
2399 2093 2517 2149 ut·

542 2170 858 2238 fovendae
899 2171 1044 2253 paci
1078 2178 1144 2236 et
1185 2170 1494 2238 cavendis
1535 2169 1823 2237 dissidiis
1855 2189 2118 2253 operam
2154 2170 2476 2236 daremus.

542 2256 826 2323 Necesse
882 2276 1039 2340 ergo
1081 2256 1267 2322 nobis
1309 2257 1595 2340 primum
1638 2256 1766 2321 fuit
1819 2254 2105 2322 modeste
2159 2276 2280 2322 nos
2321 2277 2473 2339 pur-

546 2340 764 2427 gando
830 2341 1060 2407 falsam
1127 2341 1559 2425 suspicionem
1631 2340 1913 2407 diluere:
1988 2339 2224 2407 deinde
2277 2342 2478 2407 etiam

544 2425 887 2493 ostendere
950 2447 1144 2511 quam
1209 2428 1386 2493 iusta
1447 2427 1682 2494 fuisset
1766 2437 1991 2493 nostra
2052 2427 2472 2511 querimonia.

545 2512 631 2579 In
673 2522 948 2596 utroque
989 2514 1083 2577 ita
1126 2512 1311 2580 nobis
1366 2511 1688 2579 moderari
1730 2511 2099 2579 studuimus
2156 2521 2233 2578 ut
2285 2512 2478 2580 facile

545 2608 875 2664 constaret
944 2617 1068 2664 nos
1146 2598 1253 2683 pio
1325 2620 1646 2665 consensu
1721 2598 1862 2664 fore
1934 2604 2286 2664 contentos.
2390 2598 2476 2663 In

545 2683 1001 2769 Hieronymum
1076 2704 1230 2751 vero
1317 2704 1562 2752 novum
1646 2685 1895 2751 crimen
1972 2684 2474 2769 proferebamus,

544 2789 699 2836 eum
717 2772 775 2845 8)
854 2790 1074 2836 coram
1162 2769 1413 2836 duobus
1506 2770 1693 2836 verbi
1791 2768 2109 2836 ministris
2201 2768 2473 2836 dixisse:

545 2854 796 2923 Servate
848 2856 1086 2922 factam
1139 2855 1463 2922 iniuriam.
1562 2854 1714 2935 Qua
1766 2876 1926 2922 voce
1980 2877 2111 2921 non
2167 2854 2475 2939 privatim

544 2940 762 3008 laesus
819 2948 922 3007 est
964 2939 1282 3018 Calvinus,
1336 2960 1546 3025 neque
1591 2940 1792 3005 etiam
1847 2942 2280 3007 communiter
2335 2948 2476 3007 tota

542 3026 708 3091 haec
794 3025 1066 3092 ecclesia
1079 3075 1095 3105 ,
1162 3023 1277 3091 sed
1345 3033 1611 3092 senatus
1707 3034 1927 3092 vester
2022 3034 2243 3110 aperte
2327 3046 2476 3110 pro-

546 3111 871 3179 scinditur
885 3162 902 3189 ‚
981 3112 1169 3176 cuius
1225 3111 1488 3177 hortatu
1558 3109 1638 3177 de
1716 3112 1918 3197 impio
1974 3110 2087 3177 illo
2142 3120 2475 3197 sumptum

544 3198 671 3263 fuit
733 3195 1135 3281 supplicium.
1245 3195 1310 3261 N
1311 3218 1438 3263 unc
1517 3196 1576 3263 si
1632 3195 1713 3262 de
1776 3198 1848 3261 in
2100 3197 2476 3278 scribamus,

546 3282 786 3348 merito
821 3280 1184 3347 timendum
1219 3289 1317 3348 est
1353 3302 1437 3346 ne
1471 3281 1597 3348 sibi
1633 3281 1818 3347 litem
1849 3281 2102 3348 intendi
2147 3284 2479 3349 existimet

544 3375 847 3434 senatus:
892 3367 1067 3434 scitis
1090 3375 1308 3433 autem
1332 3387 1526 3451 quam
1545 3366 1815 3453 indigne
1849 3367 2100 3434 laturus
2122 3368 2226 3446 sit,
2254 3388 2477 3436 secum

546 3451 630 3519 de
684 3453 884 3519 venia
937 3473 1243 3520 concessa
1310 3452 1726 3536 expostulari.
1828 3452 2225 3520 Clamabunt
2280 3455 2477 3520 etiam

547 3537 666 3623 qui
709 3539 893 3606 nobis
915 3560 1148 3623 parum
1183 3538 1446 3623 propitii
1476 3546 1652 3615 sunt,
1696 3559 1816 3605 nos
1849 3538 2175 3606 vindictae
2208 3538 2479 3624 cupidos

542 3624 616 3691 in
713 3625 1020 3691 miserum
1096 3624 1386 3690 exsulem
1472 3646 1615 3691 esse
1699 3623 2158 3708 implacabiles.
2277 3625 2480 3691 Nulla

543 3709 749 3795 igitur
817 3710 985 3775 ratio
1063 3709 1247 3776 nobis
1309 3708 1569 3776 videtur
1645 3709 1764 3777 reli
1810 3730 1894 3775 ua
1966 3732 2136 3790 esse,
2214 3710 2339 3776 nisi
2402 3721 2481 3775 ut

546 3795 735 3863 vobis
797 3794 969 3861 hanc
1033 3814 1294 3862 causam
1357 3796 1685 3881 suscipere
1749 3796 1796 3860 li
1920 3802 1966 3861 t.
2061 3796 2199 3862 Erit
2260 3803 2479 3862 autem

542 3880 822 3946 honesta
861 3888 929 3946 et
969 3880 1338 3949 favorabilis
1381 3883 1522 3948 eius
1561 3881 1753 3961 autin,
1798 3881 1857 3948 si
1897 3880 2099 3947 libere
2150 3883 2479 3966 exponitis

544 3964 718 4050 quod
771 3985 879 4031 res
934 3975 1050 4046 est,
1109 3974 1183 4032 ut
1240 3967 1537 4034 molestia
1589 3968 1767 4052 ipsos
1803 3966 2130 4046 levaretis,
2191 3974 2477 4034 retentas

542 4071 585 4117 a
627 4049 809 4118 vobis
852 4050 1055 4117 fuisse
1096 4052 1319 4119 literas
1361 4060 1633 4119 nostras.
1726 4053 1866 4119 Nos
1919 4075 2073 4119 vero
2136 4055 2266 4118 iam
2323 4074 2477 4118 con·

587 4137 730 4202 ueri
800 4136 1096 4222 publicae
1160 4137 1467 4203 infamiae
1535 4139 1900 4224 expositam
1972 4161 2114 4206 esse
2184 4146 2476 4204 nostram

592 4222 928 4302 octrinam‚
966 4222 1218 4288 nullam
1261 4222 1487 4289 haberi
1508 4223 1857 4290 ministerii
1892 4225 2104 4290 nostri
2125 4224 2474 4290 rationem:

542 4308 670 4374 hoc
714 4308 993 4393 denique
1031 4308 1342 4392 probrum
1386 4330 1517 4375 non
1561 4307 1845 4376 residere
1887 4311 1960 4375 iu
1999 4307 2204 4389 nobis,
2249 4309 2361 4375 sed
2405 4310 2476 4375 in

541 4412 892 4459 commune
954 4393 1363 4479 evangelium
1423 4393 1805 4460 redundare.
1877 4396 2182 4479 Amplam
2226 4415 2479 4479 quoque

543 4479 888 4545 materiam
933 4477 1120 4545 vobis
1164 4478 1346 4544 dabit
1384 4478 1700 4545 indomita
1741 4480 2025 4547 hominis
2067 4481 2300 4559 rabies,
2365 4481 2479 4566 qui

541 4573 894 4648 antequam
935 4562 1201 4630 domum
1241 4584 1542 4631 reversus
1583 4574 1758 4631 esset
1799 4566 1982 4648 quasi
2036 4565 2106 4631 in
2150 4574 2479 4649 posterum

588 4649 804 4716 uidvis
845 4648 1131 4716 audendi
1148 4652 1207 4731 ⁴)
1260 4651 1578 4734 permissa
1629 4660 1804 4717 esset
1850 4651 2224 4736 impunitas,
2279 4651 2478 4719 Glau-

592 4734 729 4801 ‘um
801 4734 1185 4804 Molinaeum
1201 4737 1258 4818 ὅ)
1334 4736 1521 4802 verbi
1587 4737 1962 4803 ministrum
2039 4737 2348 4804 conviciis
2410 4744 2480 4803 et

544 4972 811 5108 'wag
845 4972 1690 5099 nommssffmlvffgcg·
1726 4974 2203 5046 etiammseq.

748 5112 966 5177 mcum
1002 5149 1221 5168 .....
1257 5111 1663 5169 dixissetSdil.

748 5178 1361 5310 {iffffefftffu‘m
1404 5250 1562 5306 met
1603 5249 1838 5321 anquam
1880 5251 2191 5307 mmmm
2231 5252 2474 5308 mine:

544 5314 743 5371 Omns
777 5318 860 5373 dit
889 5319 963 5373 du
995 5318 1218 5374 Moulin.

2053 407 2576 483 EPISTULAE
2619 411 3041 475 2073—2075

4383 414 4510 478 364

2576 596 2777 664 minis
2833 604 2969 662 tam
3031 595 3496 664 contumeliose
3573 598 3869 677 vexavit,
3935 605 4014 665 ut
4083 618 4323 666 novam
4384 598 4509 666 sibi

2700 702 2852 749 nam
2895 682 3307 748 aecci-siverit
3351 682 3475 749 hoc
3517 681 3817 750 hcinore.
3913 684 4010 752 Ut
4060 703 4218 753 vero
4265 684 4510 753 centies

2575 768 2678 834 illi
2720 778 2988 835 senatus
3027 768 3320 852 ignoscat
3333 817 3350 845 ,
3399 767 3523 835 hoc
3565 775 3786 835 tamen
3842 770 4111 836 minime
4163 769 4508 837 ferendum

2576 855 2765 922 vobis
2807 861 2926 934 est,
2962 854 3156 919 tacito
3199 853 3590 937 praeiudicio
3633 861 3878 922 rectam
3899 857 3953 938 ⁸)
3987 855 4182 922 fidem
4226 857 4507 941 gravari,

2577 941 2681 1007 cui
2738 936 3124 1005 maledicere
3180 946 3249 1004 et
3303 959 3502 1023 quam
3554 961 3674 1006 suo
3729 962 3908 1007 more
3962 939 4302 1008 traducere
4356 942 4508 1009 huic

2575 1024 2869 1111 improbo
2889 1024 2942 1105 ⁷)
2992 1024 3304 1090 nebuloni
3366 1026 3783 1109 permittitur.
3891 1026 4037 1093 Hoc
4087 1047 4244 1094 vero
4300 1028 4509 1113 magis

2576 1114 2932 1178 etiamnum
2974 1109 3317 1193 plausibile
3358 1112 3499 1189 erit,
3552 1119 3806 1179 vestros
3820 1113 3881 1187 8)
3925 1132 4192 1195 parcere
4231 1112 4329 1179 illi
4376 1134 4507 1179 non

2576 1218 2781 1281 posse,
2838 1196 2999 1281 quin
3056 1216 3247 1260 suum
3309 1197 3621 1263 honorem
3673 1197 4099 1283 prostituant:
4157 1198 4310 1280 quia
4340 1266 4355 1277 ,
4369 1197 4510 1266 Ser-

2575 1288 2776 1349 vatum
2810 1301 2927 1348 suo
2968 1282 3326 1365 patrocinio
3360 1281 3744 1360 defendens,
3791 1285 3962 1368 ipsos
4004 1282 4224 1367 palam
4279 1283 4507 1350 crude-

2579 1368 2787 1435 litatis
2841 1388 2987 1434 reos
3026 1367 3196 1433 fecit.
3222 1367 3275 1453 ⁰)
3372 1369 3553 1455 Ergo
3619 1389 3735 1435 vos
3787 1370 4026 1435 iterum
4084 1389 4390 1455 rogamus
4445 1375 4511 1436 et

2577 1474 2696 1538 per
2738 1453 2988 1521 Ohristi
3028 1471 3267 1519 nomen
3302 1462 3726 1539 sanctumque
3767 1455 4115 1521 ministerii
4148 1455 4510 1523 communis

2580 1541 2917 1606 vinculum
2951 1537 3363 1605 obsecramus
3397 1560 3482 1605 ne
3517 1539 3801 1606 officium
3837 1539 3960 1607 hoc
3994 1541 4182 1607 nobis
4204 1540 4287 1627 ¹⁰)
4323 1560 4509 1625 prae-

2580 1634 2756 1692 stare
2797 1624 3181 1710 gravemini.
3250 1624 3511 1691 Addere
3554 1626 3749 1690 etiam
3792 1625 4016 1692 licebit
4056 1625 4218 1693 alios
4259 1647 4509 1710 quoque

2578 1711 2713 1776 iam
2755 1729 2887 1777 non
2929 1711 3235 1777 obscuros
3268 1731 3599 1796 emergere
3639 1710 3838 1777 huius
3874 1710 4065 1778 datae
4107 1712 4512 1796 impunitatis

2579 1796 2851 1864 fructus.
2919 1796 3092 1862 Nam
3124 1815 3370 1881 procax
3407 1805 3475 1863 et
3513 1795 3777 1864 effrenis
3798 1798 3885 1879 ιι)
3920 1797 4238 1880 quaedam
4277 1797 4511 1864 mulier

2624 1904 2746 1949 uae
2787 1881 2870 1948 ob
2912 1881 3040 1948 alia
3094 1883 3409 1949 maleficia
3463 1881 3619 1947 hinc
3672 1883 3772 1950 bis
3815 1883 3884 1947 in
3941 1882 4249 1949 exsilium
4306 1885 4511 1950 eiecta

2607 1970 2719 2048 uit,
2763 1967 2980 2052 palam
3023 1964 3362 2049 Rollae12)
3418 1967 3710 2035 clamitat
3759 1989 3867 2035 me
3916 1989 4059 2034 esse
4111 1967 4509 2035 haereticum

2578 2054 2734 2137 quia
2775 2054 2991 2120 Deum
3034 2053 3271 2120 faciam
3312 2053 3557 2137 peccati
3602 2062 3913 2133 autorem,
3972 2063 4040 2119 et
4077 2074 4286 2139 nuper
4348 2054 4513 2120 Gra-

2577 2142 2794 2206 verius
2821 2140 2903 2215 ¹⁸)
2952 2139 3135 2206 vobis
3168 2160 3301 2206 non
3321 2139 3605 2225 ignotus,
3647 2161 3779 2205 non
3815 2140 3887 2204 in
3929 2140 4080 2225 pagi
4102 2139 4205 2205 sui
4243 2138 4510 2207 latebris

2577 2223 2694 2291 sed
2731 2226 2801 2290 in
2844 2224 2969 2290 hac
3010 2225 3155 2307 ipsa
3197 2226 3356 2292 urbe
3411 2225 3482 2290 in
3529 2227 3768 2291 sutoris
3844 2226 4117 2292 taberna
4166 2226 4407 2292 iactare
4426 2230 4507 2303 ¹⁴)

2580 2331 2714 2376 nou
2775 2309 3120 2377 dubitavit.
3245 2309 3425 2393 Quid
3491 2310 3751 2377 tandem
3829 2310 4126 2377 futurum
4188 2319 4318 2389 est,
4386 2309 4514 2377 nisi

2579 2404 2836 2462 mature
2901 2395 3063 2462 haec
3124 2395 3455 2480 protervia
3529 2417 3672 2463 com
3824 2395 4004 2462 itur?
4124 2396 4282 2480 Ipsa
4357 2416 4512 2462 vero

2576 2481 2961 2559 necessitas,
3023 2489 3099 2547 ut
3164 2503 3529 2566 speramus,
3592 2503 3679 2548 vo
3723 2483 3779 2548 is
3844 2480 3927 2547 ad
3983 2483 4193 2548 iustae
4247 2494 4314 2546 et
4368 2484 4512 2564 piae

2578 2587 2812 2634 causae
2854 2566 3292 2634 defensionem
3337 2567 3497 2633 satis
3539 2588 3688 2633 acer
3721 2567 3849 2633 erit
3886 2567 4209 2634 stimulus.
4254 2566 4510 2647 Valete,

2579 2653 2979 2720 ornatissimi
3024 2655 3150 2719 viri
3193 2660 3261 2719 et
3303 2653 3488 2720 nobis
3530 2652 3921 2720 observandi
3962 2653 4214 2719 fratres.
4281 2651 4510 2719 Domi-

2579 2760 2707 2805 nus
2766 2758 3023 2822 semper
3063 2740 3250 2806 vobis
3286 2739 3484 2818 adsit,
3538 2759 3656 2806 vos
3719 2738 4042 2824 gubernet
4097 2760 4172 2806 ac
4224 2747 4507 2805 tueatur.

2581 2824 2895 2892 Genevae
2937 2824 3059 2891 IV.
3096 2824 3365 2892 Oalend.
3412 2825 3702 2891 Ianuarii
3754 2829 3934 2890 1554.

3420 2962 3702 3029 Ioannes
3743 2960 4064 3030 Oalviuus
4103 2968 4340 3041 vester,

3355 3063 3636 3133 fratrum
3678 3064 3971 3131 omnium
4008 3064 4288 3130 nomine.
4320 3063 4404 3147 ¹⁵)

2754 3254 2972 3338 Quum
3019 3254 3140 3321 has
3174 3251 3475 3321 claudere
3517 3251 3772 3332 vellem,
3817 3252 4055 3318 allatus
4096 3260 4198 3319 est
4216 3254 4509 3319 'Bononio

2578 3341 2885 3421 nuncius,
2931 3338 3319 3407 nebulonem
3356 3338 3563 3417 illum,
3621 3340 3807 3423 quasi
3852 3360 3985 3404 non
4044 3346 4303 3404 tantum
4360 3337 4513 3405 data

2577 3426 2775 3494 venia
2814 3433 2988 3492 esset
3041 3426 3401 3503 restitutus,
3446 3422 3561 3491 sed
3603 3424 3805 3490 etiam
3844 3425 4061 3491 iussus
4104 3432 4366 3490 strenue
4405 3444 4512 3490 me

2577 3509 3008 3596 proscindere,
3051 3511 3261 3596 plenis
3317 3511 3537 3577 buccis
3578 3531 3686 3575 me
3729 3509 3942 3577 adhuc
3997 3529 4228 3577 vocare
4280 3510 4513 3576 haere-

2577 3599 2798 3676 ticum,
2842 3597 3013 3681 quod
3057 3597 3255 3663 etiam
3289 3617 3359 3661 se
3400 3596 3471 3661 in
3494 3595 3724 3663 faciem
3768 3596 4016 3682 optimo
4057 3595 4244 3661 fratri
4287 3604 4511 3662 nostro

2577 3684 2661 3749 D.
2701 3682 2962 3750 Hallero
3004 3704 3075 3749 se
3115 3682 3356 3748 dixisse
3398 3681 3614 3749 iactat.

2779 3975 2841 4039 6)
2877 3979 3082 4029 certam
3120 3971 3259 4029 Sela.

2781 4042 2842 4109 7)
2876 4044 3043 4109 impio
3078 4042 3180 4097 Br.

2779 4110 2841 4178 8)
2876 4112 2955 4166 sic
2995 4128 3033 4165 a
3078 4109 3315 4166 meando
3359 4125 3527 4165 mauu
3575 4108 3933 4176 Ιοπυαὶασιωῑ
3980 4110 4219 4177 primm
4260 4108 4521 4174 mabar.-

2577 4180 2852 4235 Senatum.
2923 4179 3066 4235 Inde
3101 4178 3241 4234 Sela.
3275 4184 3554 4233 senatores
3588 4183 3817 4233 vestros.

2751 4249 2839 4455 13}
2984 4318 2996 4332 .
3065 4246 3397 4372 &aalma
3399 4247 3422 4300 i
3455 4263 3623 4302 manu
3653 4248 3717 4302 ὑι
3752 4244 3885 4301 God.
3926 4244 4194 4303 Gothum.

2873 4333 2942 4371 vo
2980 4333 3028 4371 is

2747 4385 2813 4440 11
2874 4385 3086 4440 infamis
3124 4383 3261 4440 Sela.

2749 4453 2841 4592 1133
2876 4455 3223 4578 ἷῗιὲῗηῗώ
3241 4451 3470 4577 ἔξω
3503 4522 3602 4577 hoc
3634 4537 3827 4604 namq·
3861 4522 4121 4590 scriptum
4153 4526 4231 4575 m
4259 4526 4326 4602 με
4359 4519 4516 4601 auti-

2578 4597 2697 4648 tare
2726 4607 2909 4662 possus
2940 4596 3123 4648 utrum
3159 4589 3451 4645 Gravenus
3485 4606 3560 4646 an
3581 4591 3870 4645 σηοω-ωε
3905 4590 4183 4660 leaenam
4216 4594 4304 4645 ut.
4355 4587 4517 4644 Pno-

2577 4676 2691 4716 rsn
2729 4661 2966 4728 form
3007 4660 3270 4742 praebant
3309 4659 3458 4714 odite.
3491 4663 3553 4715 in
3588 4657 3870 4742 N313045
3912 4660 4281 4729 poster-iorem¹
4312 4657 4368 4711 si
4482 4657 4516 4738 [-

2579 4729 2698 4784 dem
2732 4729 2799 4784 de
2830 4729 3009 4785 codem
3044 4729 3246 4784 dmum
3279 4728 3463 4793 fam.
3495 4728 3767 4798 Hermum.
3799 4729 3898 4784 1v.
3936 4727 4057 4784 375.
4106 4725 4350 4783 Bretsch.

2578 4797 2727 4854 Gran
2760 4804 2815 4852 rt
2933 4796 3060 4854 Sola
3107 4796 3487 4852 Genebrardus

2728 4816 2759 4854 e
2814 4815 2893 4864 us,
3060 4837 3073 4850 .
3490 4837 3501 4848 .

2676 5004 2688 5017 ,
2747 4867 2843 4998 {33
2874 4866 3220 5006 mamas.
3282 4934 3431 4990 ...2
3479 4949 3518 4990 .
3576 4932 3706 4990 ο...
3762 4932 4019 4990 m..
4074 4934 4215 4991 ...-
4266 4940 4316 4989 ..
4369 4941 4517 5004 ....

2572 5010 2851 5074 εσυ-φῦναι.

3344 5233 3747 5241 ο,------
