4850 6200
545 425 670 489 783

913 608 1024 675 (Ex
1059 608 1193 664 cod.
1228 608 1434 664 Gener.
1475 608 1588 676 110,
1625 609 1716 664 sol.
1755 606 1857 663 163
1892 612 2130 678 autogr.)

544 867 780 933 Ioanni
826 864 1102 933 Calvino
1146 866 1558 934 Genevensis
1601 867 1910 935 ecclesiae
1953 867 2198 951 pastori
2255 865 2501 932 fidelis-

545 954 714 1019 simo
749 963 817 1017 et
851 951 1367 1037 vigilantissime.

1993 1038 2325 1105 Genevae.

719 1208 787 1275 S.
855 1210 933 1275 P.
1021 1209 1418 1275 Venerande
1484 1208 1708 1274 doctor
1766 1220 1834 1275 et
1899 1218 2121 1292 pastor
2186 1211 2500 1277 ecclesiae

547 1296 818 1362 Christi.
906 1294 1097 1379 Quod
1157 1296 1330 1361 ultra
1387 1303 1666 1379 quatuor
1720 1295 1824 1361 vel
1895 1297 2180 1380 quinque
2240 1318 2500 1362 menses

547 1380 631 1448 ad
697 1393 761 1447 te
821 1403 952 1448 non
1018 1382 1267 1465 scripsi,
1336 1398 1552 1446 rerum
1615 1402 1910 1446 mearum
1975 1382 2365 1447 incertitudo
2434 1394 2502 1447 et

544 1468 762 1534 idonei
810 1469 1228 1534 amanuensis
1274 1466 1563 1533 defectus
1621 1467 1691 1531 in
1750 1488 1942 1534 causa
2001 1469 2140 1533 fuit.
2233 1469 2399 1533 Heri
2461 1492 2500 1533 a

545 1552 818 1639 prandio
866 1553 947 1618 D.
994 1554 1232 1620 Franc.
1283 1553 1653 1618 Bazduinus
1695 1574 1803 1618 me
1847 1553 2054 1619 adivit
2116 1564 2184 1618 et
2243 1556 2502 1639 rogavit

547 1650 619 1705 ut
663 1639 746 1705 ad
792 1651 856 1705 te
891 1639 1261 1717 scriberem,
1301 1639 1521 1704 dicens
1563 1638 1934 1721 opinionem
1980 1661 2164 1704 suam
2213 1643 2498 1723 gravari,

589 1726 732 1792 uasi
805 1726 912 1792 hic
999 1725 1210 1791 locum
1284 1746 1500 1789 meum
1561 1724 2038 1806 praevertendo
2103 1735 2497 1808 occupasset.

546 1748 700 1894 {lua
745 1811 823 1876 de
867 1834 935 1876 re
978 1812 1128 1876 nolo
1174 1832 1324 1875 eum
1372 1831 1664 1895 gravare.
1735 1811 1877 1895 Ego
1922 1812 2098 1875 enim
2135 1813 2501 1897 e'rubinga

546 1899 736 1963 illum
763 1900 1006 1971 vocavi,
1047 1918 1346 1962 cessurus
1391 1898 1450 1961 ei
1484 1896 1699 1961 locum
1742 1917 1962 1962 meum
1987 1898 2497 1981 Tubingensem.

547 1982 772 2064 Quare
810 1983 930 2048 hoc
977 1982 1318 2050 deficiente
1340 1980 1656 2048 debebam
1701 1982 1886 2047 illum
1934 1982 2014 2046 ad
2039 1984 2242 2049 alium
2283 1984 2501 2050 locum

546 2068 971 2135 obtinendum
1019 2069 1263 2134 iuvare.
1334 2065 1514 2149 Quin
1552 2068 2117 2153 eMontpelgardo
2147 2069 2377 2152 scripsi
2423 2072 2501 2147 ei,

547 2176 738 2240 posse
775 2176 922 2220 eum
972 2157 1054 2225 (si
1082 2154 1583 2238 Virtembergici
1628 2152 1815 2219 ducis
1859 2155 2089 2220 literae
2134 2155 2501 2235 tardarent)

548 2240 632 2306 ad
685 2260 789 2305 me
836 2241 1059 2306 venire
1103 2249 1168 2305 et
1216 2242 1376 2305 meis
1400 2240 1715 2323 impensis
1759 2251 1955 2318 stare,
2001 2242 2206 2306 donec
2252 2244 2311 2307 ei
2353 2264 2504 2326 pro-

548 2327 769 2392 visum
829 2338 1014 2391 esset.
1100 2326 1306 2391 Venit
1365 2326 1617 2391 decima
1683 2326 2058 2392 Februarii:
2115 2327 2295 2395 volui
2352 2349 2504 2393 eum

551 2411 832 2477 domui*
875 2434 1056 2476 meae
1099 2412 1414 2495 impensis
1463 2413 1624 2477 meis
1668 2411 1910 2478 habere
1955 2411 2159 2478 donec
2215 2414 2368 2479 illae
2423 2415 2504 2480 li-

552 2508 729 2563 terae
783 2498 1130 2564 venissent.
1223 2499 1414 2563 Dixit
1466 2520 1535 2563 se
1592 2498 1788 2563 malle
1853 2499 2120 2564 interim
2179 2501 2273 2564 ire
2313 2501 2506 2566 Basi-

550 2584 740 2663 leam,
788 2583 1021 2649 deinde
1065 2585 1517 2669 Argentinam.
1587 2584 1739 2649 Mea
1781 2601 2031 2667 sponte,
2078 2608 2209 2651 non
2233 2588 2503 2668 petenti,

551 2668 700 2735 dedi
758 2668 984 2736 literas
1032 2670 1593 2737 commendatitias
1653 2670 1735 2734 ad
1793 2672 1875 2735 D.
1939 2671 2198 2736 Petrum
2257 2670 2505 2755 Marty-

548 2776 681 2821 rem
746 2764 813 2821 et
869 2755 1033 2822 alios
1098 2757 1497 2839 professores
1564 2758 2106 2840 Argentinenses.
2198 2756 2272 2823 Si
2338 2757 2506 2823 mihi

550 2841 822 2908 dixisset
878 2863 948 2907 se
992 2841 1186 2907 malle
1244 2857 1358 2907 aut
1401 2863 1639 2925 cupere
1697 2843 1911 2908 locum
1949 2845 2504 2927 Argentinensem

550 2950 671 3013 ego
697 2928 1087 2993 nominatim
1133 2927 1213 2992 de
1250 2949 1325 2992 ea
1360 2950 1431 2993 re
1467 2930 1539 2993 in
1581 2928 1721 2992 eius
1760 2929 2052 2994 favorem
2078 2930 2499 3013 scripsissem.

720 3012 921 3079 Initio
982 3013 1207 3079 Martii
1282 3014 1523 3096 recipio
1590 3014 1816 3079 literas
1887 3014 2112 3080 uxoris
2179 3016 2503 3101 emigrare

548 3102 872 3184 cupientis
938 3101 996 3166 si
1053 3121 1169 3183 per
1235 3101 1484 3184 Regem
1551 3098 1760 3166 liceat.
1853 3102 1997 3185 Ego
2071 3123 2201 3168 non
2267 3102 2504 3169 videns

551 3186 732 3253 aliud
776 3183 1066 3251 medium
1120 3207 1314 3336 quam
1367 3187 1720 3252 autoritate
1765 3193 1833 3253 et
1890 3209 1962 3253 ro
2012 3197 2126 3253 atu
2187 3190 2504 3274 Argenti-

548 3273 875 3349 nensium,
933 3269 1082 3336 dedi
1164 3271 1365 3337 iteras
1420 3273 1701 3339 offerens
1757 3293 1863 3338 me
1920 3295 1959 3339 a
2056 3274 2500 3341 conditionem

549 3358 750 3425 etiam
807 3356 1126 3435 lectionis,
1186 3357 1429 3423 nedum
1494 3358 1938 3439 consiliorum,
1998 3361 2501 3444 suscipiendam,

551 3465 666 3526 spe
709 3443 1194 3510 intercessionis
1253 3465 1478 3509 eorum
1536 3464 1654 3528 pro
1711 3445 2002 3511 eruenda
2057 3447 2325 3512 familia.
2409 3448 2504 3512 Et

545 3537 689 3596 tum
734 3551 946 3614 nuper
988 3529 1211 3596 literas
1249 3542 1545 3596 recentes
1590 3529 1733 3596 aD.
1761 3531 2086 3598 Balduino
2129 3555 2503 3617 receperam

548 3615 872 3684 scribente
916 3637 985 3680 se
1027 3617 1249 3682 literas
1271 3617 1828 3702 Virtembergicas
1850 3629 2263 3701 exspectare:
2301 3641 2503 3703 quare

546 3702 717 3766 nihil
764 3702 983 3767 minus
1027 3701 1388 3786 cogitabam
1433 3724 1628 3785 quam
1665 3704 1835 3787 quod
1883 3705 2147 3770 interim
2205 3706 2499 3790 contigit,

546 3788 633 3854 D.
657 3787 1057 3852 Balduinum
1102 3788 1207 3854 hie
1251 3787 1528 3866 admitti,
1575 3796 1643 3853 et
1687 3811 1838 3856 mox
1862 3792 2087 3857 literas
2122 3812 2303 3856 meas
2348 3812 2501 3875 pro-

545 3873 908 3939 fessoribus
953 3873 1154 3939 reddi.
1245 3873 1500 3939 Fabula
1540 3875 1634 3940 fui
1708 3876 1906 3961 vulgi,
1974 3877 2030 3941 si
2087 3877 2500 3960 quorundam

544 3959 777 4026 literae
822 3979 1016 4024 verae
1052 3961 1202 4037 sint,
1241 3961 1435 4024 etiam
1492 3962 1813 4044 gravium.
1903 3964 2047 4047 Ego
2106 3983 2238 4026 non
2297 3963 2501 4028 semel

545 4055 686 4112 tam
718 4045 1060 4122 infelicem,
1087 4045 1623 4112 detrimentosam
1661 4056 1729 4113 ot
1772 4048 2228 4115 dedecorosam
2274 4069 2496 4114 curam

543 4131 834 4198 familiae
922 4131 1245 4196 eruendae
1316 4131 1641 4217 deponere
1727 4136 1968 4214 statui,
2044 4134 2158 4200 sed
2235 4135 2496 4199 frustra.

545 4216 858 4285 Calendis
882 4218 1132 4299 Aprilis
1169 4218 1298 4283 huc
1344 4219 1516 4296 veni,
1565 4219 1778 4301 palam
1803 4220 2155 4287 ostendens
2199 4242 2305 4286 me
2349 4243 2500 4306 gra-

546 4304 873 4370 tissimum
944 4303 1198 4382 habere,
1267 4302 1351 4368 D.
1417 4303 1822 4370 Balduinum
1875 4307 1942 4370 in
2001 4307 2218 4372 locum
2278 4328 2501 4372 meum

543 4391 677 4457 iam
764 4395 838 4455 15
925 4411 1180 4455 menses
1257 4390 1429 4455 facto
1497 4411 1642 4455 meo
1707 4401 2052 4457 vacantem
2118 4393 2499 4459 admissum.

544 4475 771 4560 Quum
816 4476 1302 4558 inquisivissem
1350 4497 1434 4540 an
1481 4477 2003 4562 Argentinenses
2056 4499 2171 4562 pro
2215 4480 2503 4544 familiae

543 4583 729 4630 meae
752 4563 935 4627 exitu
958 4563 1239 4628 scribere
1262 4561 1527 4639 vellent,
1574 4583 1695 4628 nee
1738 4584 1921 4646 spem
1945 4563 2255 4644 viderem,
2280 4566 2501 4631 Mont-

543 4648 929 4734 pelgardum
965 4647 1149 4713 redii.
1235 4646 1429 4729 Quod
1473 4646 1784 4713 Calendis
1827 4649 2001 4715 Iunii
2048 4652 2305 4734 penitus
2349 4651 2502 4716 reli-

546 4735 680 4819 qui,
739 4733 1083 4818 stipendiis
1129 4733 1538 4817 quibusdam,
1608 4736 1908 4818 pecuniis
1979 4733 2377 4802 mutuatitiis
2437 4748 2503 4802 et

549 4821 937 4886 utensilibus
995 4821 1242 4885 relictis
1296 4828 1364 4884 et
1406 4821 1684 4887 amissis.
1776 4821 1935 4887 Vidi
1999 4823 2176 4889 enim
2236 4823 2501 4888 tandem

547 4925 656 4970 me
698 4927 965 4988 prorsus
988 4907 1373 4971 frustratum
1410 4926 1525 4988 spe
1571 4908 1737 4972 mihi
1782 4909 1862 4974 ab
1900 4919 2174 4993 utroque
2208 4910 2418 4993 princi

551 5000 794 5068 (annus
849 4993 981 5072 est)
1041 4991 1352 5058 Tambaci
1410 4993 1610 5070 facta,
1672 4992 1865 5077 idque
1908 4997 2015 5079 agi
2072 5005 2146 5061 ut
2201 4997 2268 5060 in
2327 4929 2504 5061 orell?

550 5096 705 5141 nem
762 5078 1079 5144 rusticani
1135 5078 1494 5144 consiliarii
1551 5100 1666 5161 spe
1724 5081 2091 5146 studiorum
2148 5091 2213 5147 et
2257 5082 2506 5149 familia

552 5160 808 5227 amissis
862 5161 1212 5246 redigerer,
1272 5163 1480 5229 malos
1548 5185 1764 5232 mores
1823 5167 2046 5250 populi
2090 5167 2258 5232 nihil
2301 5190 2503 5235 evanÎ‡

552 5246 797 5334 gelium
851 5251 1161 5329 curantis,
1206 5251 1275 5313 in
1331 5270 1459 5333 quo
1496 5251 1740 5317 nollem
1784 5273 2000 5320 meam
2048 5250 2359 5318 familiam
2395 5276 2502 5320 me

552 5343 810 5401 mortuo
843 5334 931 5399 ali
975 5347 1096 5402 etc.
1164 5335 1453 5402 Miratus
1496 5358 1644 5402 sum
1692 5338 1798 5406 hic
1842 5339 2099 5406 nullum
2135 5360 2241 5404 me
2285 5338 2503 5406 locum

2051 418 2579 489 EPISwLAE
2619 424 3050 488 2299-2800

4422 429 4537 493 784

2599 609 2903 674 invenire
2958 610 3248 693 potuisse
3300 611 3686 692 pensionem
3740 608 4054 676 solvendo
4110 612 4287 677 intra
4341 635 4537 680 unum

2546 744 2551 757 .
2601 703 2717 760 aut
2759 695 3040 761 alterum
3075 715 3389 775 mensem,
3450 717 3577 779 quo
3621 695 4012 779 dispicerem
4077 697 4186 762 ubi
4230 719 4333 764 me
4387 702 4539 766 reci-

716 781 973 846 Pietate
1009 792 1076 845 et
1120 780 1486 847 eruditione
1530 781 2154 865 pmcellentissimo
2221 781 2356 845 viro
2411 779 2499 847 D.
2546 786 2551 799 '

2600 802 2842 865 perem.
2923 781 3157 863 Itaque
3213 790 3363 865 post
3419 782 3755 848 octiduum
3824 783 4009 865 equis
4067 785 4322 867 emptis,
4367 785 4539 868 prius

2599 888 2799 949 quam
2840 867 3157 932 Rhenum
3200 868 3343 932 sine
3386 888 3502 951 spe
3525 867 3775 933 reditus
3814 870 4198 948 traiicerem,
4240 870 4538 936 familiam

2600 954 2937 1018 invisurus
2980 973 3179 1031 eram,
3224 954 3354 1018 nisi
3395 975 3436 1018 a
3480 952 3566 1020 D.
3617 953 3803 1019 Perre
3847 953 4137 1035 ÎœÎ¹Îºá½·ÏˆÎ±
4179 964 4245 1019 et
4303 977 4344 1020 a
4394 956 4540 1022 Bal-

2601 1039 2794 1105 duim
2847 1037 3184 1105 dissuasus
3239 1038 3529 1105 fuissem.
3620 1037 3842 1121 Quum
3902 1040 4378 1125 Heidelbergae
4435 1054 4541 1108 aut

2601 1125 2870 1207 Lipsiae
2916 1146 3065 1208 spes
3130 1126 3509 1190 iniiceretur
3572 1126 3869 1208 (interim
3935 1125 4017 1191 de
4078 1128 4302 1192 favore
4365 1128 4544 1193 Lant-

2598 1211 2816 1294 9ravii
2857 1211 3058 1276 Hessi
3102 1233 3236 1275 non
3280 1211 3691 1291 dubitabam)
3738 1213 4027 1295 primum
4086 1212 4542 1278 Stukcardiam

2600 1295 2763 1361 adii:
2811 1296 3055 1362 frustra
3096 1318 3203 1361 me
3245 1308 3379 1362 tres
3401 1295 3841 1363 hebdomadas
3876 1298 4062 1363 visus
4105 1310 4206 1363 est
4237 1300 4393 1364 Dux
4435 1321 4545 1382 per

2601 1403 2753 1446 suos
2775 1383 3199 1458 consiliarios,
3236 1382 3472 1449 deinde
3496 1405 3612 1466 per
3634 1405 3704 1449 se
3747 1385 3966 1467 ipsum
3989 1385 4290 1449 retinere.
4352 1385 4542 1451 Vide-

2604 1469 2754 1534 bam
2790 1470 2966 1532 enim
3011 1469 3091 1534 de
3135 1478 3310 1534 sorte
3353 1468 3718 1535 studiorum
3762 1482 3828 1534 et
3872 1470 4159 1535 familiae
4217 1480 4449 1549 actum,
4491 1472 4545 1536 si

2600 1554 2668 1618 in
2744 1552 3039 1618 ordinem
3109 1554 3342 1620 talium
3401 1556 3923 1620 consiliariorum
3990 1577 4096 1621 me
4168 1557 4375 1640 redigi
4438 1566 4545 1621 aut

2602 1640 3180 1723 Montpelgardum
3227 1642 3474 1706 remitti
3520 1652 3796 1724 paterer.
3876 1641 4193 1708 Dicebam
4238 1642 4342 1727 (ut
4375 1644 4546 1725 prius

2604 1726 2684 1790 ad
2733 1727 2985 1791 Ducem
3032 1728 3452 1809 scripseram)
3494 1749 3601 1792 me
3668 1736 3932 1811 gratum
3990 1727 4253 1806 habere,
4301 1729 4544 1795 etiamsi

2603 1813 2745 1876 iure
2810 1834 2914 1877 me
2971 1813 3341 1878 inconsulto
3391 1816 3531 1877 fieri
3598 1835 3731 1877 non
3795 1813 4144 1892 debuisset,
4192 1813 4449 1880 doctum
4487 1820 4548 1878 et

2603 1899 2784 1981 pium
2834 1898 3050 1963 virum
3074 1897 3533 1964 idolomaniam
3558 1900 3791 1964 Italiae
3834 1899 4198 1983 fugientem
4238 1900 4309 1965 in
4345 1900 4547 1966 locum

2602 2004 2825 2048 meum
2860 1985 3305 2068 subrogatum,
3350 1986 3464 2051 sed
3509 1986 3703 2050 etiam
3727 1986 4105 2069 Principem
4168 2008 4372 2068 aequo
4414 1985 4546 2051 ani-

2604 2091 2712 2134 mo
2755 2070 2926 2134 ferre
2971 2068 3205 2136 debere
3251 2079 3322 2135 ut
3365 2071 3805 2137 conditionem
3850 2071 4011 2136 mihi
4069 2074 4141 2137 in
4195 2072 4549 2137 Germania

2648 2175 2930 2220 uaeram.
3019 2156 3125 2221 Ad
3167 2159 3369 2222 finem
3413 2158 3589 2223 Iunii
3634 2178 3710 2221 eo
3753 2159 3940 2224 venit
3986 2156 4068 2223 D.
4119 2156 4549 2224 Hemina-Otto

2604 2178 2958 2321 Palatinus,
3003 2243 3115 2326 qui
3158 2243 3323 2307 mihi
3367 2242 3590 2309 literas
3645 2243 3729 2308 ad
3774 2243 4145 2308 Palatinum
4211 2244 4551 2309 electorem

2606 2326 2803 2391 dedit.
2866 2326 3015 2392 Dux
3040 2335 3259 2393 autem
3294 2329 3836 2413 Wirtemberyicus
3878 2328 4047 2393 dixit
4080 2352 4153 2395 se
4184 2352 4319 2395 non
4355 2330 4550 2411 serip-

2609 2426 2847 2494 turum,
2927 2415 3039 2479 sed
3105 2415 3326 2496 ipsum
3394 2415 3740 2481 electorem
3806 2415 4307 2499 alloquuturum
4373 2416 4551 2497 eique

2607 2520 3093 2582 persuasurum.
3182 2501 3386 2566 Iussit
3459 2522 3529 2566 se
3594 2501 3778 2584 sequi
3821 2501 4284 2566 Wormatiam.
4366 2499 4553 2581 Quod

2608 2586 2746 2652 feci.
2816 2587 2976 2652 Dux
3018 2587 3090 2650 in
3125 2588 3416 2652 maxima
3438 2586 3878 2653 familiaritate
3914 2609 4020 2652 me
4055 2587 4292 2652 habuit
4334 2596 4398 2652 et
4434 2590 4553 2650 200

2607 2673 2889 2737 florenos
2954 2694 3207 2738 annuos
3283 2674 3446 2738 mihi
3524 2673 3866 2749 offerebat,
3936 2673 3993 2738 si
4058 2672 4551 2756 Heidelbergae,

2609 2779 2737 2841 quo
2797 2778 2902 2822 me
2962 2759 3256 2824 vicinum
3309 2760 3610 2836 haberet,
3655 2780 4009 2825 manerem.
4095 2759 4287 2826 Ursit
4345 2759 4551 2834 etiam,

2614 2844 2912 2910 Palatino
2967 2843 3290 2924 tardante,
3337 2855 3413 2910 ut
3454 2846 3679 2911 literas
3731 2845 3987 2911 Othonis
4029 2844 4281 2910 darem.
4371 2841 4555 2925 Quod

2608 2929 2751 3010 feci,
2799 2939 3112 3014 sequente
3144 2940 3216 2996 et
3255 2931 3644 3013 explorante
3696 2931 4000 2996 ministro
4045 2932 4280 3009 Ducis,
4327 2950 4556 3014 rogans

2609 3024 2834 3081 tamen
2904 3015 3180 3081 Probum.
3248 3016 3537 3082 Palatini
3593 3017 4070 3095 cancellarium,
4135 3040 4222 3083 ne
4268 3016 4352 3080 D.
4399 3016 4556 3081 Bal-

2607 3103 2799 3168 duino
2842 3102 3270 3180 obstruerem,
3307 3125 3509 3186 quum
3567 3104 3766 3169 etiam
3820 3124 4083 3187 possem
4144 3106 4432 3188 Lipsiae,
4488 3111 4557 3166 ut

2608 3190 2935 3271 putabam,
2989 3211 3147 3255 esse.
3237 3189 3728 3272 Supervenerat
3784 3191 3962 3255 enim
4022 3212 4098 3254 eo
4162 3192 4248 3256 D.
4298 3188 4560 3254 Bataui>

2605 3296 2729 3340 nus
2773 3275 2992 3340 dicens
3038 3298 3107 3341 se
3152 3295 3389 3359 cupere
3431 3274 3961 3360 Heidelbergam,
4006 3277 4114 3342 cui
4174 3278 4323 3360 (spe
4367 3275 4558 3339 etiam

2606 3361 2927 3445 Lypsica)
2970 3361 3184 3427 invito
3227 3369 3296 3428 et
3350 3363 3796 3428 subirascente
3841 3363 4026 3427 Duce
4087 3361 4559 3444 Virtemberyico

2606 3448 2789 3513 cessi.
2877 3448 2970 3511 Et
3024 3449 3238 3513 soluto
3296 3469 3602 3514 consessu
3672 3452 3743 3511 16
3800 3447 3954 3512 Iulii
4020 3447 4558 3513 Francofordiam

2607 3534 2781 3610 veni,
2850 3532 3001 3597 dein
3055 3533 3394 3617 ingressus
3451 3535 3757 3600 Hessiam
3807 3532 4034 3600 Cattos
4077 3535 4418 3618 principes
4452 3554 4560 3598 veÎ‡

2607 3628 2844 3684 nantes
2886 3621 3133 3696 inveni,
3181 3621 3288 3703 qui
3336 3621 3675 3685 iusserunt
3718 3641 3789 3686 se
3825 3629 4211 3702 exspectare
4256 3618 4554 3686 Casselis.

2605 3705 2888 3769 Interim
2953 3703 3182 3771 literae
3242 3705 3557 3772 Wilhelmi
3621 3706 3825 3771 Hessi
3885 3718 3952 3771 et
4024 3706 4439 3790 Virtemberyi
4482 3701 4561 3768 ad

2605 3791 2964 3875 Augustum
3025 3791 3372 3859 electorem
3417 3791 3765 3858 Vormatia
3801 3791 3990 3856 datae
4046 3792 4251 3875 culpa
4296 3792 4559 3857 nuncio-

2605 3898 2751 3942 rum
2819 3877 3247 3944 Hessicorum
3310 3879 3578 3961 periisse
3643 3878 3822 3944 visae
3889 3888 4062 3943 sunt.
4171 3879 4365 3944 Alias
4427 3876 4559 3959 ipse

2607 3962 2949 4046 Philippus
2984 3963 3329 4031 Cattorum
3373 3965 3675 4048 princeps
3717 3965 3978 4047 scripsit
4020 3973 4089 4028 et
4126 3966 4333 4040 misit,
4358 3963 4561 4028 multa

2603 4050 2769 4113 mihi
2813 4052 2883 4114 in
2926 4070 3166 4114 corona
3200 4072 3467 4115 suorum
3508 4055 3546 4113 4
3593 4050 3879 4133 Augusti
3924 4049 4278 4135 splendide
4322 4048 4561 4133 pollici-

2602 4143 2731 4212 tus,
2794 4136 2991 4198 etiam
3045 4145 3276 4218 sponte
3342 4135 3422 4199 de
3486 4135 3735 4200 familia
3799 4137 4109 4214 eruenda,
4158 4136 4402 4220 quibus
4434 4155 4563 4199 non

2605 4221 2888 4287 multum
2954 4219 3102 4286 fido.
3205 4221 3432 4301 Quum
3487 4220 3780 4286 tardaret
3827 4242 4223 4303 responsum
4288 4224 4353 4289 A
4549 4219 4560 4232 â€

2605 4305 2902 4372 electoris
2960 4316 3026 4370 et
3083 4307 3212 4371 iam
3256 4327 3552 4372 mensem
3596 4306 3952 4372 haesissem
4000 4306 4296 4375 Casselis
4342 4309 4448 4374 die
4482 4310 4559 4370 25

2604 4393 2780 4458 exivi
2828 4406 2903 4458 ut
2945 4391 3145 4458 libros
3187 4414 3366 4458 meos
3410 4394 3818 4478 Argentinae
3860 4393 4130 4459 relictos
4177 4404 4559 4477 repeterem.

2603 4477 3113 4544 Francofordiae
3135 4480 3357 4544 inveni
3384 4480 3511 4544 tria
3541 4479 3699 4544 folia
3721 4479 4015 4544 absoluta
4035 4481 4364 4546 orationis
4384 4498 4565 4544 meae

2607 4565 3066 4648 Tubingensis,
3094 4587 3290 4648 quam
3322 4587 3477 4631 cura
3505 4585 3649 4629 mea
3679 4587 3797 4648 per
3818 4565 3981 4630 alios
4008 4567 4396 4649 germanice
4423 4585 4567 4629 ver-

2607 4672 2751 4716 sam
2788 4650 3237 4717 excudendam
3271 4650 3597 4715 dederam.
3677 4649 4136 4717 Ostenderunt
4175 4652 4351 4717 mihi
4395 4645 4569 4716 aliud

2606 4737 2945 4819 exemplar
2989 4738 3436 4822 germanicum
3480 4736 3679 4819 probe
3722 4757 3991 4803 versum
4040 4736 4489 4822 Magdeburgi
4531 4755 4568 4798 a

2605 4821 2691 4888 D.
2718 4823 3061 4888 Matthaeo
3109 4823 3396 4890 Reickter
3441 4822 3625 4888 verbi
3669 4822 3796 4887 Dei
3841 4824 4150 4889 ministro
4196 4834 4266 4889 et
4309 4832 4568 4890 vestrae

2608 4908 3000 4991 reipublicae
3046 4911 3352 4975 saxonice
3396 4908 3703 4989 dicatum,
3749 4911 4024 4975 missum
4069 4931 4111 4975 a
4155 4910 4243 4976 D.
4280 4908 4567 4976 Matthia

2609 4991 2834 5061 macic>
2876 4994 3145 5080 Illyrico
3190 5004 3266 5059 ut
3310 4995 3763 5072 excuderetur,
3852 4993 3986 5060 Sed
4023 4996 4158 5060 iam
4207 5015 4565 5080 praevene-

2607 5102 2768 5146 ram.
2858 5081 3116 5165 Rogavi
3163 5088 3382 5146 tamen
3427 5091 3504 5146 ut
3558 5083 3773 5164 priore
3818 5082 4257 5166 impressione
4303 5080 4568 5148 vendita

2608 5180 2751 5233 tum
2796 5167 2912 5233 illa
2936 5167 3450 5252 Magdeburgica
3487 5166 3934 5233 excuderetur.

2777 5252 2983 5320 Sexto
3027 5252 3435 5338 Septembris
3477 5254 3546 5319 in
3591 5254 3905 5320 comitatu
3967 5255 4353 5339 principum
4401 5254 4568 5320 hanc

2605 5340 2836 5406 urbem
2880 5342 3218 5426 ingressus
3261 5361 3426 5419 sum,
3472 5339 3945 5412 incertissimus
3990 5360 4223 5407 rerum
4248 5361 4567 5417 mearum,
