4850 6200
483 442 607 504 123

478 627 635 712 quia
651 625 789 693 scio
811 634 877 691 te
896 626 980 692 oh
1001 624 1167 692 haec
1184 624 1405 689 omnia
1424 621 1630 689 solide
1649 622 2058 709 gavisurum.
2103 623 2236 691 Hic
2258 644 2431 690 nun-

477 713 722 780 ciatum
765 720 868 777 est
910 709 1462 777 Mammosam
1483 712 1539 786 θ)
1595 709 1705 793 qui
1764 707 1972 776 libere
2060 708 2434 776 raedicahat

480 797 898 883 evangelium
968 817 1118 864 cum
1185 802 1330 862 octo
1398 793 1752 861 coenobitis
1766 848 1782 873 ‚
1857 817 1942 879 qu
2084 795 2433 863 Christum

482 884 785 951 abiurare
829 882 1175 958 noluerint,
1220 880 1476 946 Romae
1533 881 1732 947 fuisse
1775 882 2206 949 combustum.
2295 879 2433 947 Sed

481 991 567 1036 ne
610 971 773 1036 haec
816 990 961 1035 mea
995 967 1113 1033 tibi
1152 969 1505 1049 βαπολογία
1546 968 1879 1051 negotium
1916 968 2190 1035 facessat
2230 968 2433 1033 finem

481 1054 741 1123 dicendi
773 1054 1027 1133 faciam,
1063 1054 1118 1120 si
1154 1061 1222 1118 te
1254 1073 1461 1117 unum
1497 1050 1914 1121 admonuero.
1980 1054 2095 1120 Me
2130 1051 2434 1120 videlicet

482 1163 628 1209 csse
664 1142 759 1207 tui
803 1160 999 1227 quam
1083 1137 1257 1205 nivis
1299 1138 1389 1203 sit
1429 1137 1600 1205 alius
1660 1147 1730 1204 et
1772 1138 2321 1206 studiosissimum
2365 1148 2433 1203 et

482 1240 601 1293 tuo
643 1226 891 1293 nomini
948 1224 992 1290 d
1080 1224 1444 1291 'tissimum
1536 1222 1731 1305 Quod
1774 1226 1830 1291 si
1875 1226 1945 1290 in
1989 1235 2253 1291 tuorum
2295 1245 2432 1290 non

482 1312 844 1380 amicorum
885 1331 1160 1377 numero
1204 1309 1318 1377 sed
1375 1309 1840 1393 discipulorum
1896 1333 2003 1377 me
2044 1311 2433 1387 numeraris,

484 1397 607 1464 hoc
661 1405 957 1482 tempore
1009 1396 1172 1462 mihi
1231 1404 1568 1480 praestare
1627 1398 1871 1480 poteris
1927 1397 2179 1481 gratius
2236 1395 2429 1461 nihil.

481 1482 669 1551 Bene
710 1484 859 1550 vale
915 1482 1151 1551 aetatis
1206 1481 1406 1547 huius
1449 1482 1663 1549 decus.
1754 1483 1860 1550 Ex
1904 1486 2211 1568 Augusta
2252 1483 2431 1547 'Pau-

484 1570 798 1647 rinornm,
843 1570 927 1634 V.
974 1567 1124 1634 Kal.
1175 1567 1381 1635 Maias
1427 1566 1804 1635 MDLIIH.

1494 1898 1553 1905 -.ff-

1378 2164 1560 2235 1947.

886 2319 1357 2388 GALVINUS
1404 2321 2038 2391 BULLINGERO.

663 2494 935 2559 Lenem-3
975 2512 1118 2558 oum
1170 2494 1332 2559 socio
1379 2492 1524 2560 bene
1573 2493 1855 2561 Genevae
1911 2497 2163 2564 boatus,
2258 2497 2439 2564 Iudi-

491 2582 660 2647 cium
699 2581 939 2646 autoris
990 2580 1066 2646 de
1116 2577 1318 2645 libello
1371 2585 1583 2646 contra
1640 2580 1956 2647 Ser-vetum
2011 2584 2188 2649 edito.
2277 2582 2440 2650 Buz-

472 2667 717 2744 limari
746 2668 1047 2748 scriptum
1088 2666 1163 2731 de
1193 2669 1408 2749 qratia
1443 2666 1816 2749 iustificante
1849 2668 2167 2736 laudatur.
2244 2669 2439 2736 West-

482 2752 676 2834 pkalo
715 2754 1004 2834 quamvis
1044 2752 1300 2836 indiyno
1352 2755 1663 2820 communi
1715 2773 2008 2835 responso
2049 2755 2441 2840 satisfacien-

490 2837 660 2904 dum·
752 2839 1192 2920 Quaestionum
1226 2838 1632 2920 politicarum
1676 2860 1719 2904 a
1766 2838 1939 2907 Scato
1970 2843 2441 2926 propositarum

491 2924 879 2990 dilucidam.

524 3094 609 3149 Ex
655 3101 784 3150 auto
851 3095 994 3163 apho
1030 3094 1194 3150 Arch.
1233 3094 1410 3149 Turio.
1444 3094 1588 3149 Plut-
1628 3095 1728 3150 VI.
1769 3095 1890 3151 Vol.
1928 3095 2043 3164 105,
2085 3096 2230 3153 olim.
2265 3097 2440 3152 Scrin.

490 3096 539 3218 ἕ
604 3164 744 3245 Epp.
836 3180 941 3218 om.
978 3164 1019 3218 1.
1064 3164 1157 3218 fol.
1202 3161 1322 3220 597.
1372 3193 1434 3203 -
1482 3164 1693 3218 Simler.
1732 3163 1856 3219 Vol.
1889 3163 1978 3221 82.
2028 3194 2087 3248 Τ
2135 3166 2444 3248 Ediderunt

492 3232 759 3287 Hosheim
792 3231 992 3310 Nachr.
1029 3249 1083 3302 p.
1120 3231 1223 3287 106
1256 3239 1313 3286 et
1346 3232 1668 3370 ἒῗιιιῶξῐῐ.
1705 3231 1774 3287 86
1808 3239 1866 3287 et
1900 3235 2067 3304 Angli
2103 3235 2187 3288 ed.
2224 3235 2441 3289 Philad.

491 3469 873 3538 Clarissimo
916 3474 1064 3538 viro
1106 3484 1176 3540 et
1216 3475 1458 3539 eximio
1500 3473 1753 3542 Christi
1795 3475 2096 3540 ministro
2138 3473 2226 3538 D.
2251 3474 2441 3540 Hen-

492 3556 678 3623 richo
720 3557 1107 3644 Bullingero
1150 3560 1504 3645 Tigurinae
1558 3559 1864 3626 ecclesiae
1906 3560 2038 3626 fido
2080 3561 2327 3644 pastori
2372 3573 2442 3626 et

1021 3653 1425 3732 symmystae
1467 3645 1893 3712 observando.

654 3779 725 3845 S.
789 3782 1060 3848 Literae
1121 3793 1275 3849 tuae
1332 3791 1701 3866 postremae
1722 3788 1774 3864 ¹)
1831 3783 1998 3848 mihi
2053 3784 2135 3850 ab
2191 3785 2440 3867 optimo

481 3864 689 3930 fratre
734 3879 958 3934 nostro
1000 3869 1088 3934 D.
1133 3869 1391 3935 'Phoma
1435 3868 1665 3935 Levero
1684 3872 1742 3947 ²)
1799 3867 2097 3936 redditae
2150 3869 2437 3935 fuerunt.

482 3949 632 4035 Ego
686 3951 759 4017 in
812 3961 1106 4038 tempore
1152 3976 1285 4021 non
1332 3954 1529 4034 adfui,
1585 3964 1657 4020 nt
1711 3976 1859 4021 mea
1915 3975 2118 4040 opera
2174 3955 2441 4023 adiutus

481 4036 896 4104 commodum
931 4039 1287 4125 hospitium
1322 4041 1663 4107 inveniret.
1730 4041 1914 4106 Bene
1949 4051 2168 4106 tamen
2205 4041 2442 4109 accidit

483 4121 659 4208 quod
719 4121 1046 4193 Dominus
1105 4147 1213 4193 me
1272 4128 1544 4193 absente
1611 4126 1933 4210 hospitem
1991 4126 2125 4194 illis
2198 4127 2443 4193 obtulit

482 4227 613 4294 quo
673 4230 805 4275 non
876 4220 1121 4279 temere
1191 4210 1389 4298 deligi
1446 4213 1613 4279 alius
1669 4213 1881 4295 potuit
1935 4214 2184 4280 melior.
2287 4213 2442 4298 Ipse

483 4293 751 4380 quidem
792 4307 861 4360 et
903 4298 1043 4364 eius
1084 4318 1302 4366 comes
1343 4297 1466 4365 sibi
1512 4320 1595 4363 ex
1632 4297 1834 4364 animi
1871 4308 2021 4366 voto
2064 4299 2440 4367 consultum

483 4401 629 4447 esse
668 4381 1067 4465 praedicant.
1154 4384 1244 4450 Et
1286 4395 1463 4450 certe
1507 4382 1688 4469 digni
1728 4394 1890 4450 sunt
1931 4384 2123 4452 ambo
2167 4407 2327 4470 quos
2370 4386 2440 4452 in

484 4465 609 4536 hoc
671 4489 789 4533 suo
854 4469 1084 4536 exsilio
1148 4481 1292 4536 tum
1356 4470 1626 4537 consilio
1692 4470 1920 4536 iuvare
1982 4480 2129 4537 tum
2208 4471 2440 4538 solatio

489 4640 631 4650 ——ffl

566 4810 577 4821 ·
690 4743 751 4809 3)
782 4740 870 4797 Io.
909 4743 1138 4827 Mallius
1170 4744 1350 4801 &em
1391 4745 1459 4802 do
1498 4744 1840 4828 Mon-calcino
1908 4746 1971 4800 ia
2005 4761 2143 4827 cyro
2166 4745 2435 4829 βασανιεῖ)

480 4811 2437 4966 ssfffflfffflfflwffzffssaessfflfflfflssfflffiffl

491 4944 550 5002 0.
586 4945 654 5000 Π.
687 4946 773 5017 60,
814 4948 1023 5006 Bubus.
1061 4952 1262 5021 Hm,
1305 4951 1512 5009 Ges-aes
1548 4952 1678 5008 Ital.
1714 4952 1814 5019 ref.
1861 4968 1919 5023 p.
1963 4949 2097 5018 M)
2148 4950 2438 5007 Bounomos

483 5029 569 5098 φ.
602 5014 993 5101 admones·
1014 5021 1092 5076 ad
1122 5028 1347 5078 mmm
1380 5023 2122 5106 mwdiijoneerpmatup
2145 5019 2438 5104 Ompefflo

480 5085 2437 5230 axfflwwffiafflfffflffiwssffiaefffflfflss

479 5228 742 5354 ffivff)
842 5332 854 5343 .
892 5234 1099 5353 „aa
1472 5235 1569 5285 Μ’

688 5360 751 5428 2)
785 5360 1000 5420 Zovero
1040 5365 1217 5422 Μυσὴ.

1982 433 2509 504 EPIS'I'OLAE
2561 437 2796 500 1946-
2826 438 2980 498 ιυ48

4365 437 4488 502 124

2533 621 2753 689 levare
2800 622 2952 689 boni
2995 641 3224 688 omnes
3266 621 3595 688 studeant.
3685 624 3876 691 Alter
3892 625 3954 709 ⁸)
3995 624 4182 692 brevi
4229 625 4490 710 Argen-

2534 716 2821 774 toratum
2853 708 3302 792 proficiscetur
3334 708 3419 774 oh
3453 719 3635 775 certa
3677 713 3961 795 negotia,
4003 711 4123 778 sed
4153 718 4232 776 ut
4263 710 4490 778 statim

2536 793 2621 859 ad
2677 815 2798 860 nos
2856 794 3099 860 redeat.
3204 793 3479 861 Thomas
3547 795 3688 878 ipse
3742 797 4057 879 quiescet,
4126 798 4284 881 quia
4333 794 4492 863 inde

2535 879 2735 962 paulo
2774 880 2923 962 plus
2966 880 3172 946 sentit
3214 880 3566 947 levationis
3608 904 3649 947 a
3691 904 3809 949 suo
3851 903 4164 950 moerore.

2707 965 2790 1032 In
2846 965 3065 1031 libello
3124 986 3270 1032 meo
3284 969 3344 1046 ⁴)
3402 987 3661 1050 semper
3714 968 3837 1037 hoc
3892 970 4142 1035 veritus
4197 989 4344 1034 sum
4403 989 4490 1035 ne

2535 1049 2695 1137 quid
2748 1052 3164 1119 obscuritatis
3223 1052 3490 1118 afferret
3548 1053 3852 1121 brevitas.
3954 1055 4211 1123 Oavere
4268 1066 4490 1123 tamen

2535 1135 4494 1294 ffissffifflfflffidffffiffifflffixffiaefffflffissl

2535 1310 2705 1377 mihi
2746 1331 2880 1376 non
2924 1309 3272 1395 praecipue
3325 1311 3538 1376 solum
3592 1309 3709 1378 sed
3751 1313 3886 1378 fere
3931 1313 4121 1379 unice
4162 1311 4490 1397 agendum

2535 1418 2679 1463 esse
2734 1395 2894 1461 duxi
2958 1405 3035 1461 ut
3103 1395 3509 1463 detestabilis
3568 1397 3872 1464 omnibus
3937 1405 4192 1483 pateret
4253 1396 4492 1465 Servati

2533 1481 3153 1634 &etaskraftlzna
3175 1483 3261 1582 ὅ).
3287 1490 3508 1634 autleni?
3563 1504 3791 1632 earumt
3762 1583 3790 1634 t
3838 1506 4067 1635 {oerum
4120 1484 4264 1649 dea,
4252 1484 4490 1568 quibus

2712 1589 2785 1633 ro
3012 1590 3051 1634 a
3079 1588 3143 1632 ιο
3202 1589 3342 1633 Vlsa
3494 1588 3600 1635 sse
3684 1589 3759 1635 as
3791 1591 3836 1635 u
3991 1591 4176 1637 uaes1
4364 1590 4493 1637 uae

2538 1654 2889 1740 splendore
2945 1675 3063 1720 suo
3122 1653 3434 1738 dogmata
3488 1676 3624 1720 non
3682 1654 3842 1722 adeo
3898 1593 4101 1741 iti-ipis
4166 1591 4495 1727 obrugret.

2539 1741 2628 1806 In
2667 1738 2843 1823 stylo
2886 1740 3070 1805 illam
3124 1760 3321 1822 quam
3363 1738 3527 1806 dicis
3580 1742 3972 1825 gravitatem
4019 1763 4153 1808 non
4197 1742 4497 1809 animad-

2541 1834 2745 1892 verto.
2837 1824 3016 1907 Quin
3073 1825 3291 1908 potius
3347 1846 3677 1892 summam
3718 1848 3985 1910 operam
4041 1825 4222 1907 dedi,
4281 1827 4497 1912 quoad

2540 1911 2806 1990 licebat,
2875 1920 2954 1975 ut
3017 1911 3314 1996 spinosas
3379 1910 3616 1985 δον-ναί
3685 1914 3979 1998 argutias
4047 1935 4183 1980 non
4267 1988 4272 1995 ,
4332 1982 4341 1992 ,

2539 1997 2840 2064 molestia
2884 1996 3180 2063 diductas
3235 2006 3303 2063 et
3347 1998 3692 2081 explicitas
3743 1999 4017 2066 haberet
4069 2001 4266 2066 etiam
4313 1999 4498 2068 rudis

2542 2085 2763 2150 lector.
2867 2084 3096 2166 Neque
3152 2092 3375 2149 tamen
3432 2105 3539 2149 me
3596 2084 3790 2164 latet,
3845 2108 4047 2169 quum
4103 2088 4173 2150 in
4232 2086 4496 2172 scriptis

2542 2169 2705 2235 meis
2757 2169 3061 2235 omnibus
3127 2170 3426 2235 concisus
3484 2171 3637 2247 sim,
3708 2192 3813 2237 me
3871 2171 3979 2238 hic
4039 2172 4229 2239 solito
4286 2172 4499 2257 magis

2542 2254 2743 2321 fuisse
2816 2255 3209 2321 restrictum.
3311 2254 3565 2320 Verum
3637 2256 3824 2322 modo
3896 2265 4165 2337 constet,
4239 2259 4512 2324 sincera·

2540 2341 2670 2407 fide
2727 2351 3027 2424 rectoque
3084 2340 3300 2405 studio
3355 2338 3722 2407 defensam'
3754 2364 3794 2407 a
3848 2364 3955 2408 me
4010 2342 4212 2410 fuisse
4264 2364 4496 2410 sanam

2542 2427 2925 2505 doctrinam,
2972 2427 3097 2492 hoc
3140 2448 3348 2492 uuum
3391 2427 3556 2492 mihi
3599 2428 3805 2511 pluris
3848 2442 3949 2494 est
3990 2449 4189 2513 quam
4232 2438 4307 2495 nt
4350 2451 4496 2496 sus-

2543 2514 2712 2598 cepti
2757 2513 2998 2579 laboris
3041 2512 3390 2598 poeniteat.
3478 2513 3729 2579 Verum
3788 2520 3865 2579 tu
3926 2536 4044 2598 pro
4101 2528 4215 2581 tuo
4272 2517 4343 2580 in
4387 2537 4496 2582 me

2545 2620 2793 2677 amore,
2853 2621 2970 2682 pro
3027 2598 3280 2683 ingenii
3322 2600 3420 2665 tui
3463 2598 3745 2665 candore
3787 2608 3854 2666 et
3897 2602 4222 2685 aequitate
4265 2600 4497 2667 huma-

2545 2685 2722 2752 niter
2789 2685 3056 2752 iudicas.
3163 2685 3296 2750 Alii
3366 2706 3472 2751 me
3539 2686 3766 2751 durius
3837 2688 4180 2772 exagitant
4200 2692 4253 2764 θ)
4319 2687 4497 2771 quod

2545 2772 2856 2839 saevitiae
2900 2784 2968 2837 et
3011 2771 3371 2837 atrocitatis
3414 2772 3544 2836 sim
3578 2771 3910 2856 magister,
3955 2772 4125 2856 quod
4162 2784 4496 2840 mortuum

2547 2858 2902 2935 hominem,
2946 2860 3058 2940 qui
3099 2854 3402 2923 manibus
3443 2858 3609 2923 meis
3650 2857 3866 2940 periit,
3910 2859 4159 2924 calamo
4200 2860 4494 2944 proscin-

2546 2943 2717 3010 dam.
2804 2944 2981 3010 Sunt
3022 2945 3222 3008 etiam
3264 2941 3530 3026 quidam
3581 2964 3715 3010 non
3774 2943 4078 3010 malevoli
4101 2944 4160 3028 ⁷)
4217 2946 4330 3028 qui
4388 2965 4498 3010 ar-

2636 3040 2933 3096 mentum
2973 3029 3137 3094 illnd
3184 3050 3519 3113 nunquam
3561 3050 3668 3095 me
3703 3030 4003 3115 attigisse
4037 3039 4369 3115 cuperent,
4414 3030 4497 3100 de

2545 3052 2892 3182 ffiereticis
2935 3115 3303 3198 puniendis.
3394 3116 3644 3181 Dicunt
3685 3118 3860 3183 enim
3914 3117 4075 3184 alios
4116 3137 4366 3196 omnes,
4422 3127 4499 3184 ut

2543 3202 2862 3267 invidiam
2917 3201 3253 3286 fugerent,
3310 3199 3466 3266 data
3521 3222 3718 3283 opera
3761 3204 4058 3270 tacuisse.
4147 3202 4284 3271 Sed
4328 3204 4498 3270 beue

2546 3288 2747 3352 habet
2798 3287 2970 3372 quod
3026 3297 3093 3351 te
3146 3286 3355 3352 habeo
3398 3288 3628 3370 culpae
3671 3291 3940 3368 socium,
3999 3291 4058 3356 si
4100 3311 4231 3391 qua
4271 3302 4495 3356 tamen

2544 3372 2743 3457 culpa
2785 3381 2903 3452 est,
2951 3373 3105 3457 quia
3145 3371 3315 3437 mihi
3356 3381 3548 3439 autor
3590 3381 3656 3438 et
3700 3375 3995 3441 hortator
4036 3375 4237 3443 fuisti.
4323 3374 4497 3442 Vide

2543 3459 2750 3543 igitur
2791 3466 2869 3524 ut
2912 3467 2975 3524 te
3018 3459 3103 3525 ad
3144 3467 3476 3524 certamen
3520 3478 3876 3543 compares.

2714 3545 2997 3612 Librum
3029 3555 3219 3610 tuum
3255 3542 3336 3609 de
3360 3542 3597 3610 Gratia
3616 3546 4016 3613 iustificante
4050 3547 4216 3613 mihi
4240 3547 4494 3631 pridem

2544 3631 2744 3697 fnisse
2780 3630 3129 3709 redditum,
3175 3630 3384 3697 literis
3418 3630 3582 3697 meis
3615 3634 3857 3698 certior
3889 3633 4097 3699 factus
4131 3654 4220 3700 es.
4284 3633 4494 3700 Porro

2544 3717 2728 3784 labor
2769 3716 2897 3795 ille,
2943 3737 3139 3800 quem
3172 3716 3296 3782 toti
3329 3716 3639 3783 ecclesiae
3681 3718 3910 3783 utilem
3944 3719 4082 3785 fore
4124 3739 4315 3803 spero
4358 3741 4497 3786 non

2545 3811 2762 3888 potest
2819 3802 2981 3868 mihi
3041 3823 3171 3868 non
3242 3809 3475 3886 gratus
3537 3823 3699 3870 esse.
3799 3804 4076 3871 Utinam
4130 3804 4494 3872 industriae

2544 3903 2698 3955 tuae
2742 3888 3131 3974 respondeat
3164 3888 3460 3954 omnium
3493 3886 3811 3955 lectorum
3847 3889 4224 3957 dexteritas.
4288 3891 4496 3957 Prae-

2544 3976 2698 4041 fatio
2733 3976 3073 4041 admonuit
3106 3986 3182 4040 ut
3217 3973 3407 4041 nobis
3440 3974 3503 4039 id
3542 3972 3870 4061 agendum
3893 3998 4035 4042 esse
4061 3977 4413 4063 cogitarem
4437 3982 4496 4058 ⁸)

2546 4060 2627 4127 de
2690 4082 2818 4145 quo
2883 4062 3068 4144 prius
3132 4060 3217 4127 ad
3281 4070 3347 4126 te
3407 4061 3657 4144 scripsi.
3681 4064 3736 4139 θ)
3843 4061 4017 4127 Nam
4085 4062 4208 4129 etsi
4271 4062 4494 4129 libello

2546 4147 2699 4213 boni
2730 4150 2810 4224 ¹⁰)
2853 4146 3030 4214 illius
3067 4146 3388 4229 Wesphali
3407 4150 3445 4185 ¹*
3488 4147 3658 4213 nihil
3698 4148 4011 4215 insulsius
4052 4150 4216 4234 fingi
4257 4156 4492 4234 potest,

2546 4233 2702 4317 quia
2758 4245 2980 4299 tamen
3041 4230 3338 4299 videmus
3395 4233 3762 4317 principum
3787 4237 3872 4311 ιι)
3936 4233 4192 4301 animos
4248 4234 4492 4301 talibus

2544 4319 2893 4385 calumniis
2936 4319 3270 4401 corrumpi
3312 4327 3382 4384 et
3443 4338 3658 4402 nuper
3711 4320 3901 4385 triste
3943 4321 4084 4388 eius
4128 4320 4226 4387 rei
4266 4341 4493 4387 exem-

2546 4405 2724 4488 plum
2785 4406 2853 4470 in
2913 4425 3065 4489 rege
3119 4404 3373 4470 Daniae
3426 4406 3760 4489 apparuit,
3828 4405 4024 4472 officii
4083 4407 4289 4474 nostri
4344 4427 4491 4474 esse

2809 4581 2938 4588 —q—

2745 4677 2809 4744 3)
2847 4678 3025 4748 11:⁸90.

2744 4748 2806 4812 4)
2849 4744 3056 4803 Contra
3090 4747 3381 4802 Seu-edun.

2744 4814 3820 4966 gpffium32‚s„ff

2746 4950 2802 5013 7)
2838 4953 2952 5036 Et.
2982 4970 3064 5022 qr.
3101 4952 3385 5009 Zet-hm
3417 4951 3495 5008 N.
3535 4951 3687 5006 1941.

2742 5020 2807 5154 3³)
2901 5160 2912 5173 .
2942 5030 3194 5146 ,news-2⁸
3227 5020 3602 5172 &pomp-mm
3637 5091 3976 5146 εονῶωάιιη
4013 5104 4141 5147 aem.
4195 5161 4207 5173 .

2715 5157 2806 5224 10)
2846 5157 2941 5215 Sic
2983 5159 3242 5214 sananda
3296 5159 3465 5215 leem.
3555 5156 3741 5215 coam
4012 5179 4034 5214 .·
4079 5161 4258 5215 bouis.
4343 5159 4490 5216 luds

2535 5244 2749 5300 apem-a
2788 5228 2864 5284 ha
2894 5235 3007 5284 tan
3044 5226 3217 5283 MSS.
3255 5244 3422 5299 quam
3455 5232 3751 5298 aprum.-
3808 5230 3938 5283 svis.

2612 5368 2626 5380 ⁶
2691 5294 2900 5379 ,1)8.
2952 5298 3117 5352 male.-
3174 5296 3529 5368 principium,
3583 5296 3662 5353 Μ
3718 5312 3787 5352 eae
3837 5300 4173 5354 οοηόεαυνοε
4231 5298 4490 5353 videntur

2536 5383 2727 5421 animi.
