4850 6200
341 384 445 446 ³21

1193 571 1393 644 2⁰52.

808 708 1278 778 GALVINUS
1320 709 1783 779 FARELLO.

493 861 697 927 Mittit
737 862 796 927 ei
838 883 1000 946 quas
1033 884 1235 948 nuper
1263 886 1340 931 ex
1366 863 1648 932 Sooeonia
1681 872 1999 951 acceperat
2033 868 2268 947 literae,

332 951 518 1015 denuo
561 946 1059 1016 Melancmkonis
1112 950 1432 1018 mollitiem
1474 961 1693 1017 notans
1738 958 1794 1018 et
1841 951 2163 1020 Saxonum
2203 974 2270 1021 ee

332 1035 582 1101 deviem»
625 1034 816 1100 etiam
856 1033 1267 1102 laceramim
1305 1037 1562 1103 rabiem.
1636 1036 1839 1104 Porro
1876 1041 2070 1121 refert
2112 1061 2270 1123 quae

332 1119 675 1187 Ber-nenses
714 1122 1151 1202 rescripserint
1204 1128 1261 1189 et
1316 1143 1435 1205 quo
1481 1128 1662 1205 pacto
1716 1125 1853 1207 ipse
1900 1125 2270 1192 Turicenees

330 1207 411 1273 ad
447 1204 963 1287 subscriptionem
1005 1228 1162 1274 auae
1202 1207 1604 1290 Defert-sionis
1646 1210 1933 1295 adeqerit.

331 1360 709 1441 (Amanueneie
756 1376 918 1414 menn
969 1361 1176 1442 scripta
1219 1363 1416 1432 legitur
1447 1364 1515 1444 ‘in
1563 1362 1694 1417 Ood.
1742 1362 1948 1446 (ileum.
1986 1362 2127 1431 107⁸,
2175 1364 2267 1419 fol.

331 1428 517 1579 Ξιιῖζι
549 1429 1614 1555 ‘ffitirsildsmgbffioogdlfflfflufflem
1626 1451 1843 1556 videtur
1894 1442 2078 1572 qffi'
2113 1450 2269 1557 :1¹13

331 1567 657 1622 Μῆδοι-οι
690 1582 846 1620 exem
887 1567 967 1620 lar
1003 1566 1131 1622 Cod.
1171 1566 1287 1633 108,
1322 1568 1414 1623 fol.
1448 1567 1519 1623 20
1554 1588 1601 1623 v.
1673 1570 1894 1625 Habent
1926 1573 2091 1625 etlam
2132 1570 2269 1653 Epp.

333 1637 625 1691 Beruenaes
655 1634 752 1688 vl.
863 1633 892 1688 1
928 1643 986 1689 et
1018 1636 1230 1692 simler.
1280 1637 1395 1692 Vol.
1431 1636 1516 1692 83.
1588 1639 1830 1693 Farellus
1875 1656 1978 1710 pro
2025 1657 2177 1694 more
2211 1658 2268 1694 m

705 1704 886 1758 fronte
921 1721 1004 1774 ep.
1041 1706 1183 1759 diem
1220 1714 1279 1760 et
1310 1724 1507 1761 anuum
1547 1707 1878 1778 adscripsit.)

327 1859 896 1926 Praestantissimo
936 1860 1091 1927 Iesu
1128 1859 1380 1927 Christi
1425 1883 1616 1927 servo
1651 1861 1985 1929 Gulielmo
2007 1861 2271 1928 Farello

327 1946 786 2013 Neocomensis
829 1946 1140 2013 ecclesiae
1180 1945 1313 2013 fido
1357 1948 1618 2031 pastori,
1678 1949 1925 2032 optimo
1968 1947 2159 2014 fratri
2202 1956 2271 2014 et

889 2043 1296 2119 symmystae
1340 2035 1690 2100 carissimo.

488 2151 563 2218 S.
612 2152 785 2234 Quia
830 2173 1058 2237 nuper,
1099 2174 1299 2237 quum
1346 2154 1509 2219 istac
1554 2153 1864 2220 transiret
1908 2155 2186 2221 nuncius
2230 2175 2267 2220 e

324 2239 614 2304 Saxonis
678 2237 762 2303 ad
828 2260 932 2305 me
999 2248 1368 2316 revertens,
1447 2240 1670 2305 literas
1747 2239 2086 2324 resignare
2150 2240 2270 2307 tibi

325 2325 537 2391 visum
605 2345 737 2389 non
801 2334 928 2401 est,
996 2346 1226 2390 earum
1291 2344 1450 2408 quas
1517 2346 1557 2390 a
1613 2324 1911 2409 Philippo
1977 2326 2270 2477 accepis}

321 2410 661 2494 exemplar
725 2430 903 2476 nunc
971 2410 1091 2476 tibi
1159 2411 1373 2487 mitto,
1442 2408 1617 2477 unde
1684 2430 2033 2495 cognosces
2097 2432 2183 2495 qu

320 2495 572 2580 pridem
618 2505 683 2561 te
726 2516 860 2561 non
903 2494 1125 2572 latuit,
1182 2506 1429 2580 quanta
1485 2498 1570 2564 sit
1613 2496 1899 2563 hominis
1940 2498 2269 2576 mollities,

319 2582 419 2647 cui
485 2603 577 2647 ne
642 2580 876 2646 ultima
953 2581 1215 2667 quidem
1281 2585 1635 2650 necessitas
1700 2583 1978 2648 liberam
2043 2604 2267 2649 vocem

319 2676 687 2751 extorquet.
799 2666 1007 2734 Nobis
1084 2669 1259 2735 enim
1327 2669 1742 2736 subscribens
1806 2667 1961 2751 quid
2026 2669 2270 2735 sentiat

319 2753 533 2837 palam
584 2773 713 2819 non
760 2754 960 2819 audet
1015 2755 1323 2838 profiteri.
1416 2754 1642 2838 Quum
1700 2750 1782 2818 de
1826 2762 2094 2820 aeterna
2139 2754 2267 2820 Dei

317 2840 632 2906 electione
712 2840 949 2905 aeriter
1029 2861 1180 2906 eum
1256 2843 1681 2926 pupugissem
1701 2843 1758 2915 ²)
1838 2837 1922 2905 ad
1999 2838 2270 2924 frigidas

315 2924 636 3009 quasdam
707 2927 977 2991 naenias
1043 2925 1341 3004 deflexit,
1411 2936 1484 2992 ut
1555 2922 1715 2991 illud
1795 2934 2009 2991 totum
2074 2932 2271 3010 caput

315 3011 492 3077 nullo
542 3011 744 3078 verbo
802 3011 1171 3095 attingeret.
1262 3013 1534 3080 Utinam
1587 3012 1853 3096 propius
1912 3010 2269 3078 accederet.

315 3096 483 3164 Nam
545 3097 750 3164 trium
809 3097 1125 3164 horarum
1183 3098 1504 3183 colloquio
1557 3098 1707 3183 plus
1763 3118 1957 3181 quam
2003 3107 2272 3166 centnm

313 3185 611 3269 epistolis
677 3185 1078 3266 proficerem.
1188 3185 1398 3252 Porro
1474 3207 1555 3251 ex
1632 3184 1839 3250 literis
1904 3184 2273 3251 Barchordi

312 3270 687 3337 cancellarii
710 3272 764 3352 ⁸)
800 3270 1129 3355 intelliges
1165 3290 1364 3354 quam
1399 3281 1663 3336 strenue
1686 3270 2196 3353 Ampsdovphius
2214 3275 2268 3350 ⁴)

312 3376 460 3422 cum
485 3357 629 3423 suis
652 3353 980 3423 sodalibus
1001 3357 1305 3423 insaniat.
1345 3355 1479 3423 Sed
1505 3356 1629 3421 hoc
1663 3377 1797 3422 non
1819 3357 2038 3422 miror.
2076 3354 2271 3437 Quod

314 3462 466 3508 vero
518 3443 616 3509 sic
672 3441 994 3509 infatuata
1051 3452 1154 3509 est
1197 3441 1489 3509 Saxonis
1545 3451 1623 3507 ut
1673 3462 1894 3509 eorum
1953 3452 2123 3507 nutu
2169 3462 2270 3507 re·

393 3541 523 3608 tur,
575 3528 889 3594 miserum
935 3550 1010 3594 ac
1056 3527 1543 3612 deplorandum.
1614 3525 1704 3594 Se
1747 3530 1996 3594 interea
2040 3536 2270 3593 mutuo

311 3550 604 3681 {corant
649 3613 761 3697 qui
819 3627 954 3679 tam
998 3615 1220 3681 hostili
1266 3615 1520 3680 fervore
1563 3614 1630 3678 in
1676 3634 1795 3679 nos
1837 3613 2267 3679 invehuntur.

311 3700 481 3766 Nam
539 3699 874 3766 Saroerius
930 3708 1152 3766 coacta
1220 3700 1475 3786 synodo
1544 3699 1904 3783 Georgium
1953 3697 2270 3766 Maiorem

765 3787 1050 3935 [ln-imum
1121 3786 1383 3852 scholae
1446 3785 2004 3870 Wittebergensis
2082 3785 2266 3851 theo-

807 3870 947 3937 ibro
1011 3871 1268 3955 publice
1332 3871 1506 3938 edito
1572 3871 2184 3951 excommunicavit,
2214 3874 2265 3948 ὅ)

306 3785 652 3851 damnavit
668 3836 685 3864 ,

307 3870 530 3956 logum
550 3923 567 3949 ,
650 3876 717 3937 et

307 4076 498 4132 2062.
527 4079 583 4144 1)
618 4076 696 4133 N.
734 4075 886 4132 2081.

511 4145 578 4208 2)
617 4145 694 4201 Ν.
729 4145 882 4200 2000.

513 4215 576 4281 3)
616 4213 695 4270 Ν.
732 4213 885 4269 2025.

510 4283 574 4350 4)
622 4282 792 4353 Quem
825 4301 863 4337 a
898 4284 979 4338 Io.
1022 4282 1312 4339 Friderico
1349 4284 1639 4338 Imaeum
1673 4287 1921 4336 vocatum
1955 4283 2114 4336 etiam
2149 4285 2265 4335 eine

301 4353 418 4418 filii,
457 4354 702 4408 maxime
737 4353 823 4408 Io.
848 4352 1171 4408 Eriderieue
1204 4352 1273 4407 11.
1315 4352 1439 4419 (der
1461 4350 1726 4417 Μίκωνα)
1756 4352 1894 4417 pan·
1923 4350 2105 4406 studio
2136 4366 2262 4419 pro·

393 4423 522 4477 nuti
556 4427 701 4476 aaut.

303 4436 391 4492 η
510 4487 571 4553 5)
608 4489 856 4545 Fumea
901 4494 981 4543 eet
1023 4491 1396 4545 controversia
1441 4488 1797 4543 Maior-istim
1846 4503 2005 4557 qaam
2051 4493 2262 4554 vocant,

302 4559 368 4612 de
399 4562 727 4614 necessitate
759 4560 1023 4614 bonoram
1065 4574 1314 4627 operum,
1360 4573 1524 4628 quam
1570 4558 1750 4624 tauns
1800 4571 2069 4611 enarrare
2100 4557 2265 4610 huius

299 4627 408 4683 zoen·
439 4645 560 4683 non
596 4634 689 4683 eet.
743 4627 858 4682 Hic
891 4628 1212 4692 sufficiatis»
1246 4628 1557 4680 moriam
1592 4640 1861 4691 revocare,
1897 4625 2264 4688 Amedorfliam

297 4699 634 4752 maa·
654 4696 896 4750 Maioris
924 4695 1100 4761 fuisse
1132 4695 1527 4760 adversarium,
1567 4694 1752 4763 Steph.
1769 4694 2084 4763 Aqn'com
2119 4709 2262 4759 vero,

301 4767 619 4821 neniarum
653 4767 717 4819 in
751 4764 959 4820 Heloro
973 4806 989 4834 ,
1033 4766 1394 4828 fortissimam
1441 4765 1791 4830 armigeram.
1867 4761 2074 4817 Contra

303 4833 586 4889 Εναηιιιε
655 4834 944 4889 Sarceriae
1006 4833 1457 4903 superintendens
1517 4830 1967 4899 Manefeldianae
2033 4781 2264 4887 1⁸13&oe

302 4903 448 4959 duae
625 4903 725 4957 doe
759 4903 1044 4957 celebravit
1084 4901 1232 4956 1554.
1310 4902 1583 4956 Eretum.-
1628 4901 1741 4954 Der
1778 4900 2038 4969 Prodiger
2071 4901 2127 4954 in
2164 4901 2263 4954 der

302 4970 514 5026 Hei-rec
553 4972 633 5025 ast
668 4973 939 5026 Mansfeld
976 4974 1234 5026 Antwort
1280 4972 1377 5024 anf
1405 4972 1484 5024 St.
1523 4971 1809 5039 Agricolae
1855 4986 2261 5039 ausgegangene

303 5042 702 5095 Schlnszreden
738 5042 847 5094 und
876 5041 1433 5095 &limabo-Schriften
1469 5040 1558 5092 die
1597 5057 1731 5092 neue
1757 5038 1933 5092 Lehre
1968 5040 2024 5091 in
2060 5055 2259 5092 unseru

303 5108 552 5165 Kirchen
587 5111 686 5163 das
722 5118 853 5179 gnte
873 5113 1054 5164 werck
1090 5127 1186 5163 zur
1205 5109 1501 5178 Seeligkeit
1522 5107 1714 5178 uiithig
1730 5124 1894 5175 seyen
1929 5107 2260 5176 belangende

304 5177 458 5233 1553.
537 5181 673 5233 Acta
708 5180 843 5233 oder
880 5178 1167 5249 Handlung
1202 5180 1300 5233 des
1334 5177 1604 5232 lobliehen
1640 5177 1677 5230 S
1719 5176 1848 5230 nodi
1882 5178 1935 5230 in
1970 5177 2067 5229 der
2104 5176 2262 5230 stadt

303 5247 603 5302 Eiszleben
649 5248 757 5301 den
805 5247 888 5300 13.
938 5249 1094 5303 Febr.
1143 5245 1279 5301 1554
1327 5247 1498 5299 wider
1550 5246 1678 5299 etlic
1718 5263 1748 5299 e
1800 5245 2001 5300 falscbe
2047 5245 2258 5299 Lehren

303 5316 461 5369 datin
507 5317 862 5371 verdammet.
929 5317 1090 5371 Eiszl.
1126 5317 1176 5370 4.
1248 5314 1433 5385 (Saliy
1467 5315 1536 5367 A.
1579 5313 1641 5372 0.
1676 5315 1776 5369 111.
1812 5313 1921 5380 43.)

525 5403 741 5459 οαιωτηε
773 5418 956 5472 opera.
1045 5404 1154 5457 Vol.
1195 5402 1326 5457 XV.

2015 388 2181 454 1554
2223 385 2636 503 Novlmy.

4195 402 4322 469 322

2373 599 2571 662 quem
2613 581 2876 665 sequuti
3141 580 3500 668 burgenses
3543 585 3780 672 aliique
3822 587 4046 655 vicini.
4115 589 4327 657 Iusti-

2374 664 2694 764 fieationis
2738 667 2940 734 etiam
3040 669 3296 736 octrina
3352 670 3500 737 aliis
3556 674 4024 741 certaminibus
4080 675 4325 743 misere

2371 748 2586 817 discor
2628 753 2781 818 itur.

2542 772 2675 904 {fio
2716 837 2925 905 nihilo
2984 840 3218 906 melius
3259 862 3364 907 res
3418 840 3665 908 habent
3715 865 3913 929 quam
3957 866 4075 930 pro
4116 868 4321 915 more.

2369 919 2663 989 'l’andem
2707 924 2983 990 allatum
3027 934 3127 992 est
3146 925 3369 992 Berna
3409 948 3815 1012 responsum,
3839 929 3894 1016 ⁸)
3936 951 4065 1016 quo
4106 934 4328 1001 iocose

2370 1006 2665 1074 eluditur
2720 1017 2949 1077 nostra
3004 1012 3431 1095 querimonia.
3519 1015 3684 1081 Oras
3744 1025 3968 1083 tamen
4026 1019 4319 1102 proficis·

2369 1100 2556 1159 cetur
2599 1096 2899 1176 nuncius,
2919 1099 2979 1166 ⁸¹)
3023 1104 3099 1162 ut
3140 1118 3347 1180 spero,
3391 1100 3504 1183 qui
3539 1122 3729 1167 aures
3771 1123 4003 1169 rursus
4037 1104 4317 1172 vellicet.

2371 1178 2842 1247 Defensionem
2898 1181 3276 1249 consensus
3330 1187 3564 1264 nostri,
3625 1195 3702 1253 ut
3752 1187 3827 1253 in
3882 1189 4162 1270 gratiam
4204 1191 4316 1255 'Pi-

2370 1266 2757 1364 gurinorum
2816 1288 2857 1332 a
2912 1288 3018 1332 me
3075 1278 3365 1336 correcta
3426 1271 3582 1350 fuit,
3655 1282 3998 1357 postquam
4057 1274 4315 1359 legeris,

2371 1370 2513 1416 ems
2555 1353 2804 1436 copiam
2856 1353 3056 1421 facies
3101 1356 3472 1422 venerando
3526 1358 3712 1424 fratri
3756 1369 3982 1425 nostro
4026 1361 4109 1426 D.
4154 1360 4317 1427 Bla-

2367 1448 3131 1591 zzzaesszssoeffissffi‘
3157 1443 4318 1612 flffi⁶⁰12fflm3332t32¹¹¹fss221⁸220n1133³

2370 1606 2569 1674 Certe
2627 1618 2884 1676 mature
2927 1609 3324 1677 obviandum
3382 1635 3524 1680 esse
3567 1613 3757 1695 duxi,
3818 1637 3901 1682 ne
3958 1637 4064 1684 me
4116 1619 4316 1701 perti-

2370 1695 2597 1761 nacius
2632 1704 2962 1780 urgerent.
3029 1696 3218 1776 Vale,
3265 1699 3505 1782 optime
3540 1711 3608 1766 et
3641 1702 4062 1786 integerrime
4096 1703 4314 1769 frater.

2370 1777 2705 1848 Dominus
2740 1782 2855 1848 tibi
2901 1802 3158 1866 semper
3198 1783 3386 1864 adsit,
3432 1795 3500 1851 te
3545 1808 3576 1851 s
3622 1787 3782 1854 iritu
3820 1808 3938 1854 sno
3973 1787 4316 1873 gubernet,

2371 1872 2650 1950 tuosque
2728 1877 2986 1934 sanctos
3062 1868 3315 1936 labores
3401 1871 3521 1937 ben
3609 1873 3750 1939 ’cat
3861 1872 4175 1940 Salutant
4251 1882 4319 1939 te

2373 1951 2599 2020 amici:
2680 1962 2753 2019 tu
2820 1956 3014 2020 etiam
3081 1955 3369 2022 vicissim
3436 1957 3717 2024 salutem
3794 1959 3941 2026 istic
4002 1959 4319 2027 fratribus

2373 2036 2564 2104 dices.
2657 2044 2753 2105 27.
2800 2039 3196 2107 Novembris
3248 2047 3428 2107 1554.

3290 2179 3570 2246 Ioannes
3614 2180 3931 2248 Calvinus
3971 2191 4147 2249 tuus.

2546 2348 2622 2414 P.
2682 2347 2751 2415 S.
2838 2349 2982 2417 Has
3049 2349 3294 2417 dictare
3358 2353 3571 2438 coegit
3635 2351 3818 2420 dolor
3878 2354 4144 2438 capitis,
4210 2354 4317 2422 vel

2374 2432 2610 2499 saltem
2653 2435 2937 2518 gravedo
2981 2456 3146 2519 quae
3190 2437 3353 2503 mihi
3396 2459 3437 2504 a
3478 2437 3753 2522 prandio
3796 2439 4068 2506 molesta
4109 2441 4252 2505 fuit.

3249 2962 3447 3033 2⁰58.

2840 3115 3310 3186 OALVINUS
3356 3118 3843 3188 VERMJLIO.

2547 3286 2749 3353 Mittit
2769 3288 2828 3355 ci
2842 3287 3249 3372 Defensionis
3260 3291 3450 3357 Ana·-
3469 3291 3971 3375 Westphalianae
3988 3295 4323 3380 exeonplar,

2371 3373 2762 3542 gmakfug'tam
2838 3380 2986 3456 post
3063 3375 3500 3444 Turicensium
3573 3381 3965 3448 correctiones
4031 3383 4325 3448 constitu-

2372 3631 2485 3697 (Ex
2523 3635 2751 3700 autogra
2787 3631 2859 3685 ho
2897 3632 3118 3686 Archiv.
3156 3633 3333 3689 Turio.
3380 3635 3524 3689 Plut.
3561 3635 3651 3689 VI.
3692 3636 3809 3690 Vol.
3846 3635 3974 3705 177,
4020 3639 4150 3693 olim
4186 3640 4325 3711 Epp.

2786 3717 2890 3754 om.
2926 3699 3011 3755 47.
3048 3701 3137 3756 fol.
3176 3701 3295 3757 225.
3333 3730 3396 3743 -
3435 3704 3647 3759 Simler.
3681 3704 3801 3763 Vol.
3834 3705 3950 3773 83.)

2544 3871 2808 3936 Eximio
2876 3872 3176 3958 theologo
3243 3874 3325 3939 D.
3393 3874 3596 3941 Petro
3661 3876 3943 3962 Martyri
4008 3877 4321 3945 ecclesiae

2373 3958 2880 4041 Argentinensis
2925 3957 3169 4025 doctori
3210 3958 3591 4027 fidelissimo

3651 4044 4062 4133 Straszburg.
4094 4053 4144 4125 ι)

2541 4177 2612 4245 S.
2681 4177 3060 4248 Consensus
3104 4184 3311 4250 nostri
3356 4183 3661 4262 defensi0‚
3708 4205 3898 4268 quam
3945 4207 4155 4269 nuper
4198 4187 4321 4253 tibi

2368 4266 2707 4344 miseram,
2774 4268 3087 4334 fratribus
3152 4270 3398 4336 nostris
3463 4270 3739 4354 placuit,
3807 4268 3922 4336 sed
3985 4293 4117 4338 non
4173 4271 4319 4338 sine

2369 4352 2771 4434 exceptione.
2792 4355 2852 4436 2)
2919 4353 3092 4435 Quia
3127 4354 3301 4421 locos
3331 4361 3648 4421 notarunt
3684 4358 3752 4421 in
3795 4357 4031 4438 quibus
4065 4357 4333 4440 aliquid.

2365 4445 2697 4502 mutatum
2751 4451 3086 4522 cuperent,
3154 4461 3285 4505 non
3342 4462 3571 4507 eorum
3613 4442 3881 4508 oonsilio
3936 4442 4143 4508 solum
4201 4443 4329 4509 ob—

2368 4531 2736 4606 temperare
2802 4524 2915 4589 sed
2983 4535 3135 4590 voto
3201 4527 3398 4592 etiam
3465 4548 3713 4593 morem
3779 4547 4006 4611 gerere
4072 4526 4318 4594 studui.

2366 4608 2562 4674 Nunc
2598 4630 2753 4694 ergo
2787 4610 3123 4695 exemplar
3157 4631 3381 4678 eorum
3417 4621 3653 4698 rogatu
3689 4621 4044 4679 correctum
4084 4634 4321 4681 rursus

2367 4693 2453 4758 ad
2496 4705 2561 4759 te
2603 4697 2808 4760 mitto.
2891 4695 3284 4779 Quanquam
3328 4707 3548 4764 autem
3593 4720 3720 4764 non
3766 4718 4033 4781 prorsus
4077 4719 4321 4782 sequu-

2570 4969 2633 5035 6)
2673 4969 2748 5024 Ν.
2782 4967 2939 5022 2047.
3014 4968 3145 5037 Rey.
3181 4969 3257 5023 du
3296 4968 3513 5024 Ooueet'l
3541 4969 3626 5025 26.
3661 4970 3807 5025 Noe.

2573 5037 2631 5100 7)
2683 5037 2814 5091 Vide
2839 5038 3092 5104 praeced.
3128 5036 3260 5093 Not.
3297 5036 3344 5090 1.

2367 5105 2555 5161 2058.
2582 5110 2633 5170 l)
2673 5106 2973 5175 Inscriptio
3035 5107 3097 5160 in
3162 5107 3355 5161 Codice
3412 5113 3621 5176 autoqr.
3683 5123 3796 5162 non
3848 5107 4059 5176 leyimr.
4155 5108 4317 5165 Unde

2368 5175 2629 5231 Simlerue
2662 5175 2911 5230 habuerit
2953 5176 3233 5231 nescirsus.
3308 5176 3460 5231 Certe
3497 5177 3554 5231 0.
3589 5192 3701 5232 non
3736 5177 3956 5245 son-ipsit
3986 5180 4315 5246 germanice.

2569 5244 2632 5307 2)
2667 5245 2839 5314 quod,
2886 5252 2946 5297 ut
2988 5244 3160 5312 vides,
3209 5261 3368 5315 aequ-e
3406 5247 3644 5312 terebat,
3692 5261 3856 5315 quum
3891 5253 4069 5302 tamen
4098 5249 4321 5317 poesim

2362 5329 2476 5368 non
2509 5314 2846 5384 acquiescere
2876 5328 2989 5368 non
3018 5320 3215 5384 posset.
