<?xml version="1.0" encoding="UTF-8"?>
<!DOCTYPE html PUBLIC "-//W3C//DTD XHTML 1.0 Transitional//EN"
    "http://www.w3.org/TR/xhtml1/DTD/xhtml1-transitional.dtd">
<html xmlns="http://www.w3.org/1999/xhtml" xml:lang="en" lang="en">
 <head>
  <title>
</title>
<meta http-equiv="Content-Type" content="text/html;charset=utf-8" />
  <meta name='ocr-system' content='tesseract 3.04.00' />
  <meta name='ocr-capabilities' content='ocr_page ocr_carea ocr_par ocr_line ocrx_word'/>
</head>
<body>
  <div class='ocr_page' id='page_1' title='image "./ioanniscalvinio09unkngoog_0134.png"; bbox 0 0 4850 6200; ppageno 0'>
   <div class='ocr_carea' id='block_1_1' title="bbox 515 425 637 490">
    <p class='ocr_par' dir='ltr' id='par_1_1' title="bbox 515 425 637 490">
     <span class='ocr_line' id='line_1_1' title="bbox 515 425 637 490; baseline -0.041 0"><span class='ocrx_word' id='word_1_1' title='bbox 515 425 637 490; x_wconf 75' lang='lat'><strong>271</strong></span> 
     </span>
    </p>
   </div>
   <div class='ocr_carea' id='block_1_2' title="bbox 507 601 2469 2920">
    <p class='ocr_par' dir='ltr' id='par_1_2' title="bbox 512 601 2469 2566">
     <span class='ocr_line' id='line_1_2' title="bbox 520 601 2467 696; baseline -0.005 -19"><span class='ocrx_word' id='word_1_2' title='bbox 520 609 793 696; x_wconf 89' lang='lat' dir='ltr'><strong>indigne</strong></span> <span class='ocrx_word' id='word_1_3' title='bbox 836 629 968 675; x_wconf 88' lang='lat' dir='ltr'><strong>non</strong></span> <span class='ocrx_word' id='word_1_4' title='bbox 1026 606 1246 673; x_wconf 87' lang='lat' dir='ltr'><strong>minus</strong></span> <span class='ocrx_word' id='word_1_5' title='bbox 1299 625 1497 688; x_wconf 88' lang='lat' dir='ltr'><strong>quam</strong></span> <span class='ocrx_word' id='word_1_6' title='bbox 1554 603 1877 670; x_wconf 79' lang='lat' dir='ltr'><strong>hostiliter</strong></span> <span class='ocrx_word' id='word_1_7' title='bbox 1918 623 2142 669; x_wconf 80' lang='lat' dir='ltr'><strong>vexor.</strong></span> <span class='ocrx_word' id='word_1_8' title='bbox 2233 601 2311 669; x_wconf 81' lang='lat' dir='ltr'><strong>Si</strong></span> <span class='ocrx_word' id='word_1_9' title='bbox 2354 601 2467 668; x_wconf 89' lang='lat' dir='ltr'><strong>de-</strong></span> 
     </span>
     <span class='ocr_line' id='line_1_3' title="bbox 516 688 2468 774; baseline -0.004 -11"><span class='ocrx_word' id='word_1_10' title='bbox 516 698 692 765; x_wconf 91' lang='lat' dir='ltr'><strong>cima</strong></span> <span class='ocrx_word' id='word_1_11' title='bbox 733 704 993 760; x_wconf 88' lang='lat' dir='ltr'><strong>tantum</strong></span> <span class='ocrx_word' id='word_1_12' title='bbox 1035 714 1116 757; x_wconf 84' lang='lat' dir='ltr'><strong>ex</strong></span> <span class='ocrx_word' id='word_1_13' title='bbox 1159 695 1344 774; x_wconf 87' lang='lat' dir='ltr'><strong>parte</strong></span> <span class='ocrx_word' id='word_1_14' title='bbox 1387 692 1572 771; x_wconf 89' lang='lat' dir='ltr'><strong>scias,</strong></span> <span class='ocrx_word' id='word_1_15' title='bbox 1617 710 1814 773; x_wconf 90' lang='lat' dir='ltr'><strong>quam</strong></span> <span class='ocrx_word' id='word_1_16' title='bbox 1850 688 2178 756; x_wconf 73' lang='lat' dir='ltr'><strong>atrocibus</strong></span> <span class='ocrx_word' id='word_1_17' title='bbox 2211 689 2468 773; x_wconf 80' lang='lat' dir='ltr'>probris</span> 
     </span>
     <span class='ocr_line' id='line_1_4' title="bbox 515 774 2467 863; baseline -0.005 -13"><span class='ocrx_word' id='word_1_18' title='bbox 515 783 785 861; x_wconf 88' lang='lat' dir='ltr'><strong>lacerer,</strong></span> <span class='ocrx_word' id='word_1_19' title='bbox 830 801 946 863; x_wconf 88' lang='lat' dir='ltr'><strong>pro</strong></span> <span class='ocrx_word' id='word_1_20' title='bbox 989 788 1104 844; x_wconf 91' lang='lat' dir='ltr'><strong>tua</strong></span> <span class='ocrx_word' id='word_1_21' title='bbox 1148 778 1559 842; x_wconf 69' lang='lat' dir='ltr'><strong>humanitate</strong></span> <span class='ocrx_word' id='word_1_22' title='bbox 1601 776 1995 860; x_wconf 80' lang='lat' dir='ltr'><strong>ingemiscas</strong></span> <span class='ocrx_word' id='word_1_23' title='bbox 2036 775 2334 848; x_wconf 87' lang='lat' dir='ltr'><strong>miseriis,</strong></span> <span class='ocrx_word' id='word_1_24' title='bbox 2382 774 2467 840; x_wconf 89' lang='lat' dir='ltr'><strong>ad</strong></span> 
     </span>
     <span class='ocr_line' id='line_1_5' title="bbox 517 860 2467 953; baseline -0.005 -19"><span class='ocrx_word' id='word_1_25' title='bbox 517 889 682 953; x_wconf 90' lang='lat' dir='ltr'><strong>quas</strong></span> <span class='ocrx_word' id='word_1_26' title='bbox 724 866 1017 933; x_wconf 86' lang='lat' dir='ltr'><strong>obdurui.</strong></span> <span class='ocrx_word' id='word_1_27' title='bbox 1106 862 1412 944; x_wconf 87' lang='lat' dir='ltr'><strong>Undique</strong></span> <span class='ocrx_word' id='word_1_28' title='bbox 1472 884 1576 928; x_wconf 92' lang='lat' dir='ltr'><strong>me</strong></span> <span class='ocrx_word' id='word_1_29' title='bbox 1634 882 1826 927; x_wconf 89' lang='lat' dir='ltr'><strong>canes</strong></span> <span class='ocrx_word' id='word_1_30' title='bbox 1870 860 2197 926; x_wconf 88' lang='lat' dir='ltr'><strong>allatrant.</strong></span> <span class='ocrx_word' id='word_1_31' title='bbox 2287 860 2467 925; x_wconf 88' lang='lat' dir='ltr'><strong>Hae-</strong></span> 
     </span>
     <span class='ocr_line' id='line_1_6' title="bbox 518 946 2466 1035; baseline -0.005 -15"><span class='ocrx_word' id='word_1_32' title='bbox 518 956 761 1021; x_wconf 90' lang='lat' dir='ltr'><strong>reticus</strong></span> <span class='ocrx_word' id='word_1_33' title='bbox 802 952 1044 1035; x_wconf 87' lang='lat' dir='ltr'><strong>passim</strong></span> <span class='ocrx_word' id='word_1_34' title='bbox 1088 950 1347 1015; x_wconf 84' lang='lat' dir='ltr'><strong>vociter.</strong></span> <span class='ocrx_word' id='word_1_35' title='bbox 1418 946 1754 1030; x_wconf 78' lang='lat' dir='ltr'><strong>Quidquid</strong></span> <span class='ocrx_word' id='word_1_36' title='bbox 1788 947 1954 1030; x_wconf 90' lang='lat' dir='ltr'><strong>fingi</strong></span> <span class='ocrx_word' id='word_1_37' title='bbox 1988 947 2466 1012; x_wconf 85' lang='lat' dir='ltr'><strong>calumniarum</strong></span> 
     </span>
     <span class='ocr_line' id='line_1_7' title="bbox 517 1032 2467 1127; baseline -0.005 -21"><span class='ocrx_word' id='word_1_38' title='bbox 517 1048 735 1127; x_wconf 85' lang='lat' dir='ltr'><strong>potest</strong></span> <span class='ocrx_word' id='word_1_39' title='bbox 794 1039 863 1102; x_wconf 91' lang='lat' dir='ltr'><strong>in</strong></span> <span class='ocrx_word' id='word_1_40' title='bbox 929 1058 1034 1101; x_wconf 91' lang='lat' dir='ltr'><strong>me</strong></span> <span class='ocrx_word' id='word_1_41' title='bbox 1095 1037 1487 1119; x_wconf 90' lang='lat' dir='ltr'><strong>congeritur.</strong></span> <span class='ocrx_word' id='word_1_42' title='bbox 1590 1033 1896 1116; x_wconf 92' lang='lat' dir='ltr'><strong>Denique</strong></span> <span class='ocrx_word' id='word_1_43' title='bbox 1961 1054 2066 1097; x_wconf 91' lang='lat' dir='ltr'><strong>me</strong></span> <span class='ocrx_word' id='word_1_44' title='bbox 2129 1032 2342 1098; x_wconf 86' lang='lat' dir='ltr'><strong>invidi</strong></span> <span class='ocrx_word' id='word_1_45' title='bbox 2400 1041 2467 1097; x_wconf 87' lang='lat' dir='ltr'><strong>et</strong></span> 
     </span>
     <span class='ocr_line' id='line_1_8' title="bbox 518 1119 2464 1207; baseline -0.005 -15"><span class='ocrx_word' id='word_1_46' title='bbox 518 1123 824 1192; x_wconf 89' lang='lat' dir='ltr'><strong>malevoli</strong></span> <span class='ocrx_word' id='word_1_47' title='bbox 868 1145 949 1186; x_wconf 83' lang='lat' dir='ltr'><strong>ex</strong></span> <span class='ocrx_word' id='word_1_48' title='bbox 994 1142 1193 1207; x_wconf 83' lang='lat' dir='ltr'><strong>grege</strong></span> <span class='ocrx_word' id='word_1_49' title='bbox 1228 1130 1452 1186; x_wconf 89' lang='lat' dir='ltr'><strong>nostro</strong></span> <span class='ocrx_word' id='word_1_50' title='bbox 1487 1119 1790 1184; x_wconf 85' lang='lat' dir='ltr'><strong>infestius</strong></span> <span class='ocrx_word' id='word_1_51' title='bbox 1825 1128 2221 1202; x_wconf 88' lang='lat' dir='ltr'><strong>oppugnant,</strong></span> <span class='ocrx_word' id='word_1_52' title='bbox 2269 1139 2464 1202; x_wconf 89' lang='lat' dir='ltr'><strong>quam</strong></span> 
     </span>
     <span class='ocr_line' id='line_1_9' title="bbox 521 1206 2464 1296; baseline -0.006 -17"><span class='ocrx_word' id='word_1_53' title='bbox 521 1211 730 1296; x_wconf 86' lang='lat' dir='ltr'><strong>aperti</strong></span> <span class='ocrx_word' id='word_1_54' title='bbox 777 1210 997 1274; x_wconf 89' lang='lat' dir='ltr'><strong>hostes</strong></span> <span class='ocrx_word' id='word_1_55' title='bbox 1041 1229 1123 1273; x_wconf 84' lang='lat' dir='ltr'><strong>ex</strong></span> <span class='ocrx_word' id='word_1_56' title='bbox 1165 1216 1428 1290; x_wconf 87' lang='lat' dir='ltr'><strong>papatu.</strong></span> <span class='ocrx_word' id='word_1_57' title='bbox 1517 1206 1666 1269; x_wconf 91' lang='lat' dir='ltr'><strong>Non</strong></span> <span class='ocrx_word' id='word_1_58' title='bbox 1723 1214 1945 1269; x_wconf 90' lang='lat' dir='ltr'><strong>tamen</strong></span> <span class='ocrx_word' id='word_1_59' title='bbox 2001 1206 2094 1268; x_wconf 90' lang='lat' dir='ltr'><strong>ita</strong></span> <span class='ocrx_word' id='word_1_60' title='bbox 2137 1227 2283 1271; x_wconf 90' lang='lat' dir='ltr'><strong>sum</strong></span> <span class='ocrx_word' id='word_1_61' title='bbox 2327 1225 2464 1269; x_wconf 92' lang='lat' dir='ltr'><strong>me-</strong></span> 
     </span>
     <span class='ocr_line' id='line_1_10' title="bbox 516 1290 2465 1373; baseline -0.006 -9"><span class='ocrx_word' id='word_1_62' title='bbox 516 1300 685 1364; x_wconf 82' lang='lat' dir='ltr'><strong>ritus</strong></span> <span class='ocrx_word' id='word_1_63' title='bbox 726 1294 837 1361; x_wconf 83' lang='lat' dir='ltr'><strong>vel</strong></span> <span class='ocrx_word' id='word_1_64' title='bbox 879 1294 958 1358; x_wconf 92' lang='lat' dir='ltr'><strong>de</strong></span> <span class='ocrx_word' id='word_1_65' title='bbox 1002 1293 1273 1360; x_wconf 89' lang='lat' dir='ltr'><strong>ecclesia</strong></span> <span class='ocrx_word' id='word_1_66' title='bbox 1316 1293 1462 1367; x_wconf 94' lang='lat' dir='ltr'><strong>Dei,</strong></span> <span class='ocrx_word' id='word_1_67' title='bbox 1519 1291 1622 1356; x_wconf 85' lang='lat' dir='ltr'><strong>vel</strong></span> <span class='ocrx_word' id='word_1_68' title='bbox 1670 1290 1750 1355; x_wconf 89' lang='lat' dir='ltr'><strong>de</strong></span> <span class='ocrx_word' id='word_1_69' title='bbox 1793 1291 1980 1373; x_wconf 91' lang='lat' dir='ltr'><strong>ipsis,</strong></span> <span class='ocrx_word' id='word_1_70' title='bbox 2041 1299 2117 1354; x_wconf 86' lang='lat' dir='ltr'><strong>ut</strong></span> <span class='ocrx_word' id='word_1_71' title='bbox 2160 1300 2295 1356; x_wconf 84' lang='lat' dir='ltr'><strong>tam</strong></span> <span class='ocrx_word' id='word_1_72' title='bbox 2337 1290 2465 1354; x_wconf 91' lang='lat' dir='ltr'><strong>ini-</strong></span> 
     </span>
     <span class='ocr_line' id='line_1_11' title="bbox 516 1375 2469 1469; baseline -0.005 -21"><span class='ocrx_word' id='word_1_73' title='bbox 516 1403 714 1469; x_wconf 89' lang='lat' dir='ltr'><strong>quam</strong></span> <span class='ocrx_word' id='word_1_74' title='bbox 758 1378 1123 1446; x_wconf 88' lang='lat' dir='ltr'><strong>mercedem</strong></span> <span class='ocrx_word' id='word_1_75' title='bbox 1168 1376 1530 1461; x_wconf 89' lang='lat' dir='ltr'><strong>rependere</strong></span> <span class='ocrx_word' id='word_1_76' title='bbox 1575 1375 1866 1442; x_wconf 91' lang='lat' dir='ltr'><strong>debeant.</strong></span> <span class='ocrx_word' id='word_1_77' title='bbox 1959 1378 2346 1442; x_wconf 72' lang='lat' dir='ltr'><strong>Auctarium</strong></span> <span class='ocrx_word' id='word_1_78' title='bbox 2390 1385 2469 1440; x_wconf 89' lang='lat' dir='ltr'><strong>ut</strong></span> 
     </span>
     <span class='ocr_line' id='line_1_12' title="bbox 512 1461 2466 1545; baseline -0.005 -10"><span class='ocrx_word' id='word_1_79' title='bbox 512 1471 710 1536; x_wconf 89' lang='lat' dir='ltr'><strong>istinc</strong></span> <span class='ocrx_word' id='word_1_80' title='bbox 755 1465 1107 1541; x_wconf 87' lang='lat' dir='ltr'><strong>accederet,</strong></span> <span class='ocrx_word' id='word_1_81' title='bbox 1152 1486 1286 1529; x_wconf 89' lang='lat' dir='ltr'><strong>non</strong></span> <span class='ocrx_word' id='word_1_82' title='bbox 1331 1464 1542 1527; x_wconf 89' lang='lat' dir='ltr'><strong>timui.</strong></span> <span class='ocrx_word' id='word_1_83' title='bbox 1632 1462 1736 1527; x_wconf 93' lang='lat' dir='ltr'><strong>De</strong></span> <span class='ocrx_word' id='word_1_84' title='bbox 1761 1461 2033 1528; x_wconf 89' lang='lat' dir='ltr'><strong>diacono</strong></span> <span class='ocrx_word' id='word_1_85' title='bbox 2077 1470 2193 1527; x_wconf 92' lang='lat' dir='ltr'><strong>tuo</strong></span> <span class='ocrx_word' id='word_1_86' title='bbox 2219 1463 2466 1545; x_wconf 90' lang='lat' dir='ltr'><strong>loquor,</strong></span> 
     </span>
     <span class='ocr_line' id='line_1_13' title="bbox 515 1547 2465 1639; baseline -0.005 -19"><span class='ocrx_word' id='word_1_87' title='bbox 515 1576 710 1639; x_wconf 91' lang='lat' dir='ltr'><strong>quem</strong></span> <span class='ocrx_word' id='word_1_88' title='bbox 769 1563 884 1618; x_wconf 89' lang='lat' dir='ltr'><strong>tua</strong></span> <span class='ocrx_word' id='word_1_89' title='bbox 940 1550 1358 1616; x_wconf 81' lang='lat' dir='ltr'><strong>conniventia</strong></span> <span class='ocrx_word' id='word_1_90' title='bbox 1415 1549 1681 1612; x_wconf 87' lang='lat' dir='ltr'><strong>minime</strong></span> <span class='ocrx_word' id='word_1_91' title='bbox 1738 1547 1825 1612; x_wconf 89' lang='lat' dir='ltr'><strong>ali</strong></span> <span class='ocrx_word' id='word_1_92' title='bbox 1884 1550 2203 1632; x_wconf 89' lang='lat' dir='ltr'><strong>oportuit,</strong></span> <span class='ocrx_word' id='word_1_93' title='bbox 2263 1569 2465 1630; x_wconf 90' lang='lat' dir='ltr'><strong>quum</strong></span> 
     </span>
     <span class='ocr_line' id='line_1_14' title="bbox 512 1634 2465 1720; baseline -0.005 -13"><span class='ocrx_word' id='word_1_94' title='bbox 512 1663 648 1707; x_wconf 92' lang='lat' dir='ltr'><strong>non</strong></span> <span class='ocrx_word' id='word_1_95' title='bbox 704 1640 927 1704; x_wconf 91' lang='lat' dir='ltr'><strong>minus</strong></span> <span class='ocrx_word' id='word_1_96' title='bbox 983 1638 1179 1720; x_wconf 91' lang='lat' dir='ltr'><strong>impie</strong></span> <span class='ocrx_word' id='word_1_97' title='bbox 1235 1646 1464 1701; x_wconf 88' lang='lat' dir='ltr'><strong>contra</strong></span> <span class='ocrx_word' id='word_1_98' title='bbox 1519 1654 1747 1717; x_wconf 88' lang='lat' dir='ltr'><strong>puram</strong></span> <span class='ocrx_word' id='word_1_99' title='bbox 1807 1634 2194 1718; x_wconf 82' lang='lat' dir='ltr'><strong>religionem</strong></span> <span class='ocrx_word' id='word_1_100' title='bbox 2247 1634 2465 1698; x_wconf 88' lang='lat' dir='ltr'><strong>insur-</strong></span> 
     </span>
     <span class='ocr_line' id='line_1_15' title="bbox 560 1719 2463 1808; baseline -0.006 -16"><span class='ocrx_word' id='word_1_101' title='bbox 560 1740 716 1803; x_wconf 88' lang='lat' dir='ltr'><strong>eret,</strong></span> <span class='ocrx_word' id='word_1_102' title='bbox 776 1746 972 1808; x_wconf 88' lang='lat' dir='ltr'><strong>quam</strong></span> <span class='ocrx_word' id='word_1_103' title='bbox 1016 1722 1312 1806; x_wconf 90' lang='lat' dir='ltr'><strong>improbe</strong></span> <span class='ocrx_word' id='word_1_104' title='bbox 1374 1721 1624 1786; x_wconf 88' lang='lat' dir='ltr'><strong>homini</strong></span> <span class='ocrx_word' id='word_1_105' title='bbox 1681 1721 1954 1786; x_wconf 83' lang='lat' dir='ltr'><strong>innoxio</strong></span> <span class='ocrx_word' id='word_1_106' title='bbox 2012 1719 2463 1786; x_wconf 88' lang='lat' dir='ltr'><strong>maledicebat.</strong></span> 
     </span>
     <span class='ocr_line' id='line_1_16' title="bbox 513 1750 2466 1890; baseline -0.006 -11"><span class='ocrx_word' id='word_1_107' title='bbox 513 1750 608 1880; x_wconf 55' lang='lat' dir='ltr'><strong>{t</strong></span> <span class='ocrx_word' id='word_1_108' title='bbox 650 1822 873 1877; x_wconf 90' lang='lat' dir='ltr'><strong>tamen</strong></span> <span class='ocrx_word' id='word_1_109' title='bbox 918 1831 1049 1874; x_wconf 92' lang='lat' dir='ltr'><strong>non</strong></span> <span class='ocrx_word' id='word_1_110' title='bbox 1099 1809 1274 1873; x_wconf 89' lang='lat' dir='ltr'><strong>aliud</strong></span> <span class='ocrx_word' id='word_1_111' title='bbox 1319 1806 1596 1890; x_wconf 85' lang='lat' dir='ltr'><strong>postulo,</strong></span> <span class='ocrx_word' id='word_1_112' title='bbox 1637 1806 1763 1870; x_wconf 89' lang='lat' dir='ltr'><strong>nisi</strong></span> <span class='ocrx_word' id='word_1_113' title='bbox 1801 1817 1877 1870; x_wconf 87' lang='lat' dir='ltr'><strong>ut</strong></span> <span class='ocrx_word' id='word_1_114' title='bbox 1917 1807 2081 1870; x_wconf 88' lang='lat' dir='ltr'><strong>mihi</strong></span> <span class='ocrx_word' id='word_1_115' title='bbox 2124 1806 2466 1889; x_wconf 91' lang='lat' dir='ltr'><strong>permittas</strong></span> 
     </span>
     <span class='ocr_line' id='line_1_17' title="bbox 521 1889 2467 1972; baseline -0.006 -7"><span class='ocrx_word' id='word_1_116' title='bbox 521 1900 666 1965; x_wconf 91' lang='lat' dir='ltr'><strong>eius</strong></span> <span class='ocrx_word' id='word_1_117' title='bbox 709 1895 1134 1963; x_wconf 90' lang='lat' dir='ltr'><strong>contumelias</strong></span> <span class='ocrx_word' id='word_1_118' title='bbox 1192 1894 1428 1958; x_wconf 88' lang='lat' dir='ltr'><strong>leniter</strong></span> <span class='ocrx_word' id='word_1_119' title='bbox 1484 1893 1671 1957; x_wconf 88' lang='lat' dir='ltr'><strong>ferre.</strong></span> <span class='ocrx_word' id='word_1_120' title='bbox 1765 1889 2034 1972; x_wconf 78' lang='lat' dir='ltr'><strong>Quanta</strong></span> <span class='ocrx_word' id='word_1_121' title='bbox 2086 1891 2215 1957; x_wconf 91' lang='lat' dir='ltr'><strong>fide</strong></span> <span class='ocrx_word' id='word_1_122' title='bbox 2259 1901 2327 1956; x_wconf 90' lang='lat' dir='ltr'><strong>et</strong></span> <span class='ocrx_word' id='word_1_123' title='bbox 2368 1893 2467 1955; x_wconf 92' lang='lat' dir='ltr'><strong>in-</strong></span> 
     </span>
     <span class='ocr_line' id='line_1_18' title="bbox 517 1978 2465 2069; baseline -0.005 -19"><span class='ocrx_word' id='word_1_124' title='bbox 517 1985 826 2069; x_wconf 87' lang='lat' dir='ltr'><strong>tegritate</strong></span> <span class='ocrx_word' id='word_1_125' title='bbox 883 1982 1151 2047; x_wconf 82' lang='lat' dir='ltr'><strong>Christo</strong></span> <span class='ocrx_word' id='word_1_126' title='bbox 1207 1979 1543 2054; x_wconf 84' lang='lat' dir='ltr'><strong>servieris,</strong></span> <span class='ocrx_word' id='word_1_127' title='bbox 1619 1999 1814 2060; x_wconf 91' lang='lat' dir='ltr'><strong>quam</strong></span> <span class='ocrx_word' id='word_1_128' title='bbox 1886 1978 2145 2043; x_wconf 87' lang='lat' dir='ltr'><strong>cordate</strong></span> <span class='ocrx_word' id='word_1_129' title='bbox 2200 1978 2465 2043; x_wconf 81' lang='lat' dir='ltr'><strong>functus</strong></span> 
     </span>
     <span class='ocr_line' id='line_1_19' title="bbox 514 2064 2467 2150; baseline -0.006 -12"><span class='ocrx_word' id='word_1_130' title='bbox 514 2072 610 2138; x_wconf 91' lang='lat' dir='ltr'><strong>sis</strong></span> <span class='ocrx_word' id='word_1_131' title='bbox 652 2082 766 2134; x_wconf 90' lang='lat' dir='ltr'><strong>tuo</strong></span> <span class='ocrx_word' id='word_1_132' title='bbox 810 2067 1043 2143; x_wconf 88' lang='lat' dir='ltr'><strong>offici0‚</strong></span> <span class='ocrx_word' id='word_1_133' title='bbox 1104 2087 1298 2150; x_wconf 88' lang='lat' dir='ltr'><strong>quam</strong></span> <span class='ocrx_word' id='word_1_134' title='bbox 1356 2074 1730 2130; x_wconf 85' lang='lat' dir='ltr'><strong>constanter</strong></span> <span class='ocrx_word' id='word_1_135' title='bbox 1787 2076 1855 2128; x_wconf 92' lang='lat' dir='ltr'><strong>et</strong></span> <span class='ocrx_word' id='word_1_136' title='bbox 1910 2064 2161 2130; x_wconf 89' lang='lat' dir='ltr'><strong>labores</strong></span> <span class='ocrx_word' id='word_1_137' title='bbox 2217 2071 2286 2129; x_wconf 91' lang='lat' dir='ltr'><strong>et</strong></span> <span class='ocrx_word' id='word_1_138' title='bbox 2327 2082 2467 2129; x_wconf 89' lang='lat' dir='ltr'><strong>cer-</strong></span> 
     </span>
     <span class='ocr_line' id='line_1_20' title="bbox 515 2149 2465 2236; baseline -0.006 -13"><span class='ocrx_word' id='word_1_139' title='bbox 515 2156 772 2223; x_wconf 86' lang='lat' dir='ltr'><strong>tamina</strong></span> <span class='ocrx_word' id='word_1_140' title='bbox 840 2153 1073 2236; x_wconf 91' lang='lat' dir='ltr'><strong>quibus</strong></span> <span class='ocrx_word' id='word_1_141' title='bbox 1146 2162 1210 2217; x_wconf 91' lang='lat' dir='ltr'><strong>te</strong></span> <span class='ocrx_word' id='word_1_142' title='bbox 1276 2151 1567 2217; x_wconf 81' lang='lat' dir='ltr'><strong>exercuit</strong></span> <span class='ocrx_word' id='word_1_143' title='bbox 1621 2150 1977 2227; x_wconf 90' lang='lat' dir='ltr'><strong>Dominus,</strong></span> <span class='ocrx_word' id='word_1_144' title='bbox 2054 2149 2465 2226; x_wconf 88' lang='lat' dir='ltr'><strong>sustinueris,</strong></span> 
     </span>
     <span class='ocr_line' id='line_1_21' title="bbox 515 2236 2466 2326; baseline -0.005 -18"><span class='ocrx_word' id='word_1_145' title='bbox 515 2263 640 2326; x_wconf 89' lang='lat' dir='ltr'><strong>ego</strong></span> <span class='ocrx_word' id='word_1_146' title='bbox 683 2241 801 2305; x_wconf 88' lang='lat' dir='ltr'><strong>tibi</strong></span> <span class='ocrx_word' id='word_1_147' title='bbox 847 2240 1034 2306; x_wconf 90' lang='lat' dir='ltr'><strong>testis</strong></span> <span class='ocrx_word' id='word_1_148' title='bbox 1080 2260 1253 2303; x_wconf 88' lang='lat' dir='ltr'><strong>sum:</strong></span> <span class='ocrx_word' id='word_1_149' title='bbox 1301 2259 1374 2303; x_wconf 91' lang='lat' dir='ltr'><strong>ac</strong></span> <span class='ocrx_word' id='word_1_150' title='bbox 1418 2244 1484 2300; x_wconf 93' lang='lat' dir='ltr'><strong>te</strong></span> <span class='ocrx_word' id='word_1_151' title='bbox 1527 2236 1598 2299; x_wconf 93' lang='lat' dir='ltr'><strong>in</strong></span> <span class='ocrx_word' id='word_1_152' title='bbox 1634 2245 1973 2319; x_wconf 90' lang='lat' dir='ltr'><strong>posterum</strong></span> <span class='ocrx_word' id='word_1_153' title='bbox 2010 2241 2326 2320; x_wconf 85' lang='lat' dir='ltr'><strong>perpetuo</strong></span> <span class='ocrx_word' id='word_1_154' title='bbox 2367 2237 2466 2300; x_wconf 89' lang='lat' dir='ltr'><strong>tui</strong></span> 
     </span>
     <span class='ocr_line' id='line_1_22' title="bbox 516 2322 2467 2407; baseline -0.004 -14"><span class='ocrx_word' id='word_1_155' title='bbox 516 2328 801 2393; x_wconf 88' lang='lat' dir='ltr'><strong>similem</strong></span> <span class='ocrx_word' id='word_1_156' title='bbox 865 2327 1004 2390; x_wconf 88' lang='lat' dir='ltr'><strong>fore</strong></span> <span class='ocrx_word' id='word_1_157' title='bbox 1067 2323 1338 2391; x_wconf 89' lang='lat' dir='ltr'><strong>confido.</strong></span> <span class='ocrx_word' id='word_1_158' title='bbox 1448 2322 1682 2403; x_wconf 90' lang='lat' dir='ltr'><strong>Itaque</strong></span> <span class='ocrx_word' id='word_1_159' title='bbox 1748 2322 1909 2387; x_wconf 88' lang='lat' dir='ltr'><strong>nihil</strong></span> <span class='ocrx_word' id='word_1_160' title='bbox 1978 2324 2191 2407; x_wconf 86' lang='lat' dir='ltr'><strong>magis</strong></span> <span class='ocrx_word' id='word_1_161' title='bbox 2257 2322 2467 2405; x_wconf 89' lang='lat' dir='ltr'><strong>cupi0‚</strong></span> 
     </span>
     <span class='ocr_line' id='line_1_23' title="bbox 520 2407 2469 2497; baseline -0.004 -19"><span class='ocrx_word' id='word_1_162' title='bbox 520 2434 717 2497; x_wconf 88' lang='lat' dir='ltr'><strong>quam</strong></span> <span class='ocrx_word' id='word_1_163' title='bbox 763 2412 1015 2476; x_wconf 87' lang='lat' dir='ltr'><strong>salvam</strong></span> <span class='ocrx_word' id='word_1_164' title='bbox 1059 2412 1231 2476; x_wconf 90' lang='lat' dir='ltr'><strong>inter</strong></span> <span class='ocrx_word' id='word_1_165' title='bbox 1275 2429 1395 2473; x_wconf 88' lang='lat' dir='ltr'><strong>nos</strong></span> <span class='ocrx_word' id='word_1_166' title='bbox 1437 2407 1964 2473; x_wconf 84' lang='lat' dir='ltr'><strong>benevolentiam</strong></span> <span class='ocrx_word' id='word_1_167' title='bbox 2007 2428 2293 2485; x_wconf 88' lang='lat' dir='ltr'><strong>manere,</strong></span> <span class='ocrx_word' id='word_1_168' title='bbox 2340 2426 2469 2490; x_wconf 89' lang='lat' dir='ltr'><strong>quo</strong></span> 
     </span>
     <span class='ocr_line' id='line_1_24' title="bbox 513 2493 2469 2566; baseline -0.005 0"><span class='ocrx_word' id='word_1_169' title='bbox 513 2499 795 2566; x_wconf 88' lang='lat' dir='ltr'><strong>alacrius</strong></span> <span class='ocrx_word' id='word_1_170' title='bbox 831 2506 897 2562; x_wconf 92' lang='lat' dir='ltr'><strong>et</strong></span> <span class='ocrx_word' id='word_1_171' title='bbox 916 2497 1262 2563; x_wconf 88' lang='lat' dir='ltr'><strong>sinceriore</strong></span> <span class='ocrx_word' id='word_1_172' title='bbox 1298 2493 1516 2559; x_wconf 90' lang='lat' dir='ltr'><strong>studio</strong></span> <span class='ocrx_word' id='word_1_173' title='bbox 1551 2514 1670 2559; x_wconf 91' lang='lat' dir='ltr'><strong>nos</strong></span> <span class='ocrx_word' id='word_1_174' title='bbox 1705 2493 1880 2561; x_wconf 89' lang='lat' dir='ltr'><strong>ultro</strong></span> <span class='ocrx_word' id='word_1_175' title='bbox 1915 2496 1976 2561; x_wconf 88' lang='lat' dir='ltr'><strong>ci</strong></span> <span class='ocrx_word' id='word_1_176' title='bbox 2125 2515 2207 2559; x_wconf 90' lang='lat' dir='ltr'><strong>ue</strong></span> <span class='ocrx_word' id='word_1_177' title='bbox 2241 2495 2469 2558; x_wconf 85' lang='lat' dir='ltr'><strong>invare</strong></span> 
     </span>
    </p>

    <p class='ocr_par' dir='ltr' id='par_1_3' title="bbox 507 2579 2469 2920">
     <span class='ocr_line' id='line_1_25' title="bbox 599 2579 2465 2670; baseline -0.004 -21"><span class='ocrx_word' id='word_1_178' title='bbox 599 2604 880 2670; x_wconf 89' lang='lat' dir='ltr'><strong>rgamus.</strong></span> <span class='ocrx_word' id='word_1_179' title='bbox 990 2581 1187 2658; x_wconf 86' lang='lat' dir='ltr'><strong>Vale,</strong></span> <span class='ocrx_word' id='word_1_180' title='bbox 1267 2580 1510 2644; x_wconf 79' lang='lat' dir='ltr'><strong>eximie</strong></span> <span class='ocrx_word' id='word_1_181' title='bbox 1550 2581 1676 2659; x_wconf 70' lang='grc' dir='ltr'><strong>’,νὴ</strong></span> <span class='ocrx_word' id='word_1_182' title='bbox 1749 2590 1818 2645; x_wconf 93' lang='lat' dir='ltr'><strong>et</strong></span> <span class='ocrx_word' id='word_1_183' title='bbox 1893 2581 2080 2647; x_wconf 89' lang='lat' dir='ltr'><strong>colen</strong></span> <span class='ocrx_word' id='word_1_184' title='bbox 2126 2601 2163 2646; x_wconf 92' lang='lat' dir='ltr'><strong>e</strong></span> <span class='ocrx_word' id='word_1_185' title='bbox 2241 2579 2465 2644; x_wconf 89' lang='lat' dir='ltr'><strong>frater.</strong></span> 
     </span>
     <span class='ocr_line' id='line_1_26' title="bbox 508 2605 2469 2751; baseline -0.005 -14"><span class='ocrx_word' id='word_1_186' title='bbox 508 2605 844 2738; x_wconf 62' lang='lat' dir='ltr'><strong>Deominus</strong></span> <span class='ocrx_word' id='word_1_187' title='bbox 908 2669 1027 2735; x_wconf 90' lang='lat' dir='ltr'><strong>tibi</strong></span> <span class='ocrx_word' id='word_1_188' title='bbox 1086 2687 1343 2750; x_wconf 88' lang='lat' dir='ltr'><strong>semper</strong></span> <span class='ocrx_word' id='word_1_189' title='bbox 1399 2664 1591 2744; x_wconf 88' lang='lat' dir='ltr'><strong>adsit,</strong></span> <span class='ocrx_word' id='word_1_190' title='bbox 1652 2673 1717 2731; x_wconf 89' lang='lat' dir='ltr'><strong>te</strong></span> <span class='ocrx_word' id='word_1_191' title='bbox 1772 2669 2124 2751; x_wconf 81' lang='lat' dir='ltr'><strong>gubernet,</strong></span> <span class='ocrx_word' id='word_1_192' title='bbox 2185 2688 2261 2732; x_wconf 88' lang='lat' dir='ltr'><strong>ac</strong></span> <span class='ocrx_word' id='word_1_193' title='bbox 2317 2676 2469 2729; x_wconf 88' lang='lat' dir='ltr'><strong>tuos</strong></span> 
     </span>
     <span class='ocr_line' id='line_1_27' title="bbox 507 2751 2468 2837; baseline -0.004 -14"><span class='ocrx_word' id='word_1_194' title='bbox 507 2755 763 2823; x_wconf 88' lang='lat' dir='ltr'><strong>labores</strong></span> <span class='ocrx_word' id='word_1_195' title='bbox 822 2755 1179 2822; x_wconf 87' lang='lat' dir='ltr'><strong>benedicat.</strong></span> <span class='ocrx_word' id='word_1_196' title='bbox 1272 2751 1586 2836; x_wconf 81' lang='lat' dir='ltr'><strong>Collegae</strong></span> <span class='ocrx_word' id='word_1_197' title='bbox 1643 2754 1772 2818; x_wconf 93' lang='lat' dir='ltr'><strong>mei</strong></span> <span class='ocrx_word' id='word_1_198' title='bbox 1830 2762 1895 2817; x_wconf 91' lang='lat' dir='ltr'><strong>te</strong></span> <span class='ocrx_word' id='word_1_199' title='bbox 1955 2752 2319 2837; x_wconf 87' lang='lat' dir='ltr'><strong>plurimum</strong></span> <span class='ocrx_word' id='word_1_200' title='bbox 2364 2772 2468 2816; x_wconf 91' lang='lat' dir='ltr'><strong>sa-</strong></span> 
     </span>
     <span class='ocr_line' id='line_1_28' title="bbox 508 2838 1828 2920; baseline -0.005 -11"><span class='ocrx_word' id='word_1_201' title='bbox 508 2841 745 2909; x_wconf 87' lang='lat' dir='ltr'><strong>lutant.</strong></span> <span class='ocrx_word' id='word_1_202' title='bbox 836 2842 1170 2920; x_wconf 85' lang='lat' dir='ltr'><strong>Genevae‚</strong></span> <span class='ocrx_word' id='word_1_203' title='bbox 1226 2844 1317 2902; x_wconf 88' lang='lat'><strong>15.</strong></span> <span class='ocrx_word' id='word_1_204' title='bbox 1363 2838 1593 2904; x_wconf 88' lang='lat' dir='ltr'><strong>Octob.</strong></span> <span class='ocrx_word' id='word_1_205' title='bbox 1646 2844 1828 2902; x_wconf 78' lang='lat'><strong>1554.</strong></span> 
     </span>
    </p>
   </div>
   <div class='ocr_carea' id='block_1_3' title="bbox 1427 2973 2295 3042">
    <p class='ocr_par' dir='ltr' id='par_1_4' title="bbox 1427 2973 2295 3042">
     <span class='ocr_line' id='line_1_29' title="bbox 1427 2973 2295 3042; baseline 0.001 -3"><span class='ocrx_word' id='word_1_206' title='bbox 1427 2973 1717 3041; x_wconf 91' lang='lat' dir='ltr'><strong>Ioannes</strong></span> <span class='ocrx_word' id='word_1_207' title='bbox 1760 2974 2079 3042; x_wconf 82' lang='lat' dir='ltr'><strong>Calvinus</strong></span> <span class='ocrx_word' id='word_1_208' title='bbox 2123 2983 2295 3041; x_wconf 88' lang='lat' dir='ltr'><strong>tuus.</strong></span> 
     </span>
    </p>
   </div>
   <div class='ocr_carea' id='block_1_4' title="bbox 1275 3272 1686 3284">
    <p class='ocr_par' dir='ltr' id='par_1_5' title="bbox 1275 3272 1686 3284">
     <span class='ocr_line' id='line_1_30' title="bbox 1275 3272 1686 3284; baseline -0.005 -1"><span class='ocrx_word' id='word_1_209' title='bbox 1275 3272 1686 3284; x_wconf 53' lang='lat'><strong>*—</strong></span> 
     </span>
    </p>
   </div>
   <div class='ocr_carea' id='block_1_5' title="bbox 1399 3490 1597 3560">
    <p class='ocr_par' dir='ltr' id='par_1_6' title="bbox 1399 3490 1597 3560">
     <span class='ocr_line' id='line_1_31' title="bbox 1399 3490 1597 3560; baseline 0 -1"><span class='ocrx_word' id='word_1_210' title='bbox 1399 3490 1597 3560; x_wconf 77' lang='lat'><strong>2⁰33.</strong></span> 
     </span>
    </p>
   </div>
   <div class='ocr_carea' id='block_1_6' title="bbox 513 3640 2476 4158">
    <p class='ocr_par' dir='ltr' id='par_1_7' title="bbox 878 3640 2054 3724">
     <span class='ocr_line' id='line_1_32' title="bbox 878 3640 2054 3724; baseline -0.003 -12"><span class='ocrx_word' id='word_1_211' title='bbox 878 3642 1493 3712; x_wconf 82' lang='lat' dir='ltr'><strong>SIDEMAN&#39;NUS</strong></span> <span class='ocrx_word' id='word_1_212' title='bbox 1520 3647 1570 3724; x_wconf 88' lang='lat'><strong>¹)</strong></span> <span class='ocrx_word' id='word_1_213' title='bbox 1613 3640 2054 3712; x_wconf 85' lang='lat' dir='ltr'><strong>OALVINO.</strong></span> 
     </span>
    </p>

    <p class='ocr_par' dir='ltr' id='par_1_8' title="bbox 513 3815 2476 4158">
     <span class='ocr_line' id='line_1_33' title="bbox 689 3815 2476 3900; baseline -0.001 -17"><span class='ocrx_word' id='word_1_214' title='bbox 689 3817 1025 3884; x_wconf 76' lang='lat' dir='ltr'><strong>Calvinum</strong></span> <span class='ocrx_word' id='word_1_215' title='bbox 1097 3835 1464 3899; x_wconf 73' lang='lat' dir='ltr'><strong>quanquam</strong></span> <span class='ocrx_word' id='word_1_216' title='bbox 1541 3816 1787 3900; x_wconf 66' lang='lat' dir='ltr'><strong>iqnoms</strong></span> <span class='ocrx_word' id='word_1_217' title='bbox 1863 3815 2040 3883; x_wconf 75' lang='lat' dir='ltr'><strong>homo</strong></span> <span class='ocrx_word' id='word_1_218' title='bbox 2134 3815 2476 3899; x_wconf 72' lang='lat' dir='ltr'><strong>alloquitur</strong></span> 
     </span>
     <span class='ocr_line' id='line_1_34' title="bbox 514 3901 2473 3985; baseline -0.002 -14"><span class='ocrx_word' id='word_1_219' title='bbox 514 3901 1085 3982; x_wconf 70' lang='lat' dir='ltr'><strong>occasioneoblata,</strong></span> <span class='ocrx_word' id='word_1_220' title='bbox 1129 3906 1498 3985; x_wconf 75' lang='lat' dir='ltr'><strong>etoptatut</strong></span> <span class='ocrx_word' id='word_1_221' title='bbox 1539 3903 1678 3968; x_wconf 77' lang='lat' dir='ltr'><strong>eius</strong></span> <span class='ocrx_word' id='word_1_222' title='bbox 1721 3902 2162 3970; x_wconf 73' lang='lat' dir='ltr'><strong>atdoritatein</strong></span> <span class='ocrx_word' id='word_1_223' title='bbox 2199 3903 2473 3968; x_wconf 71' lang='lat' dir='ltr'><strong>ecclesiis</strong></span> 
     </span>
     <span class='ocr_line' id='line_1_35' title="bbox 513 3988 2473 4071; baseline -0.001 -16"><span class='ocrx_word' id='word_1_224' title='bbox 513 3991 736 4055; x_wconf 54' lang='lat' dir='ltr'><strong>misere</strong></span> <span class='ocrx_word' id='word_1_225' title='bbox 772 3988 1042 4055; x_wconf 73' lang='lat' dir='ltr'><strong>turbatis</strong></span> <span class='ocrx_word' id='word_1_226' title='bbox 1082 3988 1414 4055; x_wconf 71' lang='lat' dir='ltr'><strong>concordia</strong></span> <span class='ocrx_word' id='word_1_227' title='bbox 1456 3988 1681 4071; x_wconf 79' lang='lat' dir='ltr'><strong>aliqua</strong></span> <span class='ocrx_word' id='word_1_228' title='bbox 1724 3990 2112 4055; x_wconf 71' lang='lat' dir='ltr'><strong>imtauretur</strong></span> <span class='ocrx_word' id='word_1_229' title='bbox 2125 4040 2141 4067; x_wconf 90' lang='lat'><strong><em>‚</em></strong></span> <span class='ocrx_word' id='word_1_230' title='bbox 2201 3989 2309 4052; x_wconf 75' lang='lat' dir='ltr'><strong>nbi</strong></span> <span class='ocrx_word' id='word_1_231' title='bbox 2351 3989 2473 4053; x_wconf 79' lang='lat' dir='ltr'><strong>mi-</strong></span> 
     </span>
     <span class='ocr_line' id='line_1_36' title="bbox 513 4073 1904 4158; baseline -0.001 -17"><span class='ocrx_word' id='word_1_232' title='bbox 513 4076 729 4141; x_wconf 76' lang='lat' dir='ltr'><strong>nimus</strong></span> <span class='ocrx_word' id='word_1_233' title='bbox 772 4076 1034 4158; x_wconf 73' lang='lat' dir='ltr'><strong>quisque</strong></span> <span class='ocrx_word' id='word_1_234' title='bbox 1075 4094 1142 4140; x_wconf 79' lang='lat' dir='ltr'><strong>se</strong></span> <span class='ocrx_word' id='word_1_235' title='bbox 1186 4073 1533 4139; x_wconf 72' lang='lat' dir='ltr'><strong>Lutherum</strong></span> <span class='ocrx_word' id='word_1_236' title='bbox 1573 4076 1904 4141; x_wconf 68' lang='lat' dir='ltr'><strong>existimat.</strong></span> 
     </span>
    </p>
   </div>
   <div class='ocr_carea' id='block_1_7' title="bbox 886 4244 2091 4316">
    <p class='ocr_par' dir='ltr' id='par_1_9' title="bbox 886 4244 2091 4316">
     <span class='ocr_line' id='line_1_37' title="bbox 886 4244 2091 4316; baseline -0.002 -17"><span class='ocrx_word' id='word_1_237' title='bbox 886 4245 1001 4310; x_wconf 79' lang='lat' dir='ltr'><strong>(Ex</strong></span> <span class='ocrx_word' id='word_1_238' title='bbox 1035 4244 1168 4299; x_wconf 87' lang='lat' dir='ltr'><strong>Ood.</strong></span> <span class='ocrx_word' id='word_1_239' title='bbox 1205 4244 1409 4299; x_wconf 82' lang='lat' dir='ltr'><strong>Genev.</strong></span> <span class='ocrx_word' id='word_1_240' title='bbox 1448 4244 1566 4312; x_wconf 81' lang='lat'><strong>113,</strong></span> <span class='ocrx_word' id='word_1_241' title='bbox 1602 4246 1693 4299; x_wconf 84' lang='lat' dir='ltr'><strong>fol.</strong></span> <span class='ocrx_word' id='word_1_242' title='bbox 1729 4245 1817 4309; x_wconf 77' lang='lat'><strong>87,</strong></span> <span class='ocrx_word' id='word_1_243' title='bbox 1851 4249 2091 4316; x_wconf 78' lang='lat' dir='ltr'><strong>autogr.)</strong></span> 
     </span>
    </p>
   </div>
   <div class='ocr_carea' id='block_1_8' title="bbox 514 4414 2474 4655">
    <p class='ocr_par' dir='ltr' id='par_1_10' title="bbox 514 4414 2474 4655">
     <span class='ocr_line' id='line_1_38' title="bbox 514 4414 2474 4487; baseline -0.003 0"><span class='ocrx_word' id='word_1_244' title='bbox 514 4415 913 4487; x_wconf 83' lang='lat' dir='ltr'><strong>Reverendo</strong></span> <span class='ocrx_word' id='word_1_245' title='bbox 979 4421 1046 4480; x_wconf 86' lang='lat' dir='ltr'><strong>et</strong></span> <span class='ocrx_word' id='word_1_246' title='bbox 1110 4414 1470 4482; x_wconf 86' lang='lat' dir='ltr'><strong>clarissimo</strong></span> <span class='ocrx_word' id='word_1_247' title='bbox 1535 4416 1677 4483; x_wconf 84' lang='lat' dir='ltr'><strong>viro</strong></span> <span class='ocrx_word' id='word_1_248' title='bbox 1744 4417 1827 4481; x_wconf 92' lang='lat' dir='ltr'><strong>D.</strong></span> <span class='ocrx_word' id='word_1_249' title='bbox 1894 4415 2132 4482; x_wconf 90' lang='lat' dir='ltr'><strong>Ioanni</strong></span> <span class='ocrx_word' id='word_1_250' title='bbox 2195 4416 2474 4483; x_wconf 82' lang='lat' dir='ltr'><strong>Calvino</strong></span> 
     </span>
     <span class='ocr_line' id='line_1_39' title="bbox 516 4499 2474 4586; baseline -0.002 -14"><span class='ocrx_word' id='word_1_251' title='bbox 516 4503 774 4572; x_wconf 86' lang='lat' dir='ltr'><strong>docenti</strong></span> <span class='ocrx_word' id='word_1_252' title='bbox 834 4499 1251 4586; x_wconf 84' lang='lat' dir='ltr'><strong>evangelium</strong></span> <span class='ocrx_word' id='word_1_253' title='bbox 1313 4502 1393 4567; x_wconf 92' lang='lat' dir='ltr'><strong>de</strong></span> <span class='ocrx_word' id='word_1_254' title='bbox 1448 4502 1586 4567; x_wconf 89' lang='lat' dir='ltr'><strong>filio</strong></span> <span class='ocrx_word' id='word_1_255' title='bbox 1629 4501 1758 4568; x_wconf 88' lang='lat' dir='ltr'><strong>Dei</strong></span> <span class='ocrx_word' id='word_1_256' title='bbox 1814 4503 2156 4582; x_wconf 81' lang='lat' dir='ltr'><strong>Genevae,</strong></span> <span class='ocrx_word' id='word_1_257' title='bbox 2212 4501 2474 4568; x_wconf 89' lang='lat' dir='ltr'><strong>domino</strong></span> 
     </span>
     <span class='ocr_line' id='line_1_40' title="bbox 1199 4587 1782 4655; baseline 0.002 -4"><span class='ocrx_word' id='word_1_258' title='bbox 1199 4608 1317 4654; x_wconf 91' lang='lat' dir='ltr'><strong>suo</strong></span> <span class='ocrx_word' id='word_1_259' title='bbox 1360 4587 1782 4655; x_wconf 86' lang='lat' dir='ltr'><strong>observando.</strong></span> 
     </span>
    </p>
   </div>
   <div class='ocr_carea' id='block_1_9' title="bbox 517 4722 2477 5152">
    <p class='ocr_par' dir='ltr' id='par_1_11' title="bbox 517 4722 2477 5152">
     <span class='ocr_line' id='line_1_41' title="bbox 694 4722 2476 4807; baseline -0.002 -14"><span class='ocrx_word' id='word_1_260' title='bbox 694 4726 765 4794; x_wconf 79' lang='lat' dir='ltr'><strong>S.</strong></span> <span class='ocrx_word' id='word_1_261' title='bbox 807 4727 891 4793; x_wconf 91' lang='lat' dir='ltr'><strong>D.</strong></span> <span class='ocrx_word' id='word_1_262' title='bbox 974 4722 1108 4807; x_wconf 81' lang='lat' dir='ltr'><strong>Qui</strong></span> <span class='ocrx_word' id='word_1_263' title='bbox 1144 4725 1266 4790; x_wconf 85' lang='lat' dir='ltr'><strong>has</strong></span> <span class='ocrx_word' id='word_1_264' title='bbox 1302 4722 1419 4789; x_wconf 87' lang='lat' dir='ltr'><strong>tibi</strong></span> <span class='ocrx_word' id='word_1_265' title='bbox 1453 4723 1669 4792; x_wconf 85' lang='lat' dir='ltr'><strong>reddit</strong></span> <span class='ocrx_word' id='word_1_266' title='bbox 1710 4726 2112 4793; x_wconf 88' lang='lat' dir='ltr'><strong>occasionem</strong></span> <span class='ocrx_word' id='word_1_267' title='bbox 2149 4724 2476 4793; x_wconf 88' lang='lat' dir='ltr'><strong>scribendi</strong></span> 
     </span>
     <span class='ocr_line' id='line_1_42' title="bbox 517 4809 2476 4898; baseline -0.003 -15"><span class='ocrx_word' id='word_1_268' title='bbox 517 4814 688 4883; x_wconf 74' lang='lat' dir='ltr'><strong>mihi</strong></span> <span class='ocrx_word' id='word_1_269' title='bbox 732 4812 814 4877; x_wconf 91' lang='lat' dir='ltr'><strong>ad</strong></span> <span class='ocrx_word' id='word_1_270' title='bbox 873 4818 940 4878; x_wconf 91' lang='lat' dir='ltr'><strong>te</strong></span> <span class='ocrx_word' id='word_1_271' title='bbox 997 4809 1193 4877; x_wconf 85' lang='lat' dir='ltr'><strong>dedit.</strong></span> <span class='ocrx_word' id='word_1_272' title='bbox 1282 4810 1707 4877; x_wconf 87' lang='lat' dir='ltr'><strong>Percontanti</strong></span> <span class='ocrx_word' id='word_1_273' title='bbox 1765 4812 1941 4877; x_wconf 90' lang='lat' dir='ltr'><strong>enim</strong></span> <span class='ocrx_word' id='word_1_274' title='bbox 1999 4811 2350 4898; x_wconf 86' lang='lat' dir='ltr'><strong>diligenter</strong></span> <span class='ocrx_word' id='word_1_275' title='bbox 2393 4811 2476 4877; x_wconf 90' lang='lat' dir='ltr'><strong>de</strong></span> 
     </span>
     <span class='ocr_line' id='line_1_43' title="bbox 521 4895 2477 4983; baseline -0.002 -19"><span class='ocrx_word' id='word_1_276' title='bbox 521 4904 590 4964; x_wconf 77' lang='lat' dir='ltr'><strong>te</strong></span> <span class='ocrx_word' id='word_1_277' title='bbox 633 4900 890 4983; x_wconf 87' lang='lat' dir='ltr'><strong>tuisque</strong></span> <span class='ocrx_word' id='word_1_278' title='bbox 949 4896 1143 4962; x_wconf 89' lang='lat' dir='ltr'><strong>rebus</strong></span> <span class='ocrx_word' id='word_1_279' title='bbox 1212 4895 1373 4963; x_wconf 90' lang='lat' dir='ltr'><strong>adeo</strong></span> <span class='ocrx_word' id='word_1_280' title='bbox 1417 4898 1731 4965; x_wconf 83' lang='lat' dir='ltr'><strong>satisfecit</strong></span> <span class='ocrx_word' id='word_1_281' title='bbox 1747 4948 1762 4977; x_wconf 94' lang='lat'><strong>,</strong></span> <span class='ocrx_word' id='word_1_282' title='bbox 1827 4906 1903 4963; x_wconf 90' lang='lat' dir='ltr'><strong>ut</strong></span> <span class='ocrx_word' id='word_1_283' title='bbox 1957 4896 2477 4965; x_wconf 79' lang='lat' dir='ltr'><strong>inflammaverit</strong></span> 
     </span>
     <span class='ocr_line' id='line_1_44' title="bbox 523 4982 2475 5068; baseline 0 -17"><span class='ocrx_word' id='word_1_284' title='bbox 523 4985 722 5051; x_wconf 82' lang='lat' dir='ltr'><strong>etiam</strong></span> <span class='ocrx_word' id='word_1_285' title='bbox 765 5002 873 5049; x_wconf 90' lang='lat' dir='ltr'><strong>me</strong></span> <span class='ocrx_word' id='word_1_286' title='bbox 915 4991 991 5049; x_wconf 91' lang='lat' dir='ltr'><strong>ut</strong></span> <span class='ocrx_word' id='word_1_287' title='bbox 1033 4983 1301 5068; x_wconf 88' lang='lat' dir='ltr'><strong>ignotus</strong></span> <span class='ocrx_word' id='word_1_288' title='bbox 1343 4982 1427 5048; x_wconf 89' lang='lat' dir='ltr'><strong>ad</strong></span> <span class='ocrx_word' id='word_1_289' title='bbox 1470 4983 1768 5068; x_wconf 88' lang='lat' dir='ltr'><strong>ignotum</strong></span> <span class='ocrx_word' id='word_1_290' title='bbox 1805 4983 2030 5051; x_wconf 87' lang='lat' dir='ltr'><strong>literas</strong></span> <span class='ocrx_word' id='word_1_291' title='bbox 2073 4983 2230 5049; x_wconf 89' lang='lat' dir='ltr'><strong>dare</strong></span> <span class='ocrx_word' id='word_1_292' title='bbox 2273 4984 2475 5051; x_wconf 90' lang='lat' dir='ltr'><strong>aude-</strong></span> 
     </span>
     <span class='ocr_line' id='line_1_45' title="bbox 525 5067 2474 5152; baseline -0.001 -16"><span class='ocrx_word' id='word_1_293' title='bbox 525 5090 689 5149; x_wconf 88' lang='lat' dir='ltr'><strong>rem,</strong></span> <span class='ocrx_word' id='word_1_294' title='bbox 734 5070 861 5135; x_wconf 90' lang='lat' dir='ltr'><strong>etsi</strong></span> <span class='ocrx_word' id='word_1_295' title='bbox 906 5077 980 5133; x_wconf 91' lang='lat' dir='ltr'><strong>tu</strong></span> <span class='ocrx_word' id='word_1_296' title='bbox 1025 5067 1291 5152; x_wconf 89' lang='lat' dir='ltr'><strong>quidem</strong></span> <span class='ocrx_word' id='word_1_297' title='bbox 1334 5067 1498 5134; x_wconf 90' lang='lat' dir='ltr'><strong>mihi</strong></span> <span class='ocrx_word' id='word_1_298' title='bbox 1541 5070 1929 5137; x_wconf 89' lang='lat' dir='ltr'><strong>notissimus</strong></span> <span class='ocrx_word' id='word_1_299' title='bbox 1972 5091 2044 5137; x_wconf 89' lang='lat' dir='ltr'><strong>es</strong></span> <span class='ocrx_word' id='word_1_300' title='bbox 2084 5071 2216 5136; x_wconf 86' lang='lat' dir='ltr'><strong>tuis</strong></span> <span class='ocrx_word' id='word_1_301' title='bbox 2255 5069 2474 5137; x_wconf 89' lang='lat' dir='ltr'><strong>erudi-</strong></span> 
     </span>
    </p>
   </div>
   <div class='ocr_carea' id='block_1_10' title="bbox 528 5272 2478 5414">
    <p class='ocr_par' dir='ltr' id='par_1_12' title="bbox 528 5272 2478 5414">
     <span class='ocr_line' id='line_1_46' title="bbox 529 5272 2478 5356; baseline 0.002 -27"><span class='ocrx_word' id='word_1_302' title='bbox 529 5273 724 5329; x_wconf 71' lang='lat'><strong>2088.</strong></span> <span class='ocrx_word' id='word_1_303' title='bbox 746 5272 802 5338; x_wconf 91' lang='lat'><strong>1)</strong></span> <span class='ocrx_word' id='word_1_304' title='bbox 841 5274 1126 5354; x_wconf 44' lang='lat' dir='ltr'><strong>martinus</strong></span> <span class='ocrx_word' id='word_1_305' title='bbox 1179 5273 1504 5330; x_wconf 69' lang='grc' dir='ltr'><strong>Βοίάοωκκ</strong></span> <span class='ocrx_word' id='word_1_306' title='bbox 1555 5276 1837 5356; x_wconf 69' lang='lat' dir='ltr'><strong>professor</strong></span> <span class='ocrx_word' id='word_1_307' title='bbox 1886 5292 2035 5333; x_wconf 71' lang='lat' dir='ltr'><strong>nunc</strong></span> <span class='ocrx_word' id='word_1_308' title='bbox 2087 5276 2478 5345; x_wconf 70' lang='lat' dir='ltr'><strong>Erfordiomis</strong></span> 
     </span>
     <span class='ocr_line' id='line_1_47' title="bbox 528 5341 1801 5414; baseline 0.001 -16"><span class='ocrx_word' id='word_1_309' title='bbox 528 5349 720 5414; x_wconf 67' lang='lat' dir='ltr'><strong>poam</strong></span> <span class='ocrx_word' id='word_1_310' title='bbox 764 5341 1193 5412; x_wconf 68' lang='lat' dir='ltr'><strong>qumberqoen</strong></span> <span class='ocrx_word' id='word_1_311' title='bbox 1229 5349 1451 5399; x_wconf 72' lang='lat' dir='ltr'><strong>voum</strong></span> <span class='ocrx_word' id='word_1_312' title='bbox 1485 5345 1616 5403; x_wconf 63' lang='lat' dir='ltr'><strong>obsit</strong></span> <span class='ocrx_word' id='word_1_313' title='bbox 1651 5344 1801 5400; x_wconf 73' lang='lat'><strong>1558.</strong></span> 
     </span>
    </p>
   </div>
   <div class='ocr_carea' id='block_1_11' title="bbox 2020 411 3020 482">
    <p class='ocr_par' dir='ltr' id='par_1_13' title="bbox 2020 411 3020 482">
     <span class='ocr_line' id='line_1_48' title="bbox 2020 411 3020 482; baseline -0.004 0"><span class='ocrx_word' id='word_1_314' title='bbox 2020 411 2546 482; x_wconf 73' lang='lat' dir='ltr'>EPISTOLAE</span> <span class='ocrx_word' id='word_1_315' title='bbox 2591 415 3020 479; x_wconf 76' lang='lat'>2032—2034</span> 
     </span>
    </p>
   </div>
   <div class='ocr_carea' id='block_1_12' title="bbox 2516 624 2534 5408">
    <p class='ocr_par' dir='ltr' id='par_1_14' title="bbox 2516 624 2534 5408">
     <span class='ocr_line' id='line_1_49' title="bbox 2516 624 2534 5408; baseline 0 0"><span class='ocrx_word' id='word_1_316' title='bbox 2516 624 2534 5408; x_wconf 95' lang='lat' dir='ltr'><strong> </strong></span> 
     </span>
    </p>
   </div>
   <div class='ocr_carea' id='block_1_13' title="bbox 4389 419 4512 481">
    <p class='ocr_par' dir='ltr' id='par_1_15' title="bbox 4389 419 4512 481">
     <span class='ocr_line' id='line_1_50' title="bbox 4389 419 4512 481; baseline 0.016 -2"><span class='ocrx_word' id='word_1_317' title='bbox 4389 419 4512 481; x_wconf 83' lang='lat'><strong>2⁷2</strong></span> 
     </span>
    </p>
   </div>
   <div class='ocr_carea' id='block_1_14' title="bbox 2565 601 4525 2663">
    <p class='ocr_par' dir='ltr' id='par_1_16' title="bbox 2565 601 4525 2663">
     <span class='ocr_line' id='line_1_51' title="bbox 2569 601 4521 689; baseline 0.001 -20"><span class='ocrx_word' id='word_1_318' title='bbox 2569 602 2839 669; x_wconf 87' lang='lat' dir='ltr'><strong>tissimis</strong></span> <span class='ocrx_word' id='word_1_319' title='bbox 2894 601 3481 687; x_wconf 86' lang='lat' dir='ltr'><strong>pulcherrimisque</strong></span> <span class='ocrx_word' id='word_1_320' title='bbox 3522 602 3965 669; x_wconf 82' lang='lat' dir='ltr'><strong>voluminibus</strong></span> <span class='ocrx_word' id='word_1_321' title='bbox 4019 625 4187 689; x_wconf 88' lang='lat' dir='ltr'><strong>quae</strong></span> <span class='ocrx_word' id='word_1_322' title='bbox 4229 603 4521 688; x_wconf 81' lang='lat' dir='ltr'><strong>quotidie</strong></span> 
     </span>
     <span class='ocr_line' id='line_1_52' title="bbox 2569 687 4521 774; baseline 0.003 -22"><span class='ocrx_word' id='word_1_323' title='bbox 2569 687 2653 752; x_wconf 89' lang='lat' dir='ltr'><strong>ad</strong></span> <span class='ocrx_word' id='word_1_324' title='bbox 2717 687 3024 753; x_wconf 84' lang='lat' dir='ltr'><strong>ecclesiae</strong></span> <span class='ocrx_word' id='word_1_325' title='bbox 3090 687 3663 771; x_wconf 81' lang='lat' dir='ltr'><strong>amplificationem</strong></span> <span class='ocrx_word' id='word_1_326' title='bbox 3739 689 4127 774; x_wconf 88' lang='lat' dir='ltr'><strong>dignitatem</strong></span> <span class='ocrx_word' id='word_1_327' title='bbox 4170 712 4253 757; x_wconf 91' lang='lat' dir='ltr'><strong>ue</strong></span> <span class='ocrx_word' id='word_1_328' title='bbox 4332 691 4521 758; x_wconf 88' lang='lat' dir='ltr'><strong>nobis</strong></span> 
     </span>
     <span class='ocr_line' id='line_1_53' title="bbox 2570 775 4522 858; baseline 0.003 -20"><span class='ocrx_word' id='word_1_329' title='bbox 2570 775 2838 852; x_wconf 90' lang='lat' dir='ltr'><strong>emittis,</strong></span> <span class='ocrx_word' id='word_1_330' title='bbox 2898 794 3192 857; x_wconf 90' lang='lat' dir='ltr'><strong>quaeque</strong></span> <span class='ocrx_word' id='word_1_331' title='bbox 3252 795 3371 858; x_wconf 92' lang='lat' dir='ltr'><strong>ego</strong></span> <span class='ocrx_word' id='word_1_332' title='bbox 3432 775 3702 839; x_wconf 85' lang='lat' dir='ltr'><strong>maximi</strong></span> <span class='ocrx_word' id='word_1_333' title='bbox 3762 777 3928 842; x_wconf 82' lang='lat' dir='ltr'><strong>facio</strong></span> <span class='ocrx_word' id='word_1_334' title='bbox 3984 784 4050 841; x_wconf 92' lang='lat' dir='ltr'><strong>et</strong></span> <span class='ocrx_word' id='word_1_335' title='bbox 4092 796 4133 841; x_wconf 86' lang='lat' dir='ltr'><strong>a</strong></span> <span class='ocrx_word' id='word_1_336' title='bbox 4217 776 4522 844; x_wconf 87' lang='lat' dir='ltr'><strong>omnibus</strong></span> 
     </span>
     <span class='ocr_line' id='line_1_54' title="bbox 2570 860 4522 929; baseline 0.002 -5"><span class='ocrx_word' id='word_1_337' title='bbox 2570 879 2901 924; x_wconf 87' lang='lat' dir='ltr'><strong>sacrorum</strong></span> <span class='ocrx_word' id='word_1_338' title='bbox 2979 860 3337 925; x_wconf 87' lang='lat' dir='ltr'><strong>cultoribus</strong></span> <span class='ocrx_word' id='word_1_339' title='bbox 3404 862 3884 927; x_wconf 87' lang='lat' dir='ltr'><strong>aecusatissime</strong></span> <span class='ocrx_word' id='word_1_340' title='bbox 3948 862 4313 928; x_wconf 82' lang='lat' dir='ltr'><strong>evolvenda</strong></span> <span class='ocrx_word' id='word_1_341' title='bbox 4377 883 4522 929; x_wconf 89' lang='lat' dir='ltr'><strong>esse</strong></span> 
     </span>
     <span class='ocr_line' id='line_1_55' title="bbox 2569 943 4523 1031; baseline 0.002 -20"><span class='ocrx_word' id='word_1_342' title='bbox 2569 966 2817 1011; x_wconf 91' lang='lat' dir='ltr'><strong>censeo.</strong></span> <span class='ocrx_word' id='word_1_343' title='bbox 2928 943 3063 1011; x_wconf 80' lang='lat' dir='ltr'><strong>Sed</strong></span> <span class='ocrx_word' id='word_1_344' title='bbox 3128 946 3528 1012; x_wconf 88' lang='lat' dir='ltr'><strong>incredibilis</strong></span> <span class='ocrx_word' id='word_1_345' title='bbox 3589 945 3904 1031; x_wconf 85' lang='lat' dir='ltr'><strong>foedaque</strong></span> <span class='ocrx_word' id='word_1_346' title='bbox 3966 948 4099 1013; x_wconf 87' lang='lat' dir='ltr'><strong>iam</strong></span> <span class='ocrx_word' id='word_1_347' title='bbox 4165 949 4523 1015; x_wconf 88' lang='lat' dir='ltr'><strong>multorum</strong></span> 
     </span>
     <span class='ocr_line' id='line_1_56' title="bbox 2568 1030 4522 1119; baseline 0.005 -26"><span class='ocrx_word' id='word_1_348' title='bbox 2568 1036 2845 1114; x_wconf 76' lang='grc' dir='ltr'><strong>φιλαυτία</strong></span> <span class='ocrx_word' id='word_1_349' title='bbox 2908 1037 3009 1094; x_wconf 73' lang='grc' dir='ltr'><strong>καὶ</strong></span> <span class='ocrx_word' id='word_1_350' title='bbox 3073 1030 3371 1095; x_wconf 50' lang='lat' dir='ltr'><strong>alaudem</strong></span> <span class='ocrx_word' id='word_1_351' title='bbox 3435 1041 3535 1097; x_wconf 92' lang='lat' dir='ltr'><strong>est</strong></span> <span class='ocrx_word' id='word_1_352' title='bbox 3601 1054 3765 1116; x_wconf 91' lang='lat' dir='ltr'><strong>quae</strong></span> <span class='ocrx_word' id='word_1_353' title='bbox 3830 1033 3900 1098; x_wconf 91' lang='lat' dir='ltr'><strong>in</strong></span> <span class='ocrx_word' id='word_1_354' title='bbox 3967 1033 4072 1099; x_wconf 90' lang='lat' dir='ltr'><strong>his</strong></span> <span class='ocrx_word' id='word_1_355' title='bbox 4146 1035 4522 1119; x_wconf 89' lang='lat' dir='ltr'><strong>regionibus</strong></span> 
     </span>
     <span class='ocr_line' id='line_1_57' title="bbox 2570 1117 4521 1205; baseline 0.002 -23"><span class='ocrx_word' id='word_1_356' title='bbox 2570 1117 2873 1184; x_wconf 85' lang='lat' dir='ltr'><strong>ecclesias</strong></span> <span class='ocrx_word' id='word_1_357' title='bbox 2910 1117 3487 1183; x_wconf 85' lang='lat' dir='ltr'><strong>vehementissime</strong></span> <span class='ocrx_word' id='word_1_358' title='bbox 3532 1119 3837 1198; x_wconf 91' lang='lat' dir='ltr'><strong>concutit,</strong></span> <span class='ocrx_word' id='word_1_359' title='bbox 3884 1128 3959 1184; x_wconf 90' lang='lat' dir='ltr'><strong>ut</strong></span> <span class='ocrx_word' id='word_1_360' title='bbox 4004 1141 4086 1185; x_wconf 85' lang='lat' dir='ltr'><strong>ex</strong></span> <span class='ocrx_word' id='word_1_361' title='bbox 4122 1122 4264 1204; x_wconf 88' lang='lat' dir='ltr'><strong>ipso</strong></span> <span class='ocrx_word' id='word_1_362' title='bbox 4297 1142 4521 1205; x_wconf 87' lang='lat' dir='ltr'><strong>gram-</strong></span> 
     </span>
     <span class='ocr_line' id='line_1_58' title="bbox 2570 1203 4523 1290; baseline 0.003 -23"><span class='ocrx_word' id='word_1_363' title='bbox 2570 1204 2950 1286; x_wconf 89' lang='lat' dir='ltr'><strong>matophoro</strong></span> <span class='ocrx_word' id='word_1_364' title='bbox 3016 1225 3147 1268; x_wconf 87' lang='lat' dir='ltr'><strong>non</strong></span> <span class='ocrx_word' id='word_1_365' title='bbox 3216 1205 3356 1268; x_wconf 92' lang='lat' dir='ltr'><strong>sine</strong></span> <span class='ocrx_word' id='word_1_366' title='bbox 3435 1203 3656 1270; x_wconf 90' lang='lat' dir='ltr'><strong>dolore</strong></span> <span class='ocrx_word' id='word_1_367' title='bbox 3734 1225 4103 1290; x_wconf 90' lang='lat' dir='ltr'><strong>cognosces.</strong></span> <span class='ocrx_word' id='word_1_368' title='bbox 4216 1205 4523 1290; x_wconf 72' lang='lat' dir='ltr'><strong>Optat-im</strong></span> 
     </span>
     <span class='ocr_line' id='line_1_59' title="bbox 2570 1289 4522 1373; baseline 0.002 -20"><span class='ocrx_word' id='word_1_369' title='bbox 2570 1297 2786 1354; x_wconf 89' lang='lat' dir='ltr'><strong>autem</strong></span> <span class='ocrx_word' id='word_1_370' title='bbox 2824 1289 3067 1373; x_wconf 90' lang='lat' dir='ltr'><strong>aliquid</strong></span> <span class='ocrx_word' id='word_1_371' title='bbox 3105 1291 3220 1356; x_wconf 88' lang='lat' dir='ltr'><strong>abs</strong></span> <span class='ocrx_word' id='word_1_372' title='bbox 3254 1299 3320 1354; x_wconf 85' lang='lat' dir='ltr'><strong>te</strong></span> <span class='ocrx_word' id='word_1_373' title='bbox 3358 1290 3552 1354; x_wconf 88' lang='lat' dir='ltr'><strong>scribi</strong></span> <span class='ocrx_word' id='word_1_374' title='bbox 3588 1290 3668 1355; x_wconf 94' lang='lat' dir='ltr'><strong>de</strong></span> <span class='ocrx_word' id='word_1_375' title='bbox 3704 1292 4048 1357; x_wconf 90' lang='lat' dir='ltr'><strong>concordia</strong></span> <span class='ocrx_word' id='word_1_376' title='bbox 4081 1292 4163 1357; x_wconf 93' lang='lat' dir='ltr'><strong>ad</strong></span> <span class='ocrx_word' id='word_1_377' title='bbox 4200 1301 4522 1359; x_wconf 89' lang='lat' dir='ltr'><strong>nostrates</strong></span> 
     </span>
     <span class='ocr_line' id='line_1_60' title="bbox 2565 1375 4524 1463; baseline 0.003 -25"><span class='ocrx_word' id='word_1_378' title='bbox 2565 1375 2926 1459; x_wconf 88' lang='lat' dir='ltr'><strong>theologos.</strong></span> <span class='ocrx_word' id='word_1_379' title='bbox 3017 1375 3188 1441; x_wconf 88' lang='lat' dir='ltr'><strong>Nam</strong></span> <span class='ocrx_word' id='word_1_380' title='bbox 3237 1375 3461 1441; x_wconf 88' lang='lat' dir='ltr'><strong>forsan</strong></span> <span class='ocrx_word' id='word_1_381' title='bbox 3522 1386 3636 1441; x_wconf 86' lang='lat' dir='ltr'><strong>tua</strong></span> <span class='ocrx_word' id='word_1_382' title='bbox 3679 1377 4025 1443; x_wconf 88' lang='lat' dir='ltr'><strong>autoritate</strong></span> <span class='ocrx_word' id='word_1_383' title='bbox 4070 1380 4279 1458; x_wconf 78' lang='lat' dir='ltr'><strong>magis</strong></span> <span class='ocrx_word' id='word_1_384' title='bbox 4322 1399 4524 1463; x_wconf 87' lang='lat' dir='ltr'><strong>quam</strong></span> 
     </span>
     <span class='ocr_line' id='line_1_61' title="bbox 2568 1461 4521 1548; baseline 0.002 -22"><span class='ocrx_word' id='word_1_385' title='bbox 2568 1461 2859 1527; x_wconf 85' lang='lat' dir='ltr'><strong>cuiusvis</strong></span> <span class='ocrx_word' id='word_1_386' title='bbox 2894 1462 3165 1527; x_wconf 87' lang='lat' dir='ltr'><strong>alterius</strong></span> <span class='ocrx_word' id='word_1_387' title='bbox 3200 1472 3640 1528; x_wconf 85' lang='lat' dir='ltr'><strong>moverentur.</strong></span> <span class='ocrx_word' id='word_1_388' title='bbox 3704 1465 4024 1529; x_wconf 87' lang='lat' dir='ltr'><strong>Miserum</strong></span> <span class='ocrx_word' id='word_1_389' title='bbox 4051 1463 4442 1548; x_wconf 75' lang='lat' dir='ltr'><strong>Philippum,</strong></span> <span class='ocrx_word' id='word_1_390' title='bbox 4460 1466 4521 1545; x_wconf 72' lang='grc'><strong>2)</strong></span> 
     </span>
     <span class='ocr_line' id='line_1_62' title="bbox 2570 1548 4522 1634; baseline 0.002 -23"><span class='ocrx_word' id='word_1_391' title='bbox 2570 1568 2762 1629; x_wconf 91' lang='lat' dir='ltr'><strong>quem</strong></span> <span class='ocrx_word' id='word_1_392' title='bbox 2811 1559 2882 1612; x_wconf 89' lang='lat' dir='ltr'><strong>tu</strong></span> <span class='ocrx_word' id='word_1_393' title='bbox 2927 1570 3059 1613; x_wconf 93' lang='lat' dir='ltr'><strong>non</strong></span> <span class='ocrx_word' id='word_1_394' title='bbox 3103 1548 3328 1614; x_wconf 92' lang='lat' dir='ltr'><strong>minus</strong></span> <span class='ocrx_word' id='word_1_395' title='bbox 3371 1560 3567 1632; x_wconf 88' lang='lat' dir='ltr'><strong>atque</strong></span> <span class='ocrx_word' id='word_1_396' title='bbox 3625 1570 3746 1633; x_wconf 89' lang='lat' dir='ltr'><strong>ego</strong></span> <span class='ocrx_word' id='word_1_397' title='bbox 3790 1550 4266 1634; x_wconf 87' lang='lat' dir='ltr'><strong>complecteris,</strong></span> <span class='ocrx_word' id='word_1_398' title='bbox 4326 1549 4522 1616; x_wconf 89' lang='lat' dir='ltr'><strong>modo</strong></span> 
     </span>
     <span class='ocr_line' id='line_1_63' title="bbox 2568 1634 4524 1718; baseline 0.003 -22"><span class='ocrx_word' id='word_1_399' title='bbox 2568 1654 2699 1699; x_wconf 92' lang='lat' dir='ltr'><strong>non</strong></span> <span class='ocrx_word' id='word_1_400' title='bbox 2744 1634 3017 1717; x_wconf 90' lang='lat' dir='ltr'><strong>pedibus</strong></span> <span class='ocrx_word' id='word_1_401' title='bbox 3062 1636 3387 1701; x_wconf 89' lang='lat' dir='ltr'><strong>obterunt.</strong></span> <span class='ocrx_word' id='word_1_402' title='bbox 3478 1635 3587 1699; x_wconf 91' lang='lat' dir='ltr'><strong>Ah</strong></span> <span class='ocrx_word' id='word_1_403' title='bbox 3644 1636 3799 1718; x_wconf 89' lang='lat' dir='ltr'><strong>quid</strong></span> <span class='ocrx_word' id='word_1_404' title='bbox 3845 1637 4155 1713; x_wconf 86' lang='lat' dir='ltr'><strong>scribam,</strong></span> <span class='ocrx_word' id='word_1_405' title='bbox 4218 1658 4524 1703; x_wconf 83' lang='lat' dir='ltr'><strong>reveren-</strong></span> 
     </span>
     <span class='ocr_line' id='line_1_64' title="bbox 2571 1719 4523 1805; baseline 0.003 -22"><span class='ocrx_word' id='word_1_406' title='bbox 2571 1719 2834 1785; x_wconf 91' lang='lat' dir='ltr'><strong>dissime</strong></span> <span class='ocrx_word' id='word_1_407' title='bbox 2879 1720 3025 1786; x_wconf 78' lang='lat' dir='ltr'><strong>vir?</strong></span> <span class='ocrx_word' id='word_1_408' title='bbox 3092 1720 3166 1785; x_wconf 83' lang='lat' dir='ltr'><strong>Si</strong></span> <span class='ocrx_word' id='word_1_409' title='bbox 3211 1721 3319 1787; x_wconf 90' lang='lat' dir='ltr'><strong>hic</strong></span> <span class='ocrx_word' id='word_1_410' title='bbox 3354 1740 3530 1787; x_wconf 90' lang='lat' dir='ltr'><strong>esses</strong></span> <span class='ocrx_word' id='word_1_411' title='bbox 3565 1720 3734 1785; x_wconf 88' lang='lat' dir='ltr'><strong>nihil</strong></span> <span class='ocrx_word' id='word_1_412' title='bbox 3781 1723 4109 1797; x_wconf 88' lang='lat' dir='ltr'><strong>moestius,</strong></span> <span class='ocrx_word' id='word_1_413' title='bbox 4158 1722 4523 1805; x_wconf 75' lang='lat' dir='ltr'><strong>squalidius</strong></span> 
     </span>
     <span class='ocr_line' id='line_1_65' title="bbox 2570 1806 4523 1890; baseline 0.002 -20"><span class='ocrx_word' id='word_1_414' title='bbox 2570 1815 2638 1871; x_wconf 91' lang='lat' dir='ltr'><strong>et</strong></span> <span class='ocrx_word' id='word_1_415' title='bbox 2696 1806 3189 1890; x_wconf 86' lang='lat' dir='ltr'><strong>lacrymabilius</strong></span> <span class='ocrx_word' id='word_1_416' title='bbox 3245 1828 3547 1873; x_wconf 88' lang='lat' dir='ltr'><strong>cerneres</strong></span> <span class='ocrx_word' id='word_1_417' title='bbox 3618 1829 3813 1889; x_wconf 88' lang='lat' dir='ltr'><strong>quam</strong></span> <span class='ocrx_word' id='word_1_418' title='bbox 3872 1810 4177 1875; x_wconf 87' lang='lat' dir='ltr'><strong>ecclesias</strong></span> <span class='ocrx_word' id='word_1_419' title='bbox 4246 1809 4316 1873; x_wconf 92' lang='lat' dir='ltr'><strong>in</strong></span> <span class='ocrx_word' id='word_1_420' title='bbox 4373 1808 4523 1874; x_wconf 86' lang='lat' dir='ltr'><strong>istis</strong></span> 
     </span>
     <span class='ocr_line' id='line_1_66' title="bbox 2571 1891 4522 1980; baseline 0.001 -24"><span class='ocrx_word' id='word_1_421' title='bbox 2571 1891 2976 1976; x_wconf 91' lang='lat' dir='ltr'><strong>regionibus:</strong></span> <span class='ocrx_word' id='word_1_422' title='bbox 3034 1913 3262 1958; x_wconf 91' lang='lat' dir='ltr'><strong>omnes</strong></span> <span class='ocrx_word' id='word_1_423' title='bbox 3319 1892 3791 1978; x_wconf 87' lang='lat' dir='ltr'><strong>propemodum</strong></span> <span class='ocrx_word' id='word_1_424' title='bbox 3847 1896 4149 1976; x_wconf 88' lang='lat' dir='ltr'><strong>spiritum</strong></span> <span class='ocrx_word' id='word_1_425' title='bbox 4205 1899 4309 1958; x_wconf 78' lang='grc' dir='ltr'><strong>καὶ</strong></span> <span class='ocrx_word' id='word_1_426' title='bbox 4364 1893 4522 1980; x_wconf 72' lang='grc' dir='ltr'><strong><em>παῤ-</em></strong></span> 
     </span>
     <span class='ocr_line' id='line_1_67' title="bbox 2572 1976 4525 2064; baseline 0.002 -23"><span class='ocrx_word' id='word_1_427' title='bbox 2572 1978 2785 2062; x_wconf 53' lang='lat' dir='ltr'><strong>anacam</strong></span> <span class='ocrx_word' id='word_1_428' title='bbox 2819 1976 3086 2043; x_wconf 66' lang='lat' dir='ltr'><strong>L-zctheri</strong></span> <span class='ocrx_word' id='word_1_429' title='bbox 3119 1980 3465 2057; x_wconf 89' lang='lat' dir='ltr'><strong>somniant,</strong></span> <span class='ocrx_word' id='word_1_430' title='bbox 3511 2001 3713 2061; x_wconf 90' lang='lat' dir='ltr'><strong>quum</strong></span> <span class='ocrx_word' id='word_1_431' title='bbox 3756 1980 3961 2044; x_wconf 90' lang='lat' dir='ltr'><strong>nihilo</strong></span> <span class='ocrx_word' id='word_1_432' title='bbox 3997 1981 4209 2064; x_wconf 84' lang='lat' dir='ltr'><strong>magis</strong></span> <span class='ocrx_word' id='word_1_433' title='bbox 4245 1980 4328 2046; x_wconf 90' lang='lat' dir='ltr'><strong>ad</strong></span> <span class='ocrx_word' id='word_1_434' title='bbox 4369 2001 4525 2045; x_wconf 90' lang='lat' dir='ltr'><strong>eum</strong></span> 
     </span>
     <span class='ocr_line' id='line_1_68' title="bbox 2572 2063 4525 2149; baseline 0.001 -20"><span class='ocrx_word' id='word_1_435' title='bbox 2572 2063 2949 2129; x_wconf 87' lang='lat' dir='ltr'><strong>conferendi</strong></span> <span class='ocrx_word' id='word_1_436' title='bbox 3020 2085 3162 2129; x_wconf 91' lang='lat' dir='ltr'><strong>esse</strong></span> <span class='ocrx_word' id='word_1_437' title='bbox 3220 2064 3571 2132; x_wconf 85' lang='lat' dir='ltr'><strong>videantur</strong></span> <span class='ocrx_word' id='word_1_438' title='bbox 3628 2086 3826 2147; x_wconf 88' lang='lat' dir='ltr'><strong>quam</strong></span> <span class='ocrx_word' id='word_1_439' title='bbox 3897 2065 4184 2149; x_wconf 89' lang='lat' dir='ltr'><strong>reliquae</strong></span> <span class='ocrx_word' id='word_1_440' title='bbox 4249 2066 4525 2133; x_wconf 89' lang='lat' dir='ltr'><strong>umbrae</strong></span> 
     </span>
     <span class='ocr_line' id='line_1_69' title="bbox 2573 2148 4525 2235; baseline 0.002 -22"><span class='ocrx_word' id='word_1_441' title='bbox 2573 2148 2746 2232; x_wconf 91' lang='lat' dir='ltr'><strong>apud</strong></span> <span class='ocrx_word' id='word_1_442' title='bbox 2812 2150 3055 2215; x_wconf 85' lang='lat' dir='ltr'><strong>inferos</strong></span> <span class='ocrx_word' id='word_1_443' title='bbox 3120 2149 3203 2214; x_wconf 92' lang='lat' dir='ltr'><strong>ad</strong></span> <span class='ocrx_word' id='word_1_444' title='bbox 3269 2151 3588 2216; x_wconf 82' lang='lat' dir='ltr'><strong>Tiresiam</strong></span> <span class='ocrx_word' id='word_1_445' title='bbox 3655 2160 3871 2216; x_wconf 85' lang='lat' dir='ltr'><strong>vatem</strong></span> <span class='ocrx_word' id='word_1_446' title='bbox 3935 2151 4017 2216; x_wconf 91' lang='lat' dir='ltr'><strong>de</strong></span> <span class='ocrx_word' id='word_1_447' title='bbox 4094 2173 4221 2235; x_wconf 91' lang='lat' dir='ltr'><strong>quo</strong></span> <span class='ocrx_word' id='word_1_448' title='bbox 4298 2159 4525 2218; x_wconf 87' lang='lat' dir='ltr'><strong>noster</strong></span> 
     </span>
     <span class='ocr_line' id='line_1_70' title="bbox 2572 2230 4525 2326; baseline 0.002 -27"><span class='ocrx_word' id='word_1_449' title='bbox 2572 2234 2935 2300; x_wconf 81' lang='lat' dir='ltr'><strong>Homerus:</strong></span> <span class='ocrx_word' id='word_1_450' title='bbox 2991 2230 3082 2298; x_wconf 65' lang='grc' dir='ltr'><strong>ὅτι</strong></span> <span class='ocrx_word' id='word_1_451' title='bbox 3125 2234 3251 2311; x_wconf 79' lang='grc' dir='ltr'><em>οἶος</em></span> <span class='ocrx_word' id='word_1_452' title='bbox 3292 2244 3582 2301; x_wconf 77' lang='grc' dir='ltr'><strong>πέπνυται</strong></span> <span class='ocrx_word' id='word_1_453' title='bbox 3622 2239 3743 2301; x_wconf 68' lang='grc' dir='ltr'><strong>τῶν</strong></span> <span class='ocrx_word' id='word_1_454' title='bbox 3782 2240 3842 2302; x_wconf 72' lang='grc' dir='ltr'><strong>ἓν</strong></span> <span class='ocrx_word' id='word_1_455' title='bbox 3885 2233 4057 2326; x_wconf 71' lang='grc' dir='ltr'><em>ᾅδου,</em></span> <span class='ocrx_word' id='word_1_456' title='bbox 4101 2245 4192 2302; x_wconf 79' lang='grc' dir='ltr'><strong>τοὶ</strong></span> <span class='ocrx_word' id='word_1_457' title='bbox 4236 2237 4301 2302; x_wconf 83' lang='grc' dir='ltr'><strong>δὲ</strong></span> <span class='ocrx_word' id='word_1_458' title='bbox 4346 2246 4525 2302; x_wconf 65' lang='grc' dir='ltr'><strong>σπείων</strong></span> 
     </span>
     <span class='ocr_line' id='line_1_71' title="bbox 2571 2319 4525 2408; baseline 0.004 -25"><span class='ocrx_word' id='word_1_459' title='bbox 2571 2319 2872 2385; x_wconf 75' lang='grc' dir='ltr'>ἀΐσσουσι.</span> <span class='ocrx_word' id='word_1_460' title='bbox 2987 2320 3063 2387; x_wconf 84' lang='lat' dir='ltr'><strong>Si</strong></span> <span class='ocrx_word' id='word_1_461' title='bbox 3132 2322 3399 2388; x_wconf 79' lang='lat' dir='ltr'><strong>Iacobus</strong></span> <span class='ocrx_word' id='word_1_462' title='bbox 3475 2330 3857 2406; x_wconf 85' lang='lat' dir='ltr'><strong>exspectare</strong></span> <span class='ocrx_word' id='word_1_463' title='bbox 3936 2324 4251 2390; x_wconf 84' lang='lat' dir='ltr'><strong>voluisset</strong></span> <span class='ocrx_word' id='word_1_464' title='bbox 4328 2324 4525 2408; x_wconf 88' lang='lat' dir='ltr'><strong>plura</strong></span> 
     </span>
     <span class='ocr_line' id='line_1_72' title="bbox 2573 2406 4525 2493; baseline 0.003 -21"><span class='ocrx_word' id='word_1_465' title='bbox 2573 2406 2997 2473; x_wconf 88' lang='lat' dir='ltr'><strong>effunderem.</strong></span> <span class='ocrx_word' id='word_1_466' title='bbox 3090 2409 3273 2473; x_wconf 92' lang='lat' dir='ltr'><strong>Bene</strong></span> <span class='ocrx_word' id='word_1_467' title='bbox 3320 2408 3463 2473; x_wconf 85' lang='lat' dir='ltr'><strong>vale</strong></span> <span class='ocrx_word' id='word_1_468' title='bbox 3488 2459 3501 2486; x_wconf 91' lang='lat'><strong>,</strong></span> <span class='ocrx_word' id='word_1_469' title='bbox 3559 2409 3667 2473; x_wconf 84' lang='lat' dir='ltr'><strong>vir</strong></span> <span class='ocrx_word' id='word_1_470' title='bbox 3717 2410 4249 2493; x_wconf 86' lang='lat' dir='ltr'><strong>incomparabilis</strong></span> <span class='ocrx_word' id='word_1_471' title='bbox 4293 2410 4525 2477; x_wconf 89' lang='lat' dir='ltr'><strong>decus-</strong></span> 
     </span>
     <span class='ocr_line' id='line_1_73' title="bbox 2574 2493 4523 2576; baseline 0.003 -18"><span class='ocrx_word' id='word_1_472' title='bbox 2574 2514 2702 2576; x_wconf 91' lang='lat' dir='ltr'><strong>que</strong></span> <span class='ocrx_word' id='word_1_473' title='bbox 2745 2493 3071 2573; x_wconf 89' lang='lat' dir='ltr'><strong>ecclesiae,</strong></span> <span class='ocrx_word' id='word_1_474' title='bbox 3119 2517 3194 2561; x_wconf 88' lang='lat' dir='ltr'><strong>ac</strong></span> <span class='ocrx_word' id='word_1_475' title='bbox 3242 2494 3691 2562; x_wconf 69' lang='lat' dir='ltr'><strong>Sidamannum</strong></span> <span class='ocrx_word' id='word_1_476' title='bbox 3734 2496 3806 2560; x_wconf 92' lang='lat' dir='ltr'><strong>in</strong></span> <span class='ocrx_word' id='word_1_477' title='bbox 3851 2497 3983 2562; x_wconf 92' lang='lat' dir='ltr'><strong>tuis</strong></span> <span class='ocrx_word' id='word_1_478' title='bbox 4026 2498 4250 2563; x_wconf 89' lang='lat' dir='ltr'><strong>amicis</strong></span> <span class='ocrx_word' id='word_1_479' title='bbox 4294 2497 4523 2563; x_wconf 88' lang='lat' dir='ltr'><strong>scribe.</strong></span> 
     </span>
     <span class='ocr_line' id='line_1_74' title="bbox 2571 2579 3653 2663; baseline 0.001 -19"><span class='ocrx_word' id='word_1_480' title='bbox 2571 2579 2994 2663; x_wconf 84' lang='lat' dir='ltr'><strong>Erphurdiae</strong></span> <span class='ocrx_word' id='word_1_481' title='bbox 3040 2585 3121 2644; x_wconf 83' lang='lat'><strong>24</strong></span> <span class='ocrx_word' id='word_1_482' title='bbox 3163 2580 3339 2645; x_wconf 91' lang='lat' dir='ltr'><strong>VIII</strong></span> <span class='ocrx_word' id='word_1_483' title='bbox 3356 2580 3416 2645; x_wconf 88' lang='lat' dir='ltr'><strong>b.</strong></span> <span class='ocrx_word' id='word_1_484' title='bbox 3471 2585 3653 2646; x_wconf 84' lang='lat'><strong>1554.</strong></span> 
     </span>
    </p>
   </div>
   <div class='ocr_carea' id='block_1_15' title="bbox 3562 2718 4349 2786">
    <p class='ocr_par' dir='ltr' id='par_1_17' title="bbox 3562 2718 4349 2786">
     <span class='ocr_line' id='line_1_75' title="bbox 3562 2718 4349 2786; baseline 0.003 -3"><span class='ocrx_word' id='word_1_485' title='bbox 3562 2719 3896 2785; x_wconf 85' lang='lat' dir='ltr'><strong>Martinus</strong></span> <span class='ocrx_word' id='word_1_486' title='bbox 3942 2718 4349 2786; x_wconf 84' lang='lat' dir='ltr'><strong>Sidemanus.</strong></span> 
     </span>
    </p>
   </div>
   <div class='ocr_carea' id='block_1_16' title="bbox 2575 2887 3918 3233">
    <p class='ocr_par' dir='ltr' id='par_1_18' title="bbox 2575 2887 3918 3233">
     <span class='ocr_line' id='line_1_76' title="bbox 2748 2887 3918 2974; baseline 0 -19"><span class='ocrx_word' id='word_1_487' title='bbox 2748 2887 3027 2955; x_wconf 91' lang='lat' dir='ltr'><strong>Ostendi</strong></span> <span class='ocrx_word' id='word_1_488' title='bbox 3053 2889 3280 2956; x_wconf 82' lang='lat' dir='ltr'><strong>Iacobo</strong></span> <span class='ocrx_word' id='word_1_489' title='bbox 3326 2889 3757 2974; x_wconf 82' lang='lat' dir='ltr'><strong>Carpathium</strong></span> <span class='ocrx_word' id='word_1_490' title='bbox 3804 2912 3918 2956; x_wconf 82' lang='lat' dir='ltr'><strong>ve-</strong></span> 
     </span>
     <span class='ocr_line' id='line_1_77' title="bbox 2576 2975 3916 3061; baseline 0.002 -21"><span class='ocrx_word' id='word_1_491' title='bbox 2576 2984 2786 3040; x_wconf 90' lang='lat' dir='ltr'><strong>terem</strong></span> <span class='ocrx_word' id='word_1_492' title='bbox 2810 2975 3189 3060; x_wconf 89' lang='lat' dir='ltr'><strong>theologum</strong></span> <span class='ocrx_word' id='word_1_493' title='bbox 3216 2997 3448 3061; x_wconf 87' lang='lat' dir='ltr'><strong>graece</strong></span> <span class='ocrx_word' id='word_1_494' title='bbox 3474 2998 3675 3042; x_wconf 88' lang='lat' dir='ltr'><strong>manu</strong></span> <span class='ocrx_word' id='word_1_495' title='bbox 3713 2977 3916 3060; x_wconf 90' lang='lat' dir='ltr'><strong>scrip-</strong></span> 
     </span>
     <span class='ocr_line' id='line_1_78' title="bbox 2575 3060 3915 3146; baseline 0.001 -20"><span class='ocrx_word' id='word_1_496' title='bbox 2575 3069 2720 3127; x_wconf 90' lang='lat' dir='ltr'><strong>tum</strong></span> <span class='ocrx_word' id='word_1_497' title='bbox 2755 3060 2913 3127; x_wconf 91' lang='lat' dir='ltr'><strong>item</strong></span> <span class='ocrx_word' id='word_1_498' title='bbox 2937 3062 3353 3129; x_wconf 81' lang='lat' dir='ltr'><strong>Thalassium</strong></span> <span class='ocrx_word' id='word_1_499' title='bbox 3374 3064 3428 3144; x_wconf 86' lang='lat'><strong>²)</strong></span> <span class='ocrx_word' id='word_1_500' title='bbox 3466 3083 3658 3146; x_wconf 90' lang='lat' dir='ltr'><strong>quem</strong></span> <span class='ocrx_word' id='word_1_501' title='bbox 3695 3071 3915 3130; x_wconf 88' lang='lat' dir='ltr'><strong>tamen</strong></span> 
     </span>
     <span class='ocr_line' id='line_1_79' title="bbox 2576 3147 3723 3233; baseline 0.003 -21"><span class='ocrx_word' id='word_1_502' title='bbox 2576 3167 2896 3213; x_wconf 82' lang='lat' dir='ltr'><strong>excusum</strong></span> <span class='ocrx_word' id='word_1_503' title='bbox 2941 3147 3174 3215; x_wconf 90' lang='lat' dir='ltr'><strong>alicubi</strong></span> <span class='ocrx_word' id='word_1_504' title='bbox 3223 3171 3364 3216; x_wconf 91' lang='lat' dir='ltr'><strong>esse</strong></span> <span class='ocrx_word' id='word_1_505' title='bbox 3409 3150 3723 3233; x_wconf 88' lang='lat' dir='ltr'><strong>suspicor.</strong></span> 
     </span>
    </p>
   </div>
   <div class='ocr_carea' id='block_1_17' title="bbox 3404 3445 3742 3453">
    <p class='ocr_par' dir='ltr' id='par_1_19' title="bbox 3404 3445 3742 3453">
     <span class='ocr_line' id='line_1_80' title="bbox 3404 3445 3742 3453; baseline -0.003 -1"><span class='ocrx_word' id='word_1_506' title='bbox 3404 3445 3742 3453; x_wconf 66' lang='lat'><strong>---.—...</strong></span> 
     </span>
    </p>
   </div>
   <div class='ocr_carea' id='block_1_18' title="bbox 3456 3678 3659 3749">
    <p class='ocr_par' dir='ltr' id='par_1_20' title="bbox 3456 3678 3659 3749">
     <span class='ocr_line' id='line_1_81' title="bbox 3456 3678 3659 3749; baseline 0.005 -1"><span class='ocrx_word' id='word_1_507' title='bbox 3456 3678 3659 3749; x_wconf 76' lang='lat'><strong>2034.</strong></span> 
     </span>
    </p>
   </div>
   <div class='ocr_carea' id='block_1_19' title="bbox 2644 3832 4471 4106">
    <p class='ocr_par' dir='ltr' id='par_1_21' title="bbox 2644 3832 4471 4106">
     <span class='ocr_line' id='line_1_82' title="bbox 2644 3832 4471 3902; baseline 0.002 -3"><span class='ocrx_word' id='word_1_508' title='bbox 2644 3834 2770 3900; x_wconf 84' lang='lat' dir='ltr'><strong>DE</strong></span> <span class='ocrx_word' id='word_1_509' title='bbox 2814 3832 3444 3901; x_wconf 83' lang='lat' dir='ltr'><strong>DEFENSIONIS</strong></span> <span class='ocrx_word' id='word_1_510' title='bbox 3490 3833 3905 3901; x_wconf 88' lang='lat' dir='ltr'>LIBELLO</span> <span class='ocrx_word' id='word_1_511' title='bbox 3950 3836 4035 3902; x_wconf 93' lang='lat' dir='ltr'><strong>D.</strong></span> <span class='ocrx_word' id='word_1_512' title='bbox 4082 3833 4471 3902; x_wconf 82' lang='lat' dir='ltr'>IOANNIS</span> 
     </span>
     <span class='ocr_line' id='line_1_83' title="bbox 2712 3927 4389 4106; baseline 0.002 -103"><span class='ocrx_word' id='word_1_513' title='bbox 2712 3936 3103 4003; x_wconf 82' lang='lat' dir='ltr'>OALVINI</span> <span class='ocrx_word' id='word_1_514' title='bbox 3149 3937 3265 4002; x_wconf 70' lang='lat' dir='ltr'><strong>ET</strong></span> <span class='ocrx_word' id='word_1_515' title='bbox 3311 3936 3822 4106; x_wconf 48' lang='grc' dir='ltr'><strong>ΤῗὲξξίὲῗὲΕ</strong></span> <span class='ocrx_word' id='word_1_516' title='bbox 3868 3927 4389 4009; x_wconf 78' lang='lat' dir='ltr'><strong>EOOLESIAE</strong></span> 
     </span>
    </p>
   </div>
   <div class='ocr_carea' id='block_1_20' title="bbox 2579 4206 4537 4348">
    <p class='ocr_par' dir='ltr' id='par_1_22' title="bbox 2579 4206 4537 4348">
     <span class='ocr_line' id='line_1_84' title="bbox 2579 4206 4537 4280; baseline -0.002 -16"><span class='ocrx_word' id='word_1_517' title='bbox 2579 4211 2691 4276; x_wconf 73' lang='lat' dir='ltr'><strong>(Ex</strong></span> <span class='ocrx_word' id='word_1_518' title='bbox 2726 4209 3063 4280; x_wconf 83' lang='lat' dir='ltr'><strong>autographo</strong></span> <span class='ocrx_word' id='word_1_519' title='bbox 3098 4209 3396 4279; x_wconf 82' lang='lat' dir='ltr'><strong>Bullingeri</strong></span> <span class='ocrx_word' id='word_1_520' title='bbox 3432 4211 3489 4263; x_wconf 88' lang='lat' dir='ltr'><strong>in</strong></span> <span class='ocrx_word' id='word_1_521' title='bbox 3526 4210 3688 4266; x_wconf 80' lang='lat' dir='ltr'><strong>Arch.</strong></span> <span class='ocrx_word' id='word_1_522' title='bbox 3725 4211 3902 4265; x_wconf 80' lang='lat' dir='ltr'><strong>Turio.</strong></span> <span class='ocrx_word' id='word_1_523' title='bbox 3940 4210 4087 4264; x_wconf 90' lang='lat' dir='ltr'><strong>Plut.</strong></span> <span class='ocrx_word' id='word_1_524' title='bbox 4122 4209 4216 4264; x_wconf 88' lang='lat' dir='ltr'><strong>v1.</strong></span> <span class='ocrx_word' id='word_1_525' title='bbox 4252 4210 4374 4266; x_wconf 75' lang='lat' dir='ltr'><strong>Vol.</strong></span> <span class='ocrx_word' id='word_1_526' title='bbox 4416 4206 4537 4278; x_wconf 80' lang='lat'><strong>105,</strong></span> 
     </span>
     <span class='ocr_line' id='line_1_85' title="bbox 2865 4277 4247 4348; baseline 0.001 -14"><span class='ocrx_word' id='word_1_527' title='bbox 2865 4280 2934 4334; x_wconf 82' lang='lat' dir='ltr'><strong>al.</strong></span> <span class='ocrx_word' id='word_1_528' title='bbox 2971 4280 3116 4348; x_wconf 84' lang='lat' dir='ltr'><strong>Epp.</strong></span> <span class='ocrx_word' id='word_1_529' title='bbox 3154 4279 3216 4335; x_wconf 87' lang='grc' dir='ltr'><strong>Τ.</strong></span> <span class='ocrx_word' id='word_1_530' title='bbox 3251 4281 3297 4333; x_wconf 93' lang='lat'><strong>1.</strong></span> <span class='ocrx_word' id='word_1_531' title='bbox 3331 4279 3424 4333; x_wconf 85' lang='lat' dir='ltr'><strong>fol.</strong></span> <span class='ocrx_word' id='word_1_532' title='bbox 3463 4277 3581 4333; x_wconf 76' lang='lat'><strong>612.</strong></span> <span class='ocrx_word' id='word_1_533' title='bbox 3619 4308 3685 4319; x_wconf 96' lang='lat'><strong>—</strong></span> <span class='ocrx_word' id='word_1_534' title='bbox 3722 4279 3932 4335; x_wconf 85' lang='lat' dir='ltr'><strong>Simler.</strong></span> <span class='ocrx_word' id='word_1_535' title='bbox 3970 4279 4099 4333; x_wconf 91' lang='lat' dir='ltr'><strong>Vol.</strong></span> <span class='ocrx_word' id='word_1_536' title='bbox 4136 4277 4247 4346; x_wconf 86' lang='lat'><strong>83.)</strong></span> 
     </span>
    </p>
   </div>
   <div class='ocr_carea' id='block_1_21' title="bbox 3116 4449 3998 4517">
    <p class='ocr_par' dir='ltr' id='par_1_23' title="bbox 3116 4449 3998 4517">
     <span class='ocr_line' id='line_1_86' title="bbox 3116 4449 3998 4517; baseline 0 -2"><span class='ocrx_word' id='word_1_537' title='bbox 3116 4449 3223 4515; x_wconf 85' lang='lat' dir='ltr'><strong>Ad</strong></span> <span class='ocrx_word' id='word_1_538' title='bbox 3266 4449 3583 4516; x_wconf 87' lang='lat' dir='ltr'><strong>Ioannem</strong></span> <span class='ocrx_word' id='word_1_539' title='bbox 3627 4451 3998 4517; x_wconf 82' lang='lat' dir='ltr'><strong>Calvinum.</strong></span> 
     </span>
    </p>
   </div>
   <div class='ocr_carea' id='block_1_22' title="bbox 2587 4577 4536 4743">
    <p class='ocr_par' dir='ltr' id='par_1_24' title="bbox 2587 4577 4536 4743">
     <span class='ocr_line' id='line_1_87' title="bbox 2754 4577 4535 4674; baseline 0.001 -23"><span class='ocrx_word' id='word_1_540' title='bbox 2754 4585 2822 4652; x_wconf 81' lang='lat' dir='ltr'><strong>S.</strong></span> <span class='ocrx_word' id='word_1_541' title='bbox 2872 4587 2955 4652; x_wconf 92' lang='lat' dir='ltr'><strong>D.</strong></span> <span class='ocrx_word' id='word_1_542' title='bbox 3025 4586 3344 4671; x_wconf 87' lang='lat' dir='ltr'><strong>Legimus</strong></span> <span class='ocrx_word' id='word_1_543' title='bbox 3402 4588 3682 4674; x_wconf 89' lang='lat' dir='ltr'><strong>diligens</strong></span> <span class='ocrx_word' id='word_1_544' title='bbox 3742 4587 3905 4653; x_wconf 90' lang='lat' dir='ltr'><strong>illud</strong></span> <span class='ocrx_word' id='word_1_545' title='bbox 3960 4586 4279 4672; x_wconf 88' lang='lat' dir='ltr'><strong>seriptum</strong></span> <span class='ocrx_word' id='word_1_546' title='bbox 4320 4577 4535 4670; x_wconf 81' lang='lat' dir='ltr'><strong>tuum,</strong></span> 
     </span>
     <span class='ocr_line' id='line_1_88' title="bbox 2587 4670 4536 4743; baseline 0.003 -5"><span class='ocrx_word' id='word_1_547' title='bbox 2587 4670 2844 4738; x_wconf 77' lang='lat' dir='ltr'><strong>Calvino</strong></span> <span class='ocrx_word' id='word_1_548' title='bbox 2888 4671 3149 4739; x_wconf 91' lang='lat' dir='ltr'><strong>domine</strong></span> <span class='ocrx_word' id='word_1_549' title='bbox 3188 4674 3590 4741; x_wconf 88' lang='lat' dir='ltr'><strong>honorabilis</strong></span> <span class='ocrx_word' id='word_1_550' title='bbox 3636 4681 3703 4738; x_wconf 93' lang='lat' dir='ltr'><strong>et</strong></span> <span class='ocrx_word' id='word_1_551' title='bbox 3746 4674 3950 4739; x_wconf 85' lang='lat' dir='ltr'><strong>frater</strong></span> <span class='ocrx_word' id='word_1_552' title='bbox 3992 4675 4064 4739; x_wconf 88' lang='lat' dir='ltr'><strong>in</strong></span> <span class='ocrx_word' id='word_1_553' title='bbox 4109 4673 4377 4742; x_wconf 80' lang='lat' dir='ltr'><strong>Christo</strong></span> <span class='ocrx_word' id='word_1_554' title='bbox 4421 4696 4536 4743; x_wconf 79' lang='lat' dir='ltr'><strong>ca·-</strong></span> 
     </span>
    </p>
   </div>
   <div class='ocr_carea' id='block_1_23' title="bbox 2584 4796 2993 4806">
    <p class='ocr_par' dir='ltr' id='par_1_25' title="bbox 2584 4796 2993 4806">
     <span class='ocr_line' id='line_1_89' title="bbox 2584 4796 2993 4806; baseline 0 0"><span class='ocrx_word' id='word_1_555' title='bbox 2584 4796 2993 4806; x_wconf 95' lang='lat' dir='ltr'><strong> </strong></span> 
     </span>
    </p>
   </div>
   <div class='ocr_carea' id='block_1_24' title="bbox 2577 4857 4539 5410">
    <p class='ocr_par' dir='ltr' id='par_1_26' title="bbox 2577 4857 4539 5410">
     <span class='ocr_line' id='line_1_90' title="bbox 2782 4857 4499 4932; baseline -0.001 -17"><span class='ocrx_word' id='word_1_556' title='bbox 2782 4860 2845 4929; x_wconf 83' lang='lat'><strong>2)</strong></span> <span class='ocrx_word' id='word_1_557' title='bbox 2880 4861 3067 4917; x_wconf 74' lang='lat' dir='ltr'><strong>Habes</strong></span> <span class='ocrx_word' id='word_1_558' title='bbox 3104 4862 3510 4932; x_wconf 66' lang='lat' dir='ltr'><strong>Phaippistam.</strong></span> <span class='ocrx_word' id='word_1_559' title='bbox 4493 4857 4499 4862; x_wconf 78' lang='grc'>’</span> 
     </span>
     <span class='ocr_line' id='line_1_91' title="bbox 2783 4929 4539 5002; baseline 0.001 -18"><span class='ocrx_word' id='word_1_560' title='bbox 2783 4930 2847 4998; x_wconf 85' lang='grc'><strong>3)</strong></span> <span class='ocrx_word' id='word_1_561' title='bbox 2884 4931 3127 4985; x_wconf 71' lang='lat' dir='ltr'><strong>Ioannes</strong></span> <span class='ocrx_word' id='word_1_562' title='bbox 3159 4934 3445 5000; x_wconf 70' lang='lat' dir='ltr'><strong>episeopus</strong></span> <span class='ocrx_word' id='word_1_563' title='bbox 3485 4930 3700 4986; x_wconf 67' lang='lat' dir='ltr'><strong>insuaue</strong></span> <span class='ocrx_word' id='word_1_564' title='bbox 3739 4929 4010 5002; x_wconf 71' lang='lat' dir='ltr'><strong>carpathi</strong></span> <span class='ocrx_word' id='word_1_565' title='bbox 4053 4948 4193 4990; x_wconf 75' lang='lat' dir='ltr'><strong>saec.</strong></span> <span class='ocrx_word' id='word_1_566' title='bbox 4241 4930 4413 4987; x_wconf 83' lang='lat' dir='ltr'><strong><em>VIII.</em></strong></span> <span class='ocrx_word' id='word_1_567' title='bbox 4448 4932 4539 4986; x_wconf 74' lang='grc' dir='ltr'><strong>ἑοι-</strong></span> 
     </span>
     <span class='ocr_line' id='line_1_92' title="bbox 2579 4998 4539 5123; baseline 0.002 -69"><span class='ocrx_word' id='word_1_568' title='bbox 2579 5006 2735 5056; x_wconf 73' lang='lat' dir='ltr'><strong>eunte</strong></span> <span class='ocrx_word' id='word_1_569' title='bbox 2785 5000 3004 5123; x_wconf 52' lang='lat' dir='ltr'><strong>cerigni!</strong></span> <span class='ocrx_word' id='word_1_570' title='bbox 3053 5000 3398 5082; x_wconf 68' lang='lat' dir='ltr'><strong>Doqumenta</strong></span> <span class='ocrx_word' id='word_1_571' title='bbox 3440 4998 3760 5080; x_wconf 51' lang='lat' dir='ltr'><strong>spiritualia</strong></span> <span class='ocrx_word' id='word_1_572' title='bbox 3806 5007 3857 5055; x_wconf 79' lang='lat' dir='ltr'><strong>et</strong></span> <span class='ocrx_word' id='word_1_573' title='bbox 3908 4999 4060 5070; x_wconf 68' lang='lat' dir='ltr'><strong>Opus</strong></span> <span class='ocrx_word' id='word_1_574' title='bbox 4105 5000 4539 5058; x_wconf 62' lang='lat' dir='ltr'><strong>consolationum</strong></span> 
     </span>
     <span class='ocr_line' id='line_1_93' title="bbox 2580 5067 4537 5209; baseline 0.001 -17"><span class='ocrx_word' id='word_1_575' title='bbox 2580 5068 2719 5192; x_wconf 64' lang='lat' dir='ltr'><strong>‘iiim</strong></span> <span class='ocrx_word' id='word_1_576' title='bbox 2766 5137 2819 5192; x_wconf 81' lang='lat'><strong>4.</strong></span> <span class='ocrx_word' id='word_1_577' title='bbox 2884 5067 3090 5193; x_wconf 59' lang='grc' dir='ltr'><strong>ηῗιιαιε</strong></span> <span class='ocrx_word' id='word_1_578' title='bbox 3132 5140 3144 5151; x_wconf 96' lang='grc'><em>·</em></span> <span class='ocrx_word' id='word_1_579' title='bbox 3483 5070 3688 5193; x_wconf 51' lang='lat' dir='ltr'><strong>‘m</strong></span> <span class='ocrx_word' id='word_1_580' title='bbox 3705 5068 3946 5209; x_wconf 52' lang='lat'><strong>‘4‘121131‘9</strong></span> <span class='ocrx_word' id='word_1_581' title='bbox 3968 5069 4537 5196; x_wconf 45' lang='lat' dir='ltr'><strong>rmnffiLIu-ggtdsg</strong></span> 
     </span>
     <span class='ocr_line' id='line_1_94' title="bbox 2578 5153 4539 5276; baseline 0.001 -13"><span class='ocrx_word' id='word_1_582' title='bbox 2578 5208 2806 5276; x_wconf 69' lang='lat' dir='ltr'><strong>scripsit</strong></span> <span class='ocrx_word' id='word_1_583' title='bbox 2850 5153 3255 5262; x_wconf 54' lang='lat' dir='ltr'><strong>Hecatonffioe</strong></span> <span class='ocrx_word' id='word_1_584' title='bbox 3299 5207 3399 5262; x_wconf 84' lang='lat' dir='ltr'><strong>IV.</strong></span> <span class='ocrx_word' id='word_1_585' title='bbox 3444 5154 3530 5262; x_wconf 54' lang='lat'><strong>2⁰</strong></span> <span class='ocrx_word' id='word_1_586' title='bbox 3567 5155 3800 5263; x_wconf 48' lang='lat' dir='ltr'><strong>curiale</strong></span> <span class='ocrx_word' id='word_1_587' title='bbox 3855 5156 4191 5265; x_wconf 45' lang='lat' dir='ltr'><strong>connum&amp;</strong></span> <span class='ocrx_word' id='word_1_588' title='bbox 4234 5214 4284 5265; x_wconf 73' lang='lat' dir='ltr'><strong>ei</strong></span> <span class='ocrx_word' id='word_1_589' title='bbox 4338 5208 4539 5263; x_wconf 62' lang='lat' dir='ltr'><strong>men&amp;</strong></span> 
     </span>
     <span class='ocr_line' id='line_1_95' title="bbox 2577 5275 4539 5410; baseline 0.001 -80"><span class='ocrx_word' id='word_1_590' title='bbox 2577 5277 2856 5402; x_wconf 46' lang='lat' dir='ltr'><strong>immine,</strong></span> <span class='ocrx_word' id='word_1_591' title='bbox 2924 5342 3028 5398; x_wconf 63' lang='grc'><strong>624</strong></span> <span class='ocrx_word' id='word_1_592' title='bbox 3060 5277 3393 5410; x_wconf 32' lang='lat' dir='ltr'><strong>{plagata</strong></span> <span class='ocrx_word' id='word_1_593' title='bbox 3412 5277 3664 5347; x_wconf 69' lang='lat' dir='ltr'><strong>lequnttcr</strong></span> <span class='ocrx_word' id='word_1_594' title='bbox 3710 5278 3772 5332; x_wconf 75' lang='lat' dir='ltr'><strong>in</strong></span> <span class='ocrx_word' id='word_1_595' title='bbox 3807 5276 4026 5335; x_wconf 77' lang='lat' dir='ltr'><strong>Ducaei</strong></span> <span class='ocrx_word' id='word_1_596' title='bbox 4070 5285 4121 5335; x_wconf 72' lang='lat' dir='ltr'><strong>et</strong></span> <span class='ocrx_word' id='word_1_597' title='bbox 4156 5278 4400 5335; x_wconf 69' lang='lat' dir='ltr'><strong>Morellio‘</strong></span> <span class='ocrx_word' id='word_1_598' title='bbox 4434 5275 4539 5331; x_wconf 69' lang='lat' dir='ltr'><strong>Bo·-</strong></span> 
     </span>
    </p>
   </div>
  </div>
 </body>
</html>
