4850 6200
436 404 563 469 ³56

1318 586 1512 660 2⁰⁶7.

803 725 1473 796 BULLINGERUS
1509 722 2016 794 GARNERIO.

437 985 862 1071 Anaeticam
904 983 984 1051 ab
1025 981 1648 1084 Arycatoratmibus
1687 981 1991 1064 requisita
2032 982 2122 1047 ita
2162 980 2273 1047 dat
2309 985 2380 1046 ut

445 1072 523 1136 in
563 1069 822 1137 anticulo
854 1069 931 1134 de
950 1088 1134 1135 coena
1172 1068 1299 1135 snb·
1333 1088 1375 1133 a
1397 1087 1607 1135 crasso
1647 1072 1859 1135 caveat
1879 1066 2377 1144 Laedheranm,

452 1154 524 1222 in
556 1155 806 1222 caderis
844 1175 985 1222 vero
1017 1153 1279 1221 candide
1315 1152 1653 1235 forandam
1684 1151 1963 1234 recipiat.

455 1323 936 1465 ammai
965 1319 2382 1461 ιιιὼθψιιιιῶιιῐοιιὲιιιςιοιιι

880 1460 1290 1530 subscriptione.
1329 1487 1392 1499 -
1428 1459 1642 1515 Simler.
1678 1458 1803 1514 Vol.
1839 1456 1955 1524 88.)

496 1718 511 1733 ·
626 1631 864 1698 Multis
906 1630 988 1697 ab
1024 1630 1211 1696 initio
1254 1650 1530 1714 expone,
1557 1632 1605 1705 1)
1631 1650 1763 1729 ‘cur
1801 1629 2146 1696 videantur
2186 1630 2381 1730 Prin-

455 1716 1045 1870 &malm
1061 1726 1435 1866 mmm
1451 1735 2383 1885 fffflffizzoez‘znffi‘ffl}

456 1889 548 1954 tia
590 1894 657 1954 et
690 1886 992 1953 videatur
1033 1888 1087 1954 si
1132 1887 1153 1951 i
1197 1885 1453 1952 abunde
1505 1896 1788 1965 cautum,
1842 1887 1899 1953 si
1955 1886 2175 1954 dicant
2227 1908 2383 1954 con-

455 1970 737 2040 corditer
807 1972 988 2039 illam
1072 1992 1143 2038 se
1215 1973 1344 2038 reci
1430 1992 1528 2037 re:
1609 1970 1783 2056 quod
1856 1972 2050 2039 istam
2134 1970 2384 2038 dudum

455 2057 701 2125 ansar
742 2058 910 2123 ferre
964 2078 1083 2124 nec
1138 2058 1349 2140 impro
1592 2057 1910 2134 videatur,
1969 2077 2169 2141 quum
2216 2057 2383 2123 mihi

453 2144 669 2227 potius
711 2143 1059 2210 videantur
1100 2143 1322 2208 hostes
1368 2143 1658 2209 veritatis
1701 2163 1828 2208 nou
1874 2152 2013 2208 tam
2053 2142 2381 2226 requirere

457 2242 536 2294 ut
625 2227 819 2294 fidem
925 2229 1346 2313 profiteamur
1443 2226 1798 2295 secuudum
1901 2225 2383 2294 Confessionem

456 2316 939 2399 Augustanam,
995 2334 1191 2397 quam
1241 2324 1315 2378 ut
1376 2313 1621 2379 nullam
1697 2314 2116 2397 profiteamur
2179 2323 2245 2379 st
2311 2314 2381 2378 in

457 2406 748 2465 veterem
824 2401 1000 2464 viam
1074 2398 1433 2464 redeamus.
1551 2398 1872 2479 Quocirca
1949 2398 2386 2464 adhortandos

454 2505 679 2550 omnes
720 2482 802 2549 ad
846 2485 1279 2551 constantiam
1323 2485 1389 2549 iu
1434 2485 1728 2549 confessa
1761 2485 2056 2551 veritate.
2159 2485 2383 2568 Lapsu

455 2571 628 2635 enim
669 2569 1018 2655 Anglicani
1053 2570 1239 2654 regui
1281 2570 1693 2636 confirmatos
1757 2569 2087 2655 episcopos
2140 2591 2406 2656 magna·

455 2664 840 2722 tentaturos.
942 2653 1133 2722 Unde
1188 2674 1466 2738 aequum
1511 2676 1672 2734 esse,
1717 2665 1790 2720 ut
1844 2665 1909 2720 et
1950 2677 2069 2722 uos
2111 2676 2381 2741 praepa·

454 2760 677 2807 remur
723 2738 805 2805 ad
849 2761 1152 2825 pugnam.
1242 2739 1390 2806 Nou
1437 2740 1812 2806 defuturum
1854 2743 2231 2807 Dominum.

624 2825 1113 2892 Oonfessionem
1160 2826 1614 2910 Augustauam
1672 2836 1739 2892 te
1792 2847 1949 2893 sano
2012 2848 2211 2894 sensu
2266 2827 2381 2892 ad·

449 2912 805 2978 missurum
847 2907 1242 2996 respondere
1514 2962 1529 2989 ,
1591 2912 1648 2976 si
1703 2932 1894 2978 nomo
1951 2912 2256 2979 videlicet
2312 2923 2379 2979 te

451 3018 602 3064 cum
643 2996 910 3063 ecclesia
953 2994 1176 3080 adigat
1216 2996 1407 3061 fateri
1442 2996 1778 3063 Christum
1812 2996 2039 3064 adesse
2080 3018 2379 3081 corpora-

341 3133 354 3144 .
449 3082 602 3150 liter
642 3090 711 3148 et
750 3081 1096 3147 carnaliter
1133 3080 1396 3166 percipi,
1450 3080 1563 3148 scd
1605 3081 1702 3147 ita
1744 3081 1969 3150 adesse
2010 3090 2078 3150 et
2111 3084 2378 3169 percipi,

450 3177 529 3234 ut
609 3166 930 3233 hactenus
1006 3177 1073 3231 et
1156 3175 1349 3232 vetus
1426 3189 1466 3233 a
1553 3178 1844 3250 tempore
1939 3169 2377 3252 apostolorum

454 3251 725 3320 ecclesia
768 3260 835 3316 et
876 3262 1094 3318 vestra
1137 3251 1413 3318 credidit
1474 3250 1698 3319 adesse
1744 3263 1810 3318 et
1864 3254 2128 3337 percipi.
2230 3255 2380 3321 Hac

455 3339 527 3403 in
590 3358 664 3402 re
726 3357 861 3403 non
925 3335 1374 3422 imprudenter
1438 3338 1647 3421 egisse
1711 3337 1905 3404 audio
1967 3339 2052 3404 D.
2123 3338 2381 3407 Petrum

454 3421 805 3508 Diu-tyran
844 3423 1233 3506 requisitum
1254 3432 1322 3488 st
1362 3423 1605 3506 ipsum:
1625 3425 1679 3503 ²)
1724 3424 1835 3509 qui
1871 3444 2071 3509 quum
2138 3426 2383 3493 uotidie

452 3516 669 3577 tecum
713 3508 819 3587 sit,
863 3508 1003 3575 eius
1036 3528 1291 3592 quoque
1325 3508 1591 3576 consilio
1628 3510 1726 3575 uti
1758 3511 2016 3593 poteris.
2141 3511 2381 3579 issidiis

453 3605 520 3661 et
561 3592 1082 3684 contentionibus
1126 3595 1214 3677 pii
1257 3615 1386 3660 non
1429 3594 1665 3661 debent
1706 3595 1907 3662 ullam
1952 3597 2380 3664 occasionem:

454 3679 725 3764 proinde
767 3678 932 3745 nihil
997 3679 1364 3747 concedunt
1417 3681 1865 3765 imprudenter
1927 3681 2099 3749 unde
2159 3693 2382 3769 postea

455 3766 614 3831 oriri
818 3773 939 3831 unt
1001 3763 1266 3832 dissidia
1320 3774 1386 3832 et
1450 3768 1976 3834 concertationes.
2098 3771 2191 3834 At
2252 3769 2382 3835 nisi

454 3849 647 3918 caudi
693 3871 730 3916 e
764 3860 831 3917 et
870 3850 1121 3918 sincere
1162 3871 1433 3937 agamus
1475 3852 1544 3917 in
1589 3851 1907 3932 omnibus,
1963 3854 2181 3921 nescio
2225 3874 2382 3938 quo-

455 3935 648 4003 modo
702 3936 825 4002 hoc
865 3957 1010 4003 esse
1051 3939 1372 4021 possimus
1424 3937 1597 4022 quod
1640 3936 1933 4005 dicimur.
2022 3937 2383 4024 Speramus

456 4020 639 4088 brevi
704 4021 1031 4088 editurum
1095 4024 1178 4088 D.
1249 4020 1581 4089 Calvinum
1650 4025 1967 4108 scriptum
2030 4023 2381 4108 publicum,

454 4128 582 4191 quo
603 4115 863 4173 tueatur
883 4115 950 4173 et
989 4107 1271 4173 illustret
1306 4117 1598 4175 nostram
1630 4111 2120 4178 consensionem
2154 4121 2385 4177 contra

454 4192 973 4269 calumniatores,
1031 4193 1557 4278 occasionemque
1609 4194 2174 4280 suppeditaturum
2229 4197 2383 4263 filiis

456 4279 635 4362 pacis
677 4276 995 4343 redeundi
1036 4279 1106 4341 in
1160 4278 1335 4344 viam
1386 4280 1626 4345 iustam
1686 4280 2147 4365 deserendique
2197 4281 2381 4349 illam

455 4363 782 4430 carnalem
826 4361 906 4427 de
948 4383 1150 4429 coena
1194 4364 1463 4429 Domini
1505 4366 1876 4448 opinionem
1929 4376 1996 4432 et
2051 4378 2381 4434 concerta-

455 4450 719 4516 tionem.
821 4448 1146 4514 Dominus
1197 4448 1384 4515 Iesus
1440 4449 1614 4516 adsit
1678 4451 1862 4518 nobis
1918 4460 1986 4519 et
2041 4463 2261 4521 servet
2308 4454 2380 4519 in

454 4543 684 4602 sancta
713 4553 834 4601 sua
872 4535 1152 4600 veritate
1194 4536 1263 4600 in
1303 4537 1500 4601 finem
1545 4557 1765 4620 usque.
1884 4535 2113 4605 Serius
2154 4539 2383 4607 scribo.

452 4619 670 4771 l(gitius
713 4640 845 4686 uon
885 4621 1090 4704 potui.
1177 4620 1533 4686 Benedicat
1583 4623 1891 4689 ecclesiae
1944 4644 2100 4689 suae
2156 4632 2223 4690 et
2264 4625 2382 4692 tibi

520 4727 795 4772 ominus.

451 4907 620 4964 2007
625 4946 637 4961 .
659 4908 712 4974 1)
745 4909 901 4965 Haec
920 4915 1131 4964 tantam
1152 4910 1502 4966 adumbratio
1529 4917 1610 4967 est
1639 4913 1892 4981 rasponus·
1912 4910 2187 4968 aemerio
2210 4913 2388 4971 dandi

443 4978 528 5031 ‘a
558 4992 715 5106 ⁸⁸⁰ss
814 5018 828 5032 ⁸
863 4976 1080 5118 Nquam
1118 5019 1204 5101 ad
1255 5047 1641 5115 waradonem
1687 5049 2035 5121 theoboican
2078 5058 2378 5107 vocaretur.

423 5111 735 5181 (Sole-mit,
781 5115 949 5171 Vm.
982 5131 1035 5186 ρ.
1073 5114 1179 5170 140
1209 5120 1261 5171 se
1298 5116 1583 5186 Mau-baclo,
1617 5115 1807 5187 Dias.)

1933 397 2455 469 EPlsmoLAn
2498 400 2920 465 2067—2070

2425 5237 2431 5278 1

4283 396 4406 460 856

3343 581 3548 656 2⁰⁶8.

2963 719 3431 790 OALVINUS
3474 717 3935 788 PARELLO.

2662 892 3026 960 Turicenscs
3088 892 3439 978 probarunt
3520 892 3927 974 posteriorem
4009 888 4410 974 Deff‘mionis

2481 974 4405 1062 recemionmautedatursinewbsoripuonibuspostam.

2488 1061 4410 1144 Geuevmisoenatusanteamwaembiioiendampm-

2482 1150 3855 1234 wmsitssdyravitcreirespmumest.

2485 1320 2595 1388 (Ex
2630 1319 2794 1375 autho
2863 1319 3005 1390 aphc
3041 1318 3168 1375 Ood.
3188 1318 3388 1375 (ἔθυον.
3423 1316 3567 1374 107⁸.
3597 1318 3690 1373 fol.
3721 1317 3809 1386 86,
3841 1317 3963 1373 coll.
3990 1333 4036 1371 c.
4055 1332 4176 1372 cxx.
4215 1316 4411 1372 Turre-

2486 1390 2589 1444 tini
2624 1388 2757 1444 ood.
2824 1387 2910 1455 08,
2943 1389 3037 1443 fol.
3071 1387 3157 1454 21,
3191 1388 3451 1512 Bernvegilsi
3467 1387 3627 1520 &gp
3645 1386 3739 1442 VI.
3776 1404 3828 1457 p.
3846 1384 3967 1453 362,
4000 1390 4058 1440 et
4090 1383 4411 1441 Simiou-iano

2484 1610 3060 1679 Praestantissimo
3137 1609 3381 1677 Christi
3458 1629 3649 1676 servo
3715 1607 4074 1676 Guillelmo
4152 1607 4413 1676 Farello

2485 1696 2944 1764 Neocomensis
2998 1695 3306 1765 ccclesiae
3361 1694 3491 1762 fido
3545 1695 3810 1780 pastori,
3870 1694 4059 1760 fratri
4116 1702 4181 1760 et
4232 1714 4412 1780 sym-

3083 1792 3337 1867 mystae
3377 1780 3815 1866 integerrimo.

2653 1915 2724 1985 S.
2771 1917 2970 1984 Mitto
2990 1917 3073 1984 ad
3117 1925 3182 1983 te
3208 1918 3674 2003 Tigurinorum
3709 1916 3931 1984 literas
3957 1916 4009 2001 ¹)
4051 1938 4132 1984 ex
4177 1917 4413 2001 quibus

2483 2002 2808 2088 intelliges
2862 2002 3032 2087 quod
3086 2003 3204 2070 tibi
3266 2001 3621 2071 iucundum
3674 2002 3814 2069 fore
3877 2002 4027 2083 scio,
4092 2001 4412 2087 placuisse

2481 2087 2613 2154 illis
2632 2089 2775 2155 sine
2796 2089 3174 2188 exceptione
3206 2089 3525 2173 posterius
3547 2107 3765 2155 meum
3799 2088 4132 2173 scriptum,
4178 2087 4413 2156 deinde

2486 2175 2722 2240 mutati
2796 2174 3051 2241 consilii
3125 2175 3462 2240 rationem.
3583 2173 3752 2239 Nam
3830 2175 4264 2259 promiserant
4340 2193 4412 2240 sc

2486 2279 2749 2344 operam
2772 2259 3055 2339 daturos,
3096 2269 3175 2325 ut
3195 2259 3359 2327 liber
3380 2281 3499 2326 sua
3540 2266 3605 2326 ct
3640 2259 3914 2325 aliorum
3935 2260 4411 2343 subscriptione

2486 2356 2755 2412 ornatus
2808 2347 2878 2411 in
2942 2345 3274 2430 publicum
3329 2346 3557 2411 exiret.
3686 2344 3880 2411 Nunc
3941 2345 4276 2428 postulant
4337 2353 4411 2410 ut

2485 2451 2680 2514 quam
2766 2432 3052 2515 primum
3133 2429 3378 2523 edatur.
3499 2429 3891 2513 Quanquam
3967 2440 4186 2495 autem
4263 2450 4412 2514 pro-

2485 2516 2686 2600 spicio
2723 2538 2857 2582 non
2891 2516 3191 2583 omnibus
3225 2524 3482 2602 gratam
3516 2517 3652 2581 fore
3687 2536 3898 2581 meam
3932 2515 4411 2593 confidentiam,

2484 2600 2712 2668 videor
2774 2612 2992 2668 tamen
3072 2623 3205 2668 uon
3269 2602 3509 2687 absque
3590 2601 3821 2668 validis
3896 2600 4249 2667 rationibus
4323 2622 4412 2666 ex

2482 2708 2707 2754 corum
2730 2697 2881 2754 voto
2903 2709 3264 2772 properare,
3287 2707 3446 2770 quas
3467 2687 3587 2753 tibi
3616 2707 3733 2753 suo
3758 2694 4046 2770 tempore
4068 2705 4409 2772 exponam.

2482 2772 2731 2838 Parum
2772 2780 2995 2839 tamen
3038 2772 3244 2840 abfuit
3276 2772 3435 2856 quin
3480 2772 3777 2839 Vulcano
3815 2772 4179 2839 dicaverim.
4238 2771 4412 2837 Nam

2480 2878 2683 2941 quum
2740 2860 2989 2925 senatui
3045 2857 3439 2937 obtulissem,
3480 2856 3812 2925 decretum
3844 2858 3970 2924 fuit
4010 2866 4088 2923 ut
4126 2858 4412 2925 censori-

2482 2943 2603 3011 bus
2645 2942 2928 3010 daretur.
2950 2946 2978 2985 ²
3093 2943 3278 3011 Adeo
3321 2943 3642 3011 excandui
3663 2953 3921 3028 accepto
3965 2964 4290 3027 responso,
4334 2951 4413 3009 ut

2480 3036 2761 3114 quatuor
2830 3050 2954 3115 syn
3005 3029 3116 3096 ‘cis
3183 3036 3459 3096 testatus
3525 3029 3650 3096 sim
3669 3080 3684 3107 ,
3747 3028 3803 3094 si
3855 3028 4035 3094 mille
4090 3049 4410 3095 annorum

2484 3114 2647 3181 mihi
2687 3124 2861 3182 esset
2902 3116 3057 3196 vita,
3111 3115 3277 3181 nihil
3331 3115 3601 3198 posthac
3642 3135 3748 3181 me
3791 3114 4121 3181 editurum
4174 3116 4244 3181 in
4289 3115 4413 3180 hac

2482 3201 2659 3267 urbe.
2747 3199 2857 3267 Ad
2898 3221 3122 3267 eorum
3165 3201 3590 3267 contumelias
3635 3200 3886 3285 pridem
3926 3199 4213 3267 occallui.
4271 3198 4410 3267 Sed

2482 3285 2606 3354 hoc
2647 3286 2843 3353 nimis
2884 3285 3230 3372 indignum
3262 3286 3406 3367 fuit,
3452 3307 3651 3370 quum
3694 3286 3918 3351 literas
3951 3284 4410 3365 exhibuissem,

2482 3370 2719 3456 quibus
2782 3379 3003 3439 sancte
3066 3372 3365 3456 Tigurini
3438 3392 3508 3439 se
3573 3371 3991 3456 obstringunt
4052 3379 4119 3437 et
4180 3392 4409 3438 omnes

2485 3457 2769 3542 collegae
2825 3458 2953 3523 mei
3012 3457 3183 3523 idem
3229 3458 3689 3536 asseruissent,
3756 3456 3918 3523 alios
3974 3457 4187 3525 adhuc
4257 3478 4410 3524 cen-

2484 3562 2661 3609 sores
2702 3543 2941 3626 quaeri.
2992 3541 3181 3609 Adde
3222 3540 3396 3626 quod
3429 3545 3671 3610 recenti
3714 3542 3984 3611 vulnere
4017 3563 4129 3609 cor
4161 3541 4416 3609 laesum

2484 3627 2656 3695 hanc
2707 3627 2903 3694 bilem
2958 3628 3319 3713 promptius
3374 3630 3680 3695 evomuit.
3795 3627 3965 3694 Nam
4022 3629 4134 3694 vix
4187 3626 4415 3695 credas

2488 3734 2684 3797 quam
2736 3713 3027 3799 improbe
3081 3735 3294 3800 nuper
3372 3712 3581 3780 Besae
3637 3712 3982 3792 illuserint,
4014 3717 4066 3794 α)
4129 3713 4252 3780 hoc
4311 3722 4413 3779 est

2486 3798 2702 3865 triduo
2774 3807 2928 3866 ante
2995 3821 3192 3884 quam
3259 3799 3385 3866 ista
3450 3800 3812 3885 ignominia
3886 3820 3992 3865 me
4059 3799 4410 3866 afficerent.

2485 3884 2549 3949 N
2551 3904 2678 3950 unc
2721 3884 2942 3951 dubito
2984 3884 3138 3986 quid
3181 3905 3368 3952 meae
3409 3884 3812 3951 Harmoniae
3853 3886 4149 3951 facturus
4180 3886 4413 3960 sim:⁴)

2485 3968 2602 4036 sed
2643 3992 2728 4037 no
2773 3971 2843 4036 in
2897 3972 3128 4038 vitium
3183 3971 3515 4038 incurram
3575 3969 3747 4056 quod
3802 3970 4026 4056 fugere
4078 3970 4270 4050 soleo,
4324 3990 4412 4037 ne

2486 4055 2736 4123 scilicet
2774 4077 2953 4123 meas
3000 4055 3333 4123 molestias
3373 4057 3448 4122 in
3502 4064 3567 4122 te
3624 4076 3989 4136 exonerem,
4047 4076 4183 4121 non
4240 4054 4415 4121 ultra

2486 4141 2880 4226 progrediar.
2969 4141 3152 4221 Vale,
3196 4143 3435 4208 eximie
3469 4141 3715 4209 Christi
3762 4141 4061 4208 minister
4103 4149 4170 4208 et
4210 4141 4414 4208 frater

2486 4228 2921 4312 integerrime.
3009 4227 3242 4294 Saluta
3275 4248 3419 4294 meo
3453 4228 3714 4294 nomine
3749 4247 3972 4294 omues
4012 4247 4230 4312 symm
4276 4229 4413 4293 stas

2486 4325 2555 4379 et
2597 4322 2779 4378 tuam
2821 4311 3133 4379 familiam
3175 4334 3310 4379 uua
3351 4333 3499 4379 cum
3555 4311 3990 4379 Dommartino
4041 4323 4107 4378 et
4147 4333 4219 4379 re
4249 4312 4413 4395 ‘quis

2484 4398 2727 4465 amicis
2813 4399 3135 4466 Dominus
3167 4419 3285 4468 vos
3319 4418 3546 4464 omnes
3578 4405 3762 4483 regat
3795 4405 3863 4464 et
3894 4404 4154 4465 tueatur
4185 4416 4415 4483 perpe-

2488 4492 2615 4551 tuo.
2705 4483 3016 4551 Geusvae
3059 4488 3160 4549 26.
3205 4482 3585 4551 Decembris
3636 4488 3813 4550 1554.

3399 4604 3679 4671 Ioannes
3712 4603 4028 4671 Calvinus
4069 4609 4242 4668 tuus.

2489 4756 2753 4823 soem)
2793 4754 3058 4814 asota

2691 4824 3563 4896 2)1209.aa00ma·24.1›00.
3632 4825 3756 4880 lam
3800 4824 4065 4895 pomaeo
4109 4827 4418 4882 mm

2486 4900 3928 5034 mmffz‘citebssmemouyroaoetffloo
4146 4960 4419 5087 gemae

3584 5029 3852 5156 ²2st·
3881 5030 4144 5156 ῗέαῑηὲι.
4201 5070 4420 5155 ..a-...-

2490 5031 2725 5088 Poalnia
2754 5031 3047 5114 mmm·
3065 5037 3190 5087 acta
3223 5037 3444 5114 sequutae
3475 5031 3554 5087 ad

2488 5097 3648 5226 smwoss'amwffwdm

3734 5167 4415 5225 amon-'amomum-

2478 5237 3057 5378 mmm,
3117 5253 3281 5309 quam
3331 5243 3507 5295 mea
3564 5240 3782 5295 martti
3822 5237 4281 5305 F'rancofuneum‘
4327 5239 4417 5293 in·
