<?xml version="1.0" encoding="UTF-8"?>
<!DOCTYPE html PUBLIC "-//W3C//DTD XHTML 1.0 Transitional//EN"
    "http://www.w3.org/TR/xhtml1/DTD/xhtml1-transitional.dtd">
<html xmlns="http://www.w3.org/1999/xhtml" xml:lang="en" lang="en">
 <head>
  <title>
</title>
<meta http-equiv="Content-Type" content="text/html;charset=utf-8" />
  <meta name='ocr-system' content='tesseract 3.04.00' />
  <meta name='ocr-capabilities' content='ocr_page ocr_carea ocr_par ocr_line ocrx_word'/>
</head>
<body>
  <div class='ocr_page' id='page_1' title='image "./ioanniscalvinio09unkngoog_0044.png"; bbox 0 0 4850 6200; ppageno 0'>
   <div class='ocr_carea' id='block_1_1' title="bbox 17 5 27 1223">
    <p class='ocr_par' dir='ltr' id='par_1_1' title="bbox 17 5 27 1223">
     <span class='ocr_line' id='line_1_1' title="bbox 17 5 27 1223; baseline 0 0"><span class='ocrx_word' id='word_1_1' title='bbox 17 5 27 1223; x_wconf 95' lang='lat' dir='ltr'> </span> 
     </span>
    </p>
   </div>
   <div class='ocr_carea' id='block_1_2' title="bbox 532 456 622 519">
    <p class='ocr_par' dir='ltr' id='par_1_2' title="bbox 532 456 622 519">
     <span class='ocr_line' id='line_1_2' title="bbox 532 456 622 519; baseline 0.022 -2"><span class='ocrx_word' id='word_1_2' title='bbox 532 456 622 519; x_wconf 80' lang='lat'>83</span> 
     </span>
    </p>
   </div>
   <div class='ocr_carea' id='block_1_3' title="bbox 538 639 2501 815">
    <p class='ocr_par' dir='ltr' id='par_1_3' title="bbox 538 639 2501 815">
     <span class='ocr_line' id='line_1_3' title="bbox 718 639 2501 791; baseline -0.003 -82"><span class='ocrx_word' id='word_1_3' title='bbox 718 644 798 709; x_wconf 90' lang='lat' dir='ltr'>In</span> <span class='ocrx_word' id='word_1_4' title='bbox 844 644 968 711; x_wconf 88' lang='lat' dir='ltr'>hoc</span> <span class='ocrx_word' id='word_1_5' title='bbox 1012 640 1397 726; x_wconf 84' lang='lat' dir='ltr'>gravissime</span> <span class='ocrx_word' id='word_1_6' title='bbox 1439 639 1522 706; x_wconf 84' lang='lat' dir='ltr'>ab</span> <span class='ocrx_word' id='word_1_7' title='bbox 1566 640 1698 707; x_wconf 90' lang='lat' dir='ltr'>illis</span> <span class='ocrx_word' id='word_1_8' title='bbox 1738 659 2003 707; x_wconf 86' lang='lat' dir='ltr'>accusor</span> <span class='ocrx_word' id='word_1_9' title='bbox 2045 640 2215 724; x_wconf 90' lang='lat' dir='ltr'>quod</span> <span class='ocrx_word' id='word_1_10' title='bbox 2264 660 2501 791; x_wconf 60' lang='lat' dir='ltr'>neigsm</span> 
     </span>
     <span class='ocr_line' id='line_1_4' title="bbox 538 726 2500 815; baseline -0.003 -20"><span class='ocrx_word' id='word_1_11' title='bbox 538 749 781 815; x_wconf 87' lang='lat' dir='ltr'>panem</span> <span class='ocrx_word' id='word_1_12' title='bbox 819 740 887 796; x_wconf 90' lang='lat' dir='ltr'>et</span> <span class='ocrx_word' id='word_1_13' title='bbox 912 728 1140 794; x_wconf 86' lang='lat' dir='ltr'>vinum</span> <span class='ocrx_word' id='word_1_14' title='bbox 1163 746 1400 794; x_wconf 86' lang='lat' dir='ltr'>coenae</span> <span class='ocrx_word' id='word_1_15' title='bbox 1437 726 1797 794; x_wconf 85' lang='lat' dir='ltr'>dominicae</span> <span class='ocrx_word' id='word_1_16' title='bbox 1828 728 2019 812; x_wconf 86' lang='lat' dir='ltr'>signa</span> <span class='ocrx_word' id='word_1_17' title='bbox 2053 748 2215 804; x_wconf 87' lang='lat' dir='ltr'>esse,</span> <span class='ocrx_word' id='word_1_18' title='bbox 2252 748 2321 792; x_wconf 88' lang='lat' dir='ltr'>se</span> <span class='ocrx_word' id='word_1_19' title='bbox 2397 727 2500 790; x_wconf 90' lang='lat' dir='ltr'>in-</span> 
     </span>
    </p>
   </div>
   <div class='ocr_carea' id='block_1_4' title="bbox 546 898 2499 987">
    <p class='ocr_par' dir='ltr' id='par_1_4' title="bbox 546 898 2499 987">
     <span class='ocr_line' id='line_1_5' title="bbox 546 898 2499 987; baseline -0.003 -19"><span class='ocrx_word' id='word_1_20' title='bbox 546 910 614 968; x_wconf 89' lang='lat' dir='ltr'>et</span> <span class='ocrx_word' id='word_1_21' title='bbox 672 900 1253 987; x_wconf 75' lang='lat' dir='ltr'><strong>participationem.</strong></span> <span class='ocrx_word' id='word_1_22' title='bbox 1346 899 1721 982; x_wconf 87' lang='lat' dir='ltr'>Dicuntque</span> <span class='ocrx_word' id='word_1_23' title='bbox 1780 898 1905 964; x_wconf 91' lang='lat' dir='ltr'>hac</span> <span class='ocrx_word' id='word_1_24' title='bbox 1963 898 2259 963; x_wconf 87' lang='lat' dir='ltr'>doctrina</span> <span class='ocrx_word' id='word_1_25' title='bbox 2310 918 2499 981; x_wconf 90' lang='lat' dir='ltr'>prae-</span> 
     </span>
    </p>
   </div>
   <div class='ocr_carea' id='block_1_5' title="bbox 2030 450 3026 519">
    <p class='ocr_par' dir='ltr' id='par_1_5' title="bbox 2030 450 3026 519">
     <span class='ocr_line' id='line_1_6' title="bbox 2030 450 3026 519; baseline -0.005 0"><span class='ocrx_word' id='word_1_26' title='bbox 2030 450 2556 519; x_wconf 73' lang='lat' dir='ltr'>EPISTOLAE</span> <span class='ocrx_word' id='word_1_27' title='bbox 2608 454 3026 517; x_wconf 81' lang='lat'>1930—1932</span> 
     </span>
    </p>
   </div>
   <div class='ocr_carea' id='block_1_6' title="bbox 4465 453 4548 514">
    <p class='ocr_par' dir='ltr' id='par_1_6' title="bbox 4465 453 4548 514">
     <span class='ocr_line' id='line_1_7' title="bbox 4465 453 4548 514; baseline 0 0"><span class='ocrx_word' id='word_1_28' title='bbox 4465 453 4548 514; x_wconf 79' lang='lat'>84</span> 
     </span>
    </p>
   </div>
   <div class='ocr_carea' id='block_1_7' title="bbox 2601 638 4549 723">
    <p class='ocr_par' dir='ltr' id='par_1_7' title="bbox 2601 638 4549 723">
     <span class='ocr_line' id='line_1_8' title="bbox 2601 638 4549 723; baseline -0.002 -16"><span class='ocrx_word' id='word_1_29' title='bbox 2601 640 2669 706; x_wconf 89' lang='lat' dir='ltr'>in</span> <span class='ocrx_word' id='word_1_30' title='bbox 2714 662 2844 723; x_wconf 90' lang='lat' dir='ltr'>qua</span> <span class='ocrx_word' id='word_1_31' title='bbox 2885 638 3228 706; x_wconf 87' lang='lat' dir='ltr'>ostendere</span> <span class='ocrx_word' id='word_1_32' title='bbox 3270 652 3559 717; x_wconf 85' lang='lat' dir='ltr'>conatur,</span> <span class='ocrx_word' id='word_1_33' title='bbox 3593 660 3716 706; x_wconf 86' lang='lat' dir='ltr'>nos</span> <span class='ocrx_word' id='word_1_34' title='bbox 3756 642 3932 706; x_wconf 89' lang='lat' dir='ltr'>inter</span> <span class='ocrx_word' id='word_1_35' title='bbox 3966 661 4085 705; x_wconf 91' lang='lat' dir='ltr'>nos</span> <span class='ocrx_word' id='word_1_36' title='bbox 4117 660 4246 705; x_wconf 90' lang='lat' dir='ltr'>non</span> <span class='ocrx_word' id='word_1_37' title='bbox 4277 660 4549 705; x_wconf 86' lang='lat' dir='ltr'>eonsen-</span> 
     </span>
    </p>
   </div>
   <div class='ocr_carea' id='block_1_8' title="bbox 545 725 4552 897">
    <p class='ocr_par' dir='ltr' id='par_1_8' title="bbox 545 725 4552 897">
     <span class='ocr_line' id='line_1_9' title="bbox 2548 725 4552 810; baseline 0 -19"><span class='ocrx_word' id='word_1_38' title='bbox 2548 788 2554 807; x_wconf 66' lang='grc'>,</span> <span class='ocrx_word' id='word_1_39' title='bbox 2602 727 2744 793; x_wconf 86' lang='lat' dir='ltr'>tire.</span> <span class='ocrx_word' id='word_1_40' title='bbox 2832 726 3099 792; x_wconf 86' lang='lat' dir='ltr'>Pr0fert</span> <span class='ocrx_word' id='word_1_41' title='bbox 3141 736 3363 792; x_wconf 89' lang='lat' dir='ltr'>autem</span> <span class='ocrx_word' id='word_1_42' title='bbox 3407 727 3620 792; x_wconf 89' lang='lat' dir='ltr'>multa</span> <span class='ocrx_word' id='word_1_43' title='bbox 3661 747 3744 791; x_wconf 83' lang='lat' dir='ltr'>ex</span> <span class='ocrx_word' id='word_1_44' title='bbox 3786 726 3972 792; x_wconf 89' lang='lat' dir='ltr'>libris</span> <span class='ocrx_word' id='word_1_45' title='bbox 4003 726 4320 810; x_wconf 73' lang='lat' dir='ltr'>Zwinqlii,</span> <span class='ocrx_word' id='word_1_46' title='bbox 4373 725 4552 791; x_wconf 81' lang='lat' dir='ltr'>Oeco-</span> 
     </span>
     <span class='ocr_line' id='line_1_10' title="bbox 545 811 4552 897; baseline -0.001 -16"><span class='ocrx_word' id='word_1_47' title='bbox 545 815 845 882; x_wconf 86' lang='lat' dir='ltr'>stitutam</span> <span class='ocrx_word' id='word_1_48' title='bbox 893 836 934 880; x_wconf 91' lang='lat' dir='ltr'>a</span> <span class='ocrx_word' id='word_1_49' title='bbox 981 814 1246 879; x_wconf 88' lang='lat' dir='ltr'>Christo</span> <span class='ocrx_word' id='word_1_50' title='bbox 1310 813 1599 878; x_wconf 91' lang='lat' dir='ltr'>Domino</span> <span class='ocrx_word' id='word_1_51' title='bbox 1656 812 1918 878; x_wconf 84' lang='lat' dir='ltr'>illorum</span> <span class='ocrx_word' id='word_1_52' title='bbox 1975 813 2501 878; x_wconf 79' lang='lat' dir='ltr'>distributionem</span> <span class='ocrx_word' id='word_1_53' title='bbox 2547 812 2554 877; x_wconf 76' lang='lat'>1</span> <span class='ocrx_word' id='word_1_54' title='bbox 2600 813 2934 894; x_wconf 57' lang='lat' dir='ltr'>lampadii,</span> <span class='ocrx_word' id='word_1_55' title='bbox 2973 812 3153 878; x_wconf 50' lang='lat' dir='ltr'>Petam·</span> <span class='ocrx_word' id='word_1_56' title='bbox 3187 811 3524 897; x_wconf 62' lang='lat' dir='ltr'>Martyris,</span> <span class='ocrx_word' id='word_1_57' title='bbox 3570 811 3824 893; x_wconf 67' lang='lat' dir='ltr'>Bucari,</span> <span class='ocrx_word' id='word_1_58' title='bbox 3871 812 4314 878; x_wconf 86' lang='lat' dir='ltr'>Confessionis</span> <span class='ocrx_word' id='word_1_59' title='bbox 4349 811 4552 895; x_wconf 79' lang='lat' dir='ltr'>&#39;Pigu-</span> 
     </span>
    </p>
   </div>
   <div class='ocr_carea' id='block_1_9' title="bbox 2600 897 4549 982">
    <p class='ocr_par' dir='ltr' id='par_1_9' title="bbox 2600 897 4549 982">
     <span class='ocr_line' id='line_1_11' title="bbox 2600 897 4549 982; baseline -0.001 -19"><span class='ocrx_word' id='word_1_60' title='bbox 2600 900 2803 977; x_wconf 89' lang='lat' dir='ltr'>rinae,</span> <span class='ocrx_word' id='word_1_61' title='bbox 2861 897 3221 982; x_wconf 72' lang='lat' dir='ltr'>Bullinqeri</span> <span class='ocrx_word' id='word_1_62' title='bbox 3239 948 3253 973; x_wconf 96' lang='lat'>,</span> <span class='ocrx_word' id='word_1_63' title='bbox 3315 899 3447 964; x_wconf 89' lang='lat' dir='ltr'>tuis</span> <span class='ocrx_word' id='word_1_64' title='bbox 3502 912 3570 964; x_wconf 90' lang='lat' dir='ltr'>et</span> <span class='ocrx_word' id='word_1_65' title='bbox 3625 920 3770 964; x_wconf 90' lang='lat' dir='ltr'>meo</span> <span class='ocrx_word' id='word_1_66' title='bbox 3814 901 4014 964; x_wconf 87' lang='lat' dir='ltr'>etiam</span> <span class='ocrx_word' id='word_1_67' title='bbox 4056 897 4138 964; x_wconf 87' lang='lat' dir='ltr'>ad</span> <span class='ocrx_word' id='word_1_68' title='bbox 4175 906 4549 963; x_wconf 85' lang='lat' dir='ltr'>extremum</span> 
     </span>
    </p>
   </div>
   <div class='ocr_carea' id='block_1_10' title="bbox 546 983 4552 1073">
    <p class='ocr_par' dir='ltr' id='par_1_10' title="bbox 546 983 4552 1073">
     <span class='ocr_line' id='line_1_12' title="bbox 546 983 4552 1073; baseline -0.002 -19"><span class='ocrx_word' id='word_1_69' title='bbox 546 988 673 1073; x_wconf 87' lang='lat' dir='ltr'>ripi</span> <span class='ocrx_word' id='word_1_70' title='bbox 727 1006 985 1053; x_wconf 90' lang='lat' dir='ltr'>omnem</span> <span class='ocrx_word' id='word_1_71' title='bbox 1042 1004 1224 1067; x_wconf 91' lang='lat' dir='ltr'>spem</span> <span class='ocrx_word' id='word_1_72' title='bbox 1272 983 1655 1051; x_wconf 73' lang='lat' dir='ltr'>concordiae</span> <span class='ocrx_word' id='word_1_73' title='bbox 1700 984 1773 1048; x_wconf 93' lang='lat' dir='ltr'>in</span> <span class='ocrx_word' id='word_1_74' title='bbox 1843 1005 1915 1048; x_wconf 92' lang='lat' dir='ltr'>re</span> <span class='ocrx_word' id='word_1_75' title='bbox 1992 984 2500 1049; x_wconf 86' lang='lat' dir='ltr'>sacramentaria</span> <span class='ocrx_word' id='word_1_76' title='bbox 2598 983 2818 1051; x_wconf 90' lang='lat' dir='ltr'>libello</span> <span class='ocrx_word' id='word_1_77' title='bbox 2854 997 2920 1049; x_wconf 91' lang='lat' dir='ltr'>et</span> <span class='ocrx_word' id='word_1_78' title='bbox 2954 1005 3035 1049; x_wconf 84' lang='lat' dir='ltr'>ex</span> <span class='ocrx_word' id='word_1_79' title='bbox 3081 984 3163 1051; x_wconf 91' lang='lat' dir='ltr'>iis</span> <span class='ocrx_word' id='word_1_80' title='bbox 3196 985 3499 1050; x_wconf 90' lang='lat' dir='ltr'>omnibus</span> <span class='ocrx_word' id='word_1_81' title='bbox 3532 983 3782 1069; x_wconf 88' lang='lat' dir='ltr'>colligit</span> <span class='ocrx_word' id='word_1_82' title='bbox 3819 984 4058 1069; x_wconf 84' lang='lat' dir='ltr'>viginti</span> <span class='ocrx_word' id='word_1_83' title='bbox 4079 984 4368 1068; x_wconf 90' lang='lat' dir='ltr'>quinque</span> <span class='ocrx_word' id='word_1_84' title='bbox 4405 1003 4552 1048; x_wconf 88' lang='lat' dir='ltr'>ver·</span> 
     </span>
    </p>
   </div>
   <div class='ocr_carea' id='block_1_11' title="bbox 542 1068 2500 2027">
    <p class='ocr_par' dir='ltr' id='par_1_11' title="bbox 542 1068 2500 2027">
     <span class='ocr_line' id='line_1_13' title="bbox 544 1068 2500 1154; baseline -0.004 -15"><span class='ocrx_word' id='word_1_85' title='bbox 544 1070 1004 1147; x_wconf 79' lang='lat' dir='ltr'>instituendae,</span> <span class='ocrx_word' id='word_1_86' title='bbox 1050 1090 1127 1136; x_wconf 90' lang='lat' dir='ltr'>eo</span> <span class='ocrx_word' id='word_1_87' title='bbox 1171 1070 1341 1154; x_wconf 91' lang='lat' dir='ltr'>quod</span> <span class='ocrx_word' id='word_1_88' title='bbox 1385 1089 1519 1135; x_wconf 92' lang='lat' dir='ltr'>non</span> <span class='ocrx_word' id='word_1_89' title='bbox 1564 1078 1822 1135; x_wconf 86' lang='lat' dir='ltr'>tantum</span> <span class='ocrx_word' id='word_1_90' title='bbox 1868 1069 1934 1133; x_wconf 91' lang='lat' dir='ltr'>id</span> <span class='ocrx_word' id='word_1_91' title='bbox 1970 1068 2297 1134; x_wconf 80' lang='lat' dir='ltr'>adimatur</span> <span class='ocrx_word' id='word_1_92' title='bbox 2339 1068 2500 1152; x_wconf 87' lang='lat' dir='ltr'>pani</span> 
     </span>
     <span class='ocr_line' id='line_1_14' title="bbox 547 1154 2497 1239; baseline -0.003 -15"><span class='ocrx_word' id='word_1_93' title='bbox 547 1170 615 1224; x_wconf 89' lang='lat' dir='ltr'>et</span> <span class='ocrx_word' id='word_1_94' title='bbox 660 1160 811 1223; x_wconf 79' lang='lat' dir='ltr'>vino</span> <span class='ocrx_word' id='word_1_95' title='bbox 855 1176 1093 1223; x_wconf 87' lang='lat' dir='ltr'>coenae</span> <span class='ocrx_word' id='word_1_96' title='bbox 1137 1167 1213 1222; x_wconf 88' lang='lat' dir='ltr'>ut</span> <span class='ocrx_word' id='word_1_97' title='bbox 1255 1174 1486 1239; x_wconf 87' lang='lat' dir='ltr'>corpus</span> <span class='ocrx_word' id='word_1_98' title='bbox 1530 1166 1595 1219; x_wconf 90' lang='lat' dir='ltr'>et</span> <span class='ocrx_word' id='word_1_99' title='bbox 1629 1157 2015 1239; x_wconf 88' lang='lat' dir='ltr'>sanguinem</span> <span class='ocrx_word' id='word_1_100' title='bbox 2044 1154 2291 1221; x_wconf 77' lang='lat' dir='ltr'>Christi</span> <span class='ocrx_word' id='word_1_101' title='bbox 2322 1176 2497 1219; x_wconf 91' lang='lat' dir='ltr'>com-</span> 
     </span>
     <span class='ocr_line' id='line_1_15' title="bbox 546 1239 2498 1328; baseline -0.002 -19"><span class='ocrx_word' id='word_1_102' title='bbox 546 1245 914 1328; x_wconf 87' lang='lat' dir='ltr'>plectantur</span> <span class='ocrx_word' id='word_1_103' title='bbox 971 1242 1085 1307; x_wconf 87' lang='lat' dir='ltr'>sed</span> <span class='ocrx_word' id='word_1_104' title='bbox 1145 1262 1231 1307; x_wconf 91' lang='lat' dir='ltr'>ne</span> <span class='ocrx_word' id='word_1_105' title='bbox 1288 1242 1478 1325; x_wconf 86' lang='lat' dir='ltr'>signa</span> <span class='ocrx_word' id='word_1_106' title='bbox 1518 1239 1777 1324; x_wconf 89' lang='lat' dir='ltr'>quidem</span> <span class='ocrx_word' id='word_1_107' title='bbox 1830 1260 2071 1307; x_wconf 89' lang='lat' dir='ltr'>coenae</span> <span class='ocrx_word' id='word_1_108' title='bbox 2114 1261 2256 1306; x_wconf 90' lang='lat' dir='ltr'>esse</span> <span class='ocrx_word' id='word_1_109' title='bbox 2300 1241 2498 1305; x_wconf 89' lang='lat' dir='ltr'>etiam</span> 
     </span>
     <span class='ocr_line' id='line_1_16' title="bbox 546 1326 2496 1412; baseline -0.003 -17"><span class='ocrx_word' id='word_1_110' title='bbox 546 1331 862 1397; x_wconf 88' lang='lat' dir='ltr'>dicantur.</span> <span class='ocrx_word' id='word_1_111' title='bbox 967 1328 1145 1393; x_wconf 82' lang='lat' dir='ltr'>Alias</span> <span class='ocrx_word' id='word_1_112' title='bbox 1211 1327 1473 1411; x_wconf 90' lang='lat' dir='ltr'>quidem</span> <span class='ocrx_word' id='word_1_113' title='bbox 1543 1327 1834 1412; x_wconf 86' lang='lat' dir='ltr'>potuisse</span> <span class='ocrx_word' id='word_1_114' title='bbox 1899 1330 2147 1409; x_wconf 87' lang='lat' dir='ltr'>sperari</span> <span class='ocrx_word' id='word_1_115' title='bbox 2213 1326 2496 1409; x_wconf 88' lang='lat' dir='ltr'>aliquam</span> 
     </span>
     <span class='ocr_line' id='line_1_17' title="bbox 544 1412 2497 1496; baseline -0.003 -15"><span class='ocrx_word' id='word_1_116' title='bbox 544 1414 957 1481; x_wconf 77' lang='lat' dir='ltr'>concordiam</span> <span class='ocrx_word' id='word_1_117' title='bbox 1005 1412 1161 1478; x_wconf 91' lang='lat' dir='ltr'>dum</span> <span class='ocrx_word' id='word_1_118' title='bbox 1207 1414 1395 1496; x_wconf 83' lang='lat' dir='ltr'>panis</span> <span class='ocrx_word' id='word_1_119' title='bbox 1453 1424 1520 1477; x_wconf 92' lang='grc' dir='ltr'>6ι</span> <span class='ocrx_word' id='word_1_120' title='bbox 1569 1414 1796 1478; x_wconf 88' lang='lat' dir='ltr'>vinum</span> <span class='ocrx_word' id='word_1_121' title='bbox 1852 1412 2151 1496; x_wconf 81' lang='lat' dir='ltr'>symbola</span> <span class='ocrx_word' id='word_1_122' title='bbox 2205 1413 2497 1496; x_wconf 87' lang='lat' dir='ltr'>corporis</span> 
     </span>
     <span class='ocr_line' id='line_1_18' title="bbox 542 1497 2497 1577; baseline -0.002 -10"><span class='ocrx_word' id='word_1_123' title='bbox 542 1510 610 1567; x_wconf 86' lang='lat' dir='ltr'>et</span> <span class='ocrx_word' id='word_1_124' title='bbox 640 1520 753 1567; x_wconf 83' lang='lat' dir='ltr'>san</span> <span class='ocrx_word' id='word_1_125' title='bbox 852 1500 981 1565; x_wconf 90' lang='lat' dir='ltr'>inis</span> <span class='ocrx_word' id='word_1_126' title='bbox 1006 1497 1258 1565; x_wconf 81' lang='lat' dir='ltr'>Christi</span> <span class='ocrx_word' id='word_1_127' title='bbox 1297 1510 1701 1577; x_wconf 87' lang='lat' dir='ltr'>vocarentur,</span> <span class='ocrx_word' id='word_1_128' title='bbox 1738 1511 1805 1564; x_wconf 90' lang='lat' dir='ltr'>et</span> <span class='ocrx_word' id='word_1_129' title='bbox 1837 1498 2299 1565; x_wconf 79' lang='lat' dir='ltr'>concederetur</span> <span class='ocrx_word' id='word_1_130' title='bbox 2334 1498 2497 1563; x_wconf 88' lang='lat' dir='ltr'>haec</span> 
     </span>
     <span class='ocr_line' id='line_1_19' title="bbox 542 1583 2494 1671; baseline -0.003 -18"><span class='ocrx_word' id='word_1_131' title='bbox 542 1587 772 1671; x_wconf 80' lang='lat' dir='ltr'>symbo</span> <span class='ocrx_word' id='word_1_132' title='bbox 798 1607 839 1651; x_wconf 87' lang='lat' dir='ltr'>a</span> <span class='ocrx_word' id='word_1_133' title='bbox 882 1608 1051 1661; x_wconf 85' lang='lat' dir='ltr'>esse,</span> <span class='ocrx_word' id='word_1_134' title='bbox 1095 1606 1224 1650; x_wconf 89' lang='lat' dir='ltr'>non</span> <span class='ocrx_word' id='word_1_135' title='bbox 1285 1594 1539 1650; x_wconf 87' lang='lat' dir='ltr'>tantum</span> <span class='ocrx_word' id='word_1_136' title='bbox 1598 1584 2063 1669; x_wconf 87' lang='lat' dir='ltr'>significativa,</span> <span class='ocrx_word' id='word_1_137' title='bbox 2122 1583 2239 1650; x_wconf 90' lang='lat' dir='ltr'>sed</span> <span class='ocrx_word' id='word_1_138' title='bbox 2295 1585 2494 1649; x_wconf 87' lang='lat' dir='ltr'>etiam</span> 
     </span>
     <span class='ocr_line' id='line_1_20' title="bbox 543 1667 2497 1755; baseline -0.002 -18"><span class='ocrx_word' id='word_1_139' title='bbox 543 1672 921 1738; x_wconf 82' lang='lat' dir='ltr'>exhibitiva.</span> <span class='ocrx_word' id='word_1_140' title='bbox 1029 1670 1163 1737; x_wconf 79' lang='lat' dir='ltr'>Sed</span> <span class='ocrx_word' id='word_1_141' title='bbox 1221 1671 1349 1736; x_wconf 90' lang='lat' dir='ltr'>iam</span> <span class='ocrx_word' id='word_1_142' title='bbox 1405 1672 1650 1737; x_wconf 75' lang='lat' dir='ltr'>frustm</span> <span class='ocrx_word' id='word_1_143' title='bbox 1702 1669 2125 1755; x_wconf 87' lang='lat' dir='ltr'>cogitandum</span> <span class='ocrx_word' id='word_1_144' title='bbox 2199 1690 2341 1736; x_wconf 90' lang='lat' dir='ltr'>esse</span> <span class='ocrx_word' id='word_1_145' title='bbox 2414 1667 2497 1734; x_wconf 91' lang='lat' dir='ltr'>de</span> 
     </span>
     <span class='ocr_line' id='line_1_21' title="bbox 542 1755 2496 1841; baseline -0.003 -18"><span class='ocrx_word' id='word_1_146' title='bbox 542 1756 904 1835; x_wconf 84' lang='lat' dir='ltr'>eoncordia,</span> <span class='ocrx_word' id='word_1_147' title='bbox 952 1755 1106 1821; x_wconf 91' lang='lat' dir='ltr'>dum</span> <span class='ocrx_word' id='word_1_148' title='bbox 1151 1756 1267 1822; x_wconf 88' lang='lat' dir='ltr'>illa</span> <span class='ocrx_word' id='word_1_149' title='bbox 1290 1759 1479 1841; x_wconf 88' lang='lat' dir='ltr'>signa</span> <span class='ocrx_word' id='word_1_150' title='bbox 1502 1756 1697 1821; x_wconf 90' lang='lat' dir='ltr'>etiam</span> <span class='ocrx_word' id='word_1_151' title='bbox 1734 1777 1973 1823; x_wconf 85' lang='lat' dir='ltr'>coenae</span> <span class='ocrx_word' id='word_1_152' title='bbox 1996 1776 2138 1821; x_wconf 87' lang='lat' dir='ltr'>esse</span> <span class='ocrx_word' id='word_1_153' title='bbox 2161 1776 2496 1839; x_wconf 84' lang='lat' dir='ltr'>negamus.</span> 
     </span>
     <span class='ocr_line' id='line_1_22' title="bbox 544 1842 2498 1926; baseline -0.002 -18"><span class='ocrx_word' id='word_1_154' title='bbox 544 1842 753 1925; x_wconf 78' lang='lat' dir='ltr'>Quasi</span> <span class='ocrx_word' id='word_1_155' title='bbox 810 1862 968 1908; x_wconf 82' lang='lat' dir='ltr'>vero</span> <span class='ocrx_word' id='word_1_156' title='bbox 1034 1843 1221 1926; x_wconf 88' lang='lat' dir='ltr'>panis</span> <span class='ocrx_word' id='word_1_157' title='bbox 1276 1853 1341 1908; x_wconf 89' lang='lat' dir='ltr'>et</span> <span class='ocrx_word' id='word_1_158' title='bbox 1402 1844 1623 1907; x_wconf 85' lang='lat' dir='ltr'>vinum</span> <span class='ocrx_word' id='word_1_159' title='bbox 1697 1843 1764 1907; x_wconf 91' lang='lat' dir='ltr'>in</span> <span class='ocrx_word' id='word_1_160' title='bbox 1832 1863 2034 1908; x_wconf 88' lang='lat' dir='ltr'>coena</span> <span class='ocrx_word' id='word_1_161' title='bbox 2086 1842 2372 1924; x_wconf 87' lang='lat' dir='ltr'>corporis</span> <span class='ocrx_word' id='word_1_162' title='bbox 2431 1850 2498 1905; x_wconf 88' lang='lat' dir='ltr'>et</span> 
     </span>
     <span class='ocr_line' id='line_1_23' title="bbox 543 1927 2498 2027; baseline -0.001 -34"><span class='ocrx_word' id='word_1_163' title='bbox 543 1928 884 2013; x_wconf 89' lang='lat' dir='ltr'>sanguinis</span> <span class='ocrx_word' id='word_1_164' title='bbox 928 1927 1184 1993; x_wconf 82' lang='lat' dir='ltr'>Christi</span> <span class='ocrx_word' id='word_1_165' title='bbox 1239 1929 1533 2012; x_wconf 83' lang='lat' dir='ltr'>symbola</span> <span class='ocrx_word' id='word_1_166' title='bbox 1576 1948 1719 1993; x_wconf 90' lang='lat' dir='ltr'>esse</span> <span class='ocrx_word' id='word_1_167' title='bbox 1760 1929 2217 2027; x_wconf 41' lang='lat' dir='ltr'>non-possint,</span> <span class='ocrx_word' id='word_1_168' title='bbox 2274 1929 2328 1992; x_wconf 92' lang='lat' dir='ltr'>si</span> <span class='ocrx_word' id='word_1_169' title='bbox 2385 1927 2498 1992; x_wconf 90' lang='lat' dir='ltr'>illa</span> 
     </span>
    </p>
   </div>
   <div class='ocr_carea' id='block_1_12' title="bbox 2545 1088 2552 1261">
    <p class='ocr_par' dir='ltr' id='par_1_12' title="bbox 2545 1088 2552 1261">
     <span class='ocr_line' id='line_1_24' title="bbox 2545 1088 2552 1261; baseline 0 0"><span class='ocrx_word' id='word_1_170' title='bbox 2545 1088 2552 1261; x_wconf 68' lang='grc' dir='ltr'><strong>ἓ</strong></span> 
     </span>
    </p>
   </div>
   <div class='ocr_carea' id='block_1_13' title="bbox 2546 1272 2551 1991">
    <p class='ocr_par' dir='ltr' id='par_1_13' title="bbox 2546 1272 2551 1991">
     <span class='ocr_line' id='line_1_25' title="bbox 2546 1272 2551 1991; baseline 0 0"><span class='ocrx_word' id='word_1_171' title='bbox 2546 1272 2551 1991; x_wconf 95' lang='lat' dir='ltr'> </span> 
     </span>
    </p>
   </div>
   <div class='ocr_carea' id='block_1_14' title="bbox 2595 1069 4552 2012">
    <p class='ocr_par' dir='ltr' id='par_1_14' title="bbox 2598 1069 4552 1499">
     <span class='ocr_line' id='line_1_26' title="bbox 2599 1069 4552 1154; baseline -0.002 -18"><span class='ocrx_word' id='word_1_172' title='bbox 2599 1071 2832 1136; x_wconf 90' lang='lat' dir='ltr'>borum</span> <span class='ocrx_word' id='word_1_173' title='bbox 2888 1091 3126 1136; x_wconf 89' lang='lat' dir='ltr'>coenae</span> <span class='ocrx_word' id='word_1_174' title='bbox 3184 1071 3786 1154; x_wconf 82' lang='lat' dir='ltr'>interpretationes,</span> <span class='ocrx_word' id='word_1_175' title='bbox 3830 1089 3991 1154; x_wconf 87' lang='lat' dir='ltr'>quas</span> <span class='ocrx_word' id='word_1_176' title='bbox 4033 1091 4257 1135; x_wconf 84' lang='lat' dir='ltr'>omnes</span> <span class='ocrx_word' id='word_1_177' title='bbox 4300 1069 4552 1134; x_wconf 89' lang='lat' dir='ltr'>dissen-</span> 
     </span>
     <span class='ocr_line' id='line_1_27' title="bbox 2600 1154 4551 1240; baseline -0.001 -19"><span class='ocrx_word' id='word_1_178' title='bbox 2600 1158 2835 1222; x_wconf 90' lang='lat' dir='ltr'>tientes</span> <span class='ocrx_word' id='word_1_179' title='bbox 2902 1178 2978 1223; x_wconf 87' lang='lat' dir='ltr'>ac</span> <span class='ocrx_word' id='word_1_180' title='bbox 3041 1176 3262 1222; x_wconf 88' lang='lat' dir='ltr'>secum</span> <span class='ocrx_word' id='word_1_181' title='bbox 3333 1165 3701 1240; x_wconf 85' lang='lat' dir='ltr'>pugnantes</span> <span class='ocrx_word' id='word_1_182' title='bbox 3745 1156 3956 1222; x_wconf 85' lang='lat' dir='ltr'>faeere</span> <span class='ocrx_word' id='word_1_183' title='bbox 4022 1164 4310 1222; x_wconf 87' lang='lat' dir='ltr'>conatur.</span> <span class='ocrx_word' id='word_1_184' title='bbox 4413 1154 4551 1220; x_wconf 76' lang='lat' dir='ltr'>Sed</span> 
     </span>
     <span class='ocr_line' id='line_1_28' title="bbox 2601 1240 4551 1326; baseline 0 -20"><span class='ocrx_word' id='word_1_185' title='bbox 2601 1243 2755 1308; x_wconf 91' lang='lat' dir='ltr'>huic</span> <span class='ocrx_word' id='word_1_186' title='bbox 2819 1241 3039 1307; x_wconf 89' lang='lat' dir='ltr'>libello</span> <span class='ocrx_word' id='word_1_187' title='bbox 3106 1261 3229 1326; x_wconf 90' lang='lat' dir='ltr'>ego</span> <span class='ocrx_word' id='word_1_188' title='bbox 3294 1241 3689 1324; x_wconf 86' lang='lat' dir='ltr'>respondere</span> <span class='ocrx_word' id='word_1_189' title='bbox 3729 1242 3986 1307; x_wconf 87' lang='lat' dir='ltr'>institui</span> <span class='ocrx_word' id='word_1_190' title='bbox 4007 1294 4021 1318; x_wconf 92' lang='lat'>‚</span> <span class='ocrx_word' id='word_1_191' title='bbox 4090 1240 4286 1306; x_wconf 88' lang='lat' dir='ltr'>simul</span> <span class='ocrx_word' id='word_1_192' title='bbox 4352 1256 4551 1323; x_wconf 85' lang='lat' dir='ltr'>atque</span> 
     </span>
     <span class='ocr_line' id='line_1_29' title="bbox 2598 1325 4550 1410; baseline 0 -18"><span class='ocrx_word' id='word_1_193' title='bbox 2598 1328 2968 1410; x_wconf 80' lang='lat' dir='ltr'>plusculum</span> <span class='ocrx_word' id='word_1_194' title='bbox 3001 1328 3114 1392; x_wconf 86' lang='lat' dir='ltr'>otii</span> <span class='ocrx_word' id='word_1_195' title='bbox 3160 1337 3390 1393; x_wconf 79' lang='lat' dir='ltr'>nactus</span> <span class='ocrx_word' id='word_1_196' title='bbox 3432 1328 3636 1393; x_wconf 86' lang='lat' dir='ltr'>fuero.</span> <span class='ocrx_word' id='word_1_197' title='bbox 3681 1327 3876 1393; x_wconf 88' lang='lat' dir='ltr'>Nunc</span> <span class='ocrx_word' id='word_1_198' title='bbox 3909 1329 4084 1393; x_wconf 89' lang='lat' dir='ltr'>enim</span> <span class='ocrx_word' id='word_1_199' title='bbox 4111 1327 4258 1393; x_wconf 89' lang='lat' dir='ltr'>aliis</span> <span class='ocrx_word' id='word_1_200' title='bbox 4283 1325 4550 1392; x_wconf 84' lang='lat' dir='ltr'>distrin-</span> 
     </span>
     <span class='ocr_line' id='line_1_30' title="bbox 2601 1413 4058 1499; baseline 0 -22"><span class='ocrx_word' id='word_1_201' title='bbox 2601 1435 2748 1499; x_wconf 86' lang='lat' dir='ltr'>gor,</span> <span class='ocrx_word' id='word_1_202' title='bbox 2808 1421 2876 1478; x_wconf 88' lang='lat' dir='ltr'>et</span> <span class='ocrx_word' id='word_1_203' title='bbox 2918 1413 3101 1478; x_wconf 88' lang='lat' dir='ltr'>libris</span> <span class='ocrx_word' id='word_1_204' title='bbox 3145 1414 3342 1478; x_wconf 87' lang='lat' dir='ltr'>etiam</span> <span class='ocrx_word' id='word_1_205' title='bbox 3389 1414 3552 1479; x_wconf 90' lang='lat' dir='ltr'>meis</span> <span class='ocrx_word' id='word_1_206' title='bbox 3596 1413 3812 1480; x_wconf 90' lang='lat' dir='ltr'>adhuc</span> <span class='ocrx_word' id='word_1_207' title='bbox 3853 1433 4058 1480; x_wconf 85' lang='lat' dir='ltr'>careo.</span> 
     </span>
    </p>

    <p class='ocr_par' dir='ltr' id='par_1_15' title="bbox 2595 1499 4552 2012">
     <span class='ocr_line' id='line_1_31' title="bbox 2770 1499 4552 1583; baseline -0.001 -19"><span class='ocrx_word' id='word_1_208' title='bbox 2770 1500 3019 1564; x_wconf 86' lang='lat' dir='ltr'>Rerum</span> <span class='ocrx_word' id='word_1_209' title='bbox 3067 1508 3442 1565; x_wconf 87' lang='lat' dir='ltr'>nostrarum</span> <span class='ocrx_word' id='word_1_210' title='bbox 3475 1499 3706 1565; x_wconf 88' lang='lat' dir='ltr'>faciem</span> <span class='ocrx_word' id='word_1_211' title='bbox 3742 1512 4027 1583; x_wconf 85' lang='lat' dir='ltr'>exponet</span> <span class='ocrx_word' id='word_1_212' title='bbox 4056 1519 4313 1564; x_wconf 90' lang='lat' dir='ltr'>omnem</span> <span class='ocrx_word' id='word_1_213' title='bbox 4346 1501 4552 1564; x_wconf 69' lang='lat' dir='ltr'>stater</span> 
     </span>
     <span class='ocr_line' id='line_1_32' title="bbox 2599 1584 4549 1668; baseline -0.001 -19"><span class='ocrx_word' id='word_1_214' title='bbox 2599 1584 2704 1651; x_wconf 91' lang='lat' dir='ltr'>hic</span> <span class='ocrx_word' id='word_1_215' title='bbox 2749 1595 2971 1651; x_wconf 84' lang='lat' dir='ltr'>noster</span> <span class='ocrx_word' id='word_1_216' title='bbox 3026 1595 3093 1651; x_wconf 93' lang='lat' dir='ltr'>et</span> <span class='ocrx_word' id='word_1_217' title='bbox 3147 1585 3450 1650; x_wconf 90' lang='lat' dir='ltr'>dominus</span> <span class='ocrx_word' id='word_1_218' title='bbox 3493 1586 3606 1668; x_wconf 90' lang='lat' dir='ltr'>qui</span> <span class='ocrx_word' id='word_1_219' title='bbox 3659 1585 3886 1651; x_wconf 88' lang='lat' dir='ltr'>literas</span> <span class='ocrx_word' id='word_1_220' title='bbox 3927 1585 4121 1651; x_wconf 82' lang='lat' dir='ltr'>hasce</span> <span class='ocrx_word' id='word_1_221' title='bbox 4164 1584 4244 1649; x_wconf 89' lang='lat' dir='ltr'>ad</span> <span class='ocrx_word' id='word_1_222' title='bbox 4289 1596 4355 1650; x_wconf 89' lang='lat' dir='ltr'>te</span> <span class='ocrx_word' id='word_1_223' title='bbox 4399 1605 4549 1668; x_wconf 87' lang='lat' dir='ltr'>per-</span> 
     </span>
     <span class='ocr_line' id='line_1_33' title="bbox 2595 1668 4548 1738; baseline 0.001 -3"><span class='ocrx_word' id='word_1_224' title='bbox 2595 1672 2739 1736; x_wconf 88' lang='lat' dir='ltr'>fert.</span> <span class='ocrx_word' id='word_1_225' title='bbox 2827 1672 3051 1738; x_wconf 87' lang='lat' dir='ltr'>Habet</span> <span class='ocrx_word' id='word_1_226' title='bbox 3114 1691 3274 1736; x_wconf 85' lang='lat' dir='ltr'>vero</span> <span class='ocrx_word' id='word_1_227' title='bbox 3351 1668 3473 1736; x_wconf 91' lang='lat' dir='ltr'>sibi</span> <span class='ocrx_word' id='word_1_228' title='bbox 3550 1669 3931 1738; x_wconf 86' lang='lat' dir='ltr'>adiunctum</span> <span class='ocrx_word' id='word_1_229' title='bbox 4015 1673 4318 1736; x_wconf 86' lang='lat' dir='ltr'>iuvenem</span> <span class='ocrx_word' id='word_1_230' title='bbox 4392 1672 4548 1737; x_wconf 90' lang='lat' dir='ltr'>hinc</span> 
     </span>
     <span class='ocr_line' id='line_1_34' title="bbox 2597 1754 4552 1840; baseline 0.001 -19"><span class='ocrx_word' id='word_1_231' title='bbox 2597 1756 2946 1822; x_wconf 89' lang='lat' dir='ltr'>oriundum</span> <span class='ocrx_word' id='word_1_232' title='bbox 2995 1754 3506 1840; x_wconf 71' lang='lat' dir='ltr'>christophorum</span> <span class='ocrx_word' id='word_1_233' title='bbox 3584 1758 3849 1823; x_wconf 90' lang='lat' dir='ltr'>nomine</span> <span class='ocrx_word' id='word_1_234' title='bbox 3893 1758 4173 1839; x_wconf 89' lang='lat' dir='ltr'>pastoris</span> <span class='ocrx_word' id='word_1_235' title='bbox 4211 1756 4314 1823; x_wconf 88' lang='lat' dir='ltr'>hic</span> <span class='ocrx_word' id='word_1_236' title='bbox 4351 1759 4552 1822; x_wconf 88' lang='lat' dir='ltr'>unius</span> 
     </span>
     <span class='ocr_line' id='line_1_35' title="bbox 2595 1842 4549 1927; baseline 0.001 -21"><span class='ocrx_word' id='word_1_237' title='bbox 2595 1844 2807 1908; x_wconf 89' lang='lat' dir='ltr'>filium</span> <span class='ocrx_word' id='word_1_238' title='bbox 2865 1863 3062 1927; x_wconf 91' lang='lat' dir='ltr'>quem</span> <span class='ocrx_word' id='word_1_239' title='bbox 3118 1843 3235 1908; x_wconf 89' lang='lat' dir='ltr'>tibi</span> <span class='ocrx_word' id='word_1_240' title='bbox 3292 1842 3692 1908; x_wconf 90' lang='lat' dir='ltr'>commendo.</span> <span class='ocrx_word' id='word_1_241' title='bbox 3783 1843 3983 1927; x_wconf 89' lang='lat' dir='ltr'>Cupit</span> <span class='ocrx_word' id='word_1_242' title='bbox 4038 1843 4186 1908; x_wconf 89' lang='lat' dir='ltr'>istic</span> <span class='ocrx_word' id='word_1_243' title='bbox 4242 1842 4549 1926; x_wconf 86' lang='lat' dir='ltr'>prosequi</span> 
     </span>
     <span class='ocr_line' id='line_1_36' title="bbox 2597 1926 4547 2012; baseline -0.002 -17"><span class='ocrx_word' id='word_1_244' title='bbox 2597 1951 2718 1995; x_wconf 87' lang='lat' dir='ltr'>sua</span> <span class='ocrx_word' id='word_1_245' title='bbox 2760 1929 3004 1995; x_wconf 87' lang='lat' dir='ltr'>studia:</span> <span class='ocrx_word' id='word_1_246' title='bbox 3062 1929 3283 2011; x_wconf 89' lang='lat' dir='ltr'>itaque</span> <span class='ocrx_word' id='word_1_247' title='bbox 3329 1936 3393 1993; x_wconf 85' lang='lat' dir='ltr'>te</span> <span class='ocrx_word' id='word_1_248' title='bbox 3436 1949 3549 1994; x_wconf 90' lang='lat' dir='ltr'>oro</span> <span class='ocrx_word' id='word_1_249' title='bbox 3594 1941 3667 1995; x_wconf 89' lang='lat' dir='ltr'>ut</span> <span class='ocrx_word' id='word_1_250' title='bbox 3709 1928 3802 1993; x_wconf 87' lang='lat' dir='ltr'>illi</span> <span class='ocrx_word' id='word_1_251' title='bbox 3850 1929 3973 1995; x_wconf 87' lang='lat' dir='ltr'>hac</span> <span class='ocrx_word' id='word_1_252' title='bbox 4015 1929 4086 1992; x_wconf 89' lang='lat' dir='ltr'>in</span> <span class='ocrx_word' id='word_1_253' title='bbox 4130 1940 4316 2012; x_wconf 86' lang='lat' dir='ltr'>parte</span> <span class='ocrx_word' id='word_1_254' title='bbox 4361 1926 4547 1992; x_wconf 88' lang='lat' dir='ltr'>adiu-</span> 
     </span>
    </p>
   </div>
   <div class='ocr_carea' id='block_1_15' title="bbox 542 2006 4551 2098">
    <p class='ocr_par' dir='ltr' id='par_1_16' title="bbox 542 2006 4551 2098">
     <span class='ocr_line' id='line_1_37' title="bbox 542 2006 4551 2098; baseline -0 -17"><span class='ocrx_word' id='word_1_255' title='bbox 542 2035 781 2082; x_wconf 88' lang='lat' dir='ltr'>coenae</span> <span class='ocrx_word' id='word_1_256' title='bbox 825 2013 1030 2096; x_wconf 90' lang='lat' dir='ltr'>ipsius</span> <span class='ocrx_word' id='word_1_257' title='bbox 1074 2014 1265 2097; x_wconf 87' lang='lat' dir='ltr'>signa</span> <span class='ocrx_word' id='word_1_258' title='bbox 1308 2035 1447 2079; x_wconf 91' lang='lat' dir='ltr'>esse</span> <span class='ocrx_word' id='word_1_259' title='bbox 1509 2034 1849 2097; x_wconf 80' lang='lat' dir='ltr'>negemus,</span> <span class='ocrx_word' id='word_1_260' title='bbox 1907 2035 2037 2078; x_wconf 78' lang='lat' dir='ltr'>imo</span> <span class='ocrx_word' id='word_1_261' title='bbox 2094 2034 2251 2078; x_wconf 80' lang='lat' dir='ltr'>vero</span> <span class='ocrx_word' id='word_1_262' title='bbox 2312 2014 2497 2095; x_wconf 88' lang='lat' dir='ltr'>quasi</span> <span class='ocrx_word' id='word_1_263' title='bbox 2543 2006 2550 2085; x_wconf 85' lang='grc' dir='ltr'>Ι</span> <span class='ocrx_word' id='word_1_264' title='bbox 2597 2025 2817 2081; x_wconf 89' lang='lat' dir='ltr'>mento</span> <span class='ocrx_word' id='word_1_265' title='bbox 2860 2035 3001 2080; x_wconf 90' lang='lat' dir='ltr'>esse</span> <span class='ocrx_word' id='word_1_266' title='bbox 3036 2014 3215 2080; x_wconf 82' lang='lat' dir='ltr'>velis.</span> <span class='ocrx_word' id='word_1_267' title='bbox 3305 2013 3499 2095; x_wconf 77' lang='lat' dir='ltr'>Quod</span> <span class='ocrx_word' id='word_1_268' title='bbox 3542 2024 3870 2098; x_wconf 86' lang='lat' dir='ltr'>superest,</span> <span class='ocrx_word' id='word_1_269' title='bbox 3916 2037 4021 2081; x_wconf 90' lang='lat' dir='ltr'>me</span> <span class='ocrx_word' id='word_1_270' title='bbox 4069 2015 4367 2096; x_wconf 87' lang='lat' dir='ltr'>precibus</span> <span class='ocrx_word' id='word_1_271' title='bbox 4411 2015 4551 2079; x_wconf 85' lang='lat' dir='ltr'>tuis</span> 
     </span>
    </p>
   </div>
   <div class='ocr_carea' id='block_1_16' title="bbox 534 2098 2497 5015">
    <p class='ocr_par' dir='ltr' id='par_1_17' title="bbox 534 2098 2497 5015">
     <span class='ocr_line' id='line_1_38' title="bbox 541 2098 2496 2182; baseline -0.001 -18"><span class='ocrx_word' id='word_1_272' title='bbox 541 2120 674 2165; x_wconf 91' lang='lat' dir='ltr'>non</span> <span class='ocrx_word' id='word_1_273' title='bbox 739 2098 965 2164; x_wconf 89' lang='lat' dir='ltr'>eadem</span> <span class='ocrx_word' id='word_1_274' title='bbox 1031 2100 1175 2182; x_wconf 83' lang='lat' dir='ltr'>ipsa</span> <span class='ocrx_word' id='word_1_275' title='bbox 1227 2119 1423 2181; x_wconf 89' lang='lat' dir='ltr'>opera</span> <span class='ocrx_word' id='word_1_276' title='bbox 1477 2098 1820 2165; x_wconf 86' lang='lat' dir='ltr'>doceamus</span> <span class='ocrx_word' id='word_1_277' title='bbox 1878 2118 2113 2182; x_wconf 90' lang='lat' dir='ltr'>panem</span> <span class='ocrx_word' id='word_1_278' title='bbox 2157 2111 2224 2163; x_wconf 90' lang='lat' dir='ltr'>et</span> <span class='ocrx_word' id='word_1_279' title='bbox 2267 2099 2496 2163; x_wconf 84' lang='lat' dir='ltr'>viuum</span> 
     </span>
     <span class='ocr_line' id='line_1_39' title="bbox 542 2184 2495 2269; baseline -0.002 -18"><span class='ocrx_word' id='word_1_280' title='bbox 542 2187 609 2251; x_wconf 89' lang='lat' dir='ltr'>in</span> <span class='ocrx_word' id='word_1_281' title='bbox 670 2206 871 2251; x_wconf 88' lang='lat' dir='ltr'>coena</span> <span class='ocrx_word' id='word_1_282' title='bbox 926 2206 1065 2250; x_wconf 89' lang='lat' dir='ltr'>esse</span> <span class='ocrx_word' id='word_1_283' title='bbox 1127 2185 1315 2268; x_wconf 87' lang='lat' dir='ltr'>signa</span> <span class='ocrx_word' id='word_1_284' title='bbox 1370 2185 1661 2267; x_wconf 90' lang='lat' dir='ltr'>corporis</span> <span class='ocrx_word' id='word_1_285' title='bbox 1720 2194 1787 2250; x_wconf 91' lang='lat' dir='ltr'>et</span> <span class='ocrx_word' id='word_1_286' title='bbox 1843 2186 2183 2269; x_wconf 88' lang='lat' dir='ltr'>sanguinis</span> <span class='ocrx_word' id='word_1_287' title='bbox 2223 2184 2495 2265; x_wconf 84' lang='lat' dir='ltr'>Christi,</span> 
     </span>
     <span class='ocr_line' id='line_1_40' title="bbox 541 2270 2497 2355; baseline -0.001 -19"><span class='ocrx_word' id='word_1_288' title='bbox 541 2270 699 2336; x_wconf 88' lang='lat' dir='ltr'>dum</span> <span class='ocrx_word' id='word_1_289' title='bbox 759 2291 983 2336; x_wconf 89' lang='lat' dir='ltr'>eorum</span> <span class='ocrx_word' id='word_1_290' title='bbox 1051 2271 1608 2353; x_wconf 80' lang='lat' dir='ltr'>participationem</span> <span class='ocrx_word' id='word_1_291' title='bbox 1670 2272 1935 2355; x_wconf 88' lang='lat' dir='ltr'>signum</span> <span class='ocrx_word' id='word_1_292' title='bbox 1989 2271 2062 2334; x_wconf 90' lang='lat' dir='ltr'>in</span> <span class='ocrx_word' id='word_1_293' title='bbox 2104 2291 2307 2336; x_wconf 89' lang='lat' dir='ltr'>coena</span> <span class='ocrx_word' id='word_1_294' title='bbox 2351 2292 2497 2336; x_wconf 89' lang='lat' dir='ltr'>esse</span> 
     </span>
     <span class='ocr_line' id='line_1_41' title="bbox 542 2355 2496 2423; baseline 0 -2"><span class='ocrx_word' id='word_1_295' title='bbox 542 2356 848 2423; x_wconf 84' lang='lat' dir='ltr'>docemus</span> <span class='ocrx_word' id='word_1_296' title='bbox 883 2360 1147 2421; x_wconf 86' lang='lat' dir='ltr'>nostrae</span> <span class='ocrx_word' id='word_1_297' title='bbox 1192 2376 1340 2420; x_wconf 89' lang='lat' dir='ltr'>cum</span> <span class='ocrx_word' id='word_1_298' title='bbox 1387 2355 1654 2423; x_wconf 89' lang='lat' dir='ltr'>Christo</span> <span class='ocrx_word' id='word_1_299' title='bbox 1696 2357 1980 2421; x_wconf 88' lang='lat' dir='ltr'>Domino</span> <span class='ocrx_word' id='word_1_300' title='bbox 2023 2357 2496 2422; x_wconf 88' lang='lat' dir='ltr'>communionis</span> 
     </span>
     <span class='ocr_line' id='line_1_42' title="bbox 540 2441 2495 2525; baseline -0.001 -18"><span class='ocrx_word' id='word_1_301' title='bbox 540 2444 608 2507; x_wconf 91' lang='lat' dir='ltr'>in</span> <span class='ocrx_word' id='word_1_302' title='bbox 654 2462 921 2525; x_wconf 90' lang='lat' dir='ltr'>corpore</span> <span class='ocrx_word' id='word_1_303' title='bbox 963 2450 1029 2507; x_wconf 92' lang='lat' dir='ltr'>et</span> <span class='ocrx_word' id='word_1_304' title='bbox 1073 2443 1390 2525; x_wconf 85' lang='lat' dir='ltr'>sanguine</span> <span class='ocrx_word' id='word_1_305' title='bbox 1436 2443 1655 2524; x_wconf 90' lang='lat' dir='ltr'>ipsius,</span> <span class='ocrx_word' id='word_1_306' title='bbox 1702 2442 1826 2508; x_wconf 90' lang='lat' dir='ltr'>nisi</span> <span class='ocrx_word' id='word_1_307' title='bbox 1872 2441 2042 2524; x_wconf 89' lang='lat' dir='ltr'>quod</span> <span class='ocrx_word' id='word_1_308' title='bbox 2076 2442 2495 2524; x_wconf 89' lang='lat' dir='ltr'>quemadmo-</span> 
     </span>
     <span class='ocr_line' id='line_1_43' title="bbox 544 2527 2494 2611; baseline -0.001 -19"><span class='ocrx_word' id='word_1_309' title='bbox 544 2527 702 2592; x_wconf 87' lang='lat' dir='ltr'>dum</span> <span class='ocrx_word' id='word_1_310' title='bbox 747 2547 986 2593; x_wconf 89' lang='lat' dir='ltr'>coenae</span> <span class='ocrx_word' id='word_1_311' title='bbox 1022 2549 1086 2592; x_wconf 94' lang='lat' dir='ltr'>m</span> <span class='ocrx_word' id='word_1_312' title='bbox 1138 2530 1409 2591; x_wconf 86' lang='lat' dir='ltr'>sterium</span> <span class='ocrx_word' id='word_1_313' title='bbox 1456 2549 1590 2593; x_wconf 91' lang='lat' dir='ltr'>non</span> <span class='ocrx_word' id='word_1_314' title='bbox 1637 2537 1737 2593; x_wconf 90' lang='lat' dir='ltr'>est</span> <span class='ocrx_word' id='word_1_315' title='bbox 1779 2527 2144 2594; x_wconf 87' lang='lat' dir='ltr'>substantia</span> <span class='ocrx_word' id='word_1_316' title='bbox 2201 2528 2494 2611; x_wconf 89' lang='lat' dir='ltr'>corporis</span> 
     </span>
     <span class='ocr_line' id='line_1_44' title="bbox 539 2612 2493 2698; baseline -0.001 -19"><span class='ocrx_word' id='word_1_317' title='bbox 539 2612 785 2679; x_wconf 87' lang='lat' dir='ltr'>Christi</span> <span class='ocrx_word' id='word_1_318' title='bbox 832 2614 1169 2689; x_wconf 75' lang='lat' dir='ltr'>naturalis,</span> <span class='ocrx_word' id='word_1_319' title='bbox 1213 2612 1328 2678; x_wconf 88' lang='lat' dir='ltr'>sed</span> <span class='ocrx_word' id='word_1_320' title='bbox 1374 2623 1601 2678; x_wconf 86' lang='lat' dir='ltr'>nostra</span> <span class='ocrx_word' id='word_1_321' title='bbox 1646 2616 1714 2677; x_wconf 87' lang='lat' dir='ltr'>in</span> <span class='ocrx_word' id='word_1_322' title='bbox 1760 2634 2025 2698; x_wconf 89' lang='lat' dir='ltr'>corpore</span> <span class='ocrx_word' id='word_1_323' title='bbox 2059 2612 2305 2679; x_wconf 88' lang='lat' dir='ltr'>Christi</span> <span class='ocrx_word' id='word_1_324' title='bbox 2341 2633 2493 2679; x_wconf 91' lang='lat' dir='ltr'>cum</span> 
     </span>
     <span class='ocr_line' id='line_1_45' title="bbox 536 2700 2492 2783; baseline 0 -20"><span class='ocrx_word' id='word_1_325' title='bbox 536 2701 676 2782; x_wconf 90' lang='lat' dir='ltr'>ipso</span> <span class='ocrx_word' id='word_1_326' title='bbox 713 2701 1098 2775; x_wconf 86' lang='lat' dir='ltr'>communio,</span> <span class='ocrx_word' id='word_1_327' title='bbox 1146 2700 1241 2765; x_wconf 86' lang='lat' dir='ltr'>ita</span> <span class='ocrx_word' id='word_1_328' title='bbox 1276 2700 1540 2783; x_wconf 88' lang='lat' dir='ltr'>signum</span> <span class='ocrx_word' id='word_1_329' title='bbox 1586 2719 1842 2783; x_wconf 90' lang='lat' dir='ltr'>quoque</span> <span class='ocrx_word' id='word_1_330' title='bbox 1892 2720 2131 2765; x_wconf 89' lang='lat' dir='ltr'>coenae</span> <span class='ocrx_word' id='word_1_331' title='bbox 2176 2720 2317 2764; x_wconf 90' lang='lat' dir='ltr'>esse</span> <span class='ocrx_word' id='word_1_332' title='bbox 2362 2720 2492 2763; x_wconf 91' lang='lat' dir='ltr'>non</span> 
     </span>
     <span class='ocr_line' id='line_1_46' title="bbox 536 2784 2493 2870; baseline 0.001 -21"><span class='ocrx_word' id='word_1_333' title='bbox 536 2787 745 2869; x_wconf 89' lang='lat' dir='ltr'>possit</span> <span class='ocrx_word' id='word_1_334' title='bbox 790 2787 974 2867; x_wconf 89' lang='lat' dir='ltr'>panis</span> <span class='ocrx_word' id='word_1_335' title='bbox 1019 2786 1157 2870; x_wconf 89' lang='lat' dir='ltr'>ipse</span> <span class='ocrx_word' id='word_1_336' title='bbox 1203 2796 1317 2849; x_wconf 88' lang='lat' dir='ltr'>aut</span> <span class='ocrx_word' id='word_1_337' title='bbox 1364 2786 1589 2850; x_wconf 88' lang='lat' dir='ltr'>vinum</span> <span class='ocrx_word' id='word_1_338' title='bbox 1652 2787 1714 2849; x_wconf 88' lang='lat' dir='ltr'>in</span> <span class='ocrx_word' id='word_1_339' title='bbox 1771 2804 2000 2863; x_wconf 90' lang='lat' dir='ltr'>coena,</span> <span class='ocrx_word' id='word_1_340' title='bbox 2069 2784 2183 2850; x_wconf 91' lang='lat' dir='ltr'>sed</span> <span class='ocrx_word' id='word_1_341' title='bbox 2229 2784 2493 2850; x_wconf 91' lang='lat' dir='ltr'>illorum</span> 
     </span>
     <span class='ocr_line' id='line_1_47' title="bbox 581 2868 2492 2953; baseline -0.001 -17"><span class='ocrx_word' id='word_1_342' title='bbox 581 2872 947 2953; x_wconf 87' lang='lat' dir='ltr'>articipatio</span> <span class='ocrx_word' id='word_1_343' title='bbox 990 2881 1065 2934; x_wconf 88' lang='lat' dir='ltr'>ut</span> <span class='ocrx_word' id='word_1_344' title='bbox 1107 2881 1207 2935; x_wconf 89' lang='lat' dir='ltr'>est</span> <span class='ocrx_word' id='word_1_345' title='bbox 1252 2892 1291 2934; x_wconf 83' lang='lat' dir='ltr'>a</span> <span class='ocrx_word' id='word_1_346' title='bbox 1326 2870 1593 2935; x_wconf 87' lang='lat' dir='ltr'>Christo</span> <span class='ocrx_word' id='word_1_347' title='bbox 1638 2869 1925 2934; x_wconf 90' lang='lat' dir='ltr'>Domino</span> <span class='ocrx_word' id='word_1_348' title='bbox 1960 2870 2280 2934; x_wconf 85' lang='lat' dir='ltr'>instituta.</span> <span class='ocrx_word' id='word_1_349' title='bbox 2355 2868 2492 2935; x_wconf 80' lang='lat' dir='ltr'>Sed</span> 
     </span>
     <span class='ocr_line' id='line_1_48' title="bbox 540 2953 2492 3037; baseline -0.001 -16"><span class='ocrx_word' id='word_1_350' title='bbox 540 2958 653 3023; x_wconf 80' lang='lat' dir='ltr'>1sti</span> <span class='ocrx_word' id='word_1_351' title='bbox 698 2978 827 3021; x_wconf 90' lang='lat' dir='ltr'>non</span> <span class='ocrx_word' id='word_1_352' title='bbox 876 2954 1101 3020; x_wconf 86' lang='lat' dir='ltr'>vident</span> <span class='ocrx_word' id='word_1_353' title='bbox 1143 2953 1322 3020; x_wconf 90' lang='lat' dir='ltr'>aliud</span> <span class='ocrx_word' id='word_1_354' title='bbox 1369 2977 1510 3021; x_wconf 89' lang='lat' dir='ltr'>esse</span> <span class='ocrx_word' id='word_1_355' title='bbox 1542 2976 1812 3022; x_wconf 91' lang='lat' dir='ltr'>coenam</span> <span class='ocrx_word' id='word_1_356' title='bbox 1848 2956 2077 3037; x_wconf 88' lang='lat' dir='ltr'>ipsam,</span> <span class='ocrx_word' id='word_1_357' title='bbox 2122 2954 2300 3019; x_wconf 87' lang='lat' dir='ltr'>aliud</span> <span class='ocrx_word' id='word_1_358' title='bbox 2337 2977 2492 3021; x_wconf 86' lang='lat' dir='ltr'>vero</span> 
     </span>
     <span class='ocr_line' id='line_1_49' title="bbox 534 3040 2495 3126; baseline -0.002 -16"><span class='ocrx_word' id='word_1_359' title='bbox 534 3064 770 3126; x_wconf 90' lang='lat' dir='ltr'>corpus</span> <span class='ocrx_word' id='word_1_360' title='bbox 815 3040 1085 3118; x_wconf 86' lang='lat' dir='ltr'>Christi,</span> <span class='ocrx_word' id='word_1_361' title='bbox 1131 3052 1207 3106; x_wconf 92' lang='lat' dir='ltr'>ut</span> <span class='ocrx_word' id='word_1_362' title='bbox 1250 3041 1506 3108; x_wconf 83' lang='lat' dir='ltr'>etiamsi</span> <span class='ocrx_word' id='word_1_363' title='bbox 1542 3060 1781 3125; x_wconf 86' lang='lat' dir='ltr'>panem</span> <span class='ocrx_word' id='word_1_364' title='bbox 1815 3051 1880 3106; x_wconf 90' lang='lat' dir='ltr'>et-</span> <span class='ocrx_word' id='word_1_365' title='bbox 1916 3040 2145 3106; x_wconf 85' lang='lat' dir='ltr'>vinum</span> <span class='ocrx_word' id='word_1_366' title='bbox 2182 3040 2251 3106; x_wconf 89' lang='lat' dir='ltr'>in</span> <span class='ocrx_word' id='word_1_367' title='bbox 2290 3060 2495 3108; x_wconf 87' lang='lat' dir='ltr'>coena</span> 
     </span>
     <span class='ocr_line' id='line_1_50' title="bbox 537 3126 2493 3213; baseline 0 -19"><span class='ocrx_word' id='word_1_368' title='bbox 537 3129 802 3213; x_wconf 89' lang='lat' dir='ltr'>signum</span> <span class='ocrx_word' id='word_1_369' title='bbox 870 3148 1109 3193; x_wconf 85' lang='lat' dir='ltr'>coenae</span> <span class='ocrx_word' id='word_1_370' title='bbox 1174 3127 1377 3210; x_wconf 90' lang='lat' dir='ltr'>ipsius</span> <span class='ocrx_word' id='word_1_371' title='bbox 1443 3149 1584 3193; x_wconf 88' lang='lat' dir='ltr'>esse</span> <span class='ocrx_word' id='word_1_372' title='bbox 1649 3147 1995 3211; x_wconf 81' lang='lat' dir='ltr'>negemus,</span> <span class='ocrx_word' id='word_1_373' title='bbox 2064 3126 2493 3194; x_wconf 87' lang='lat' dir='ltr'>nihilominus</span> 
     </span>
     <span class='ocr_line' id='line_1_51' title="bbox 536 3211 2492 3298; baseline 0 -20"><span class='ocrx_word' id='word_1_374' title='bbox 536 3225 758 3280; x_wconf 85' lang='lat' dir='ltr'>tamen</span> <span class='ocrx_word' id='word_1_375' title='bbox 803 3213 917 3278; x_wconf 79' lang='lat' dir='ltr'>illa</span> <span class='ocrx_word' id='word_1_376' title='bbox 960 3215 1248 3297; x_wconf 87' lang='lat' dir='ltr'>corporis</span> <span class='ocrx_word' id='word_1_377' title='bbox 1271 3221 1339 3278; x_wconf 90' lang='lat' dir='ltr'>et</span> <span class='ocrx_word' id='word_1_378' title='bbox 1373 3212 1717 3298; x_wconf 84' lang='lat' dir='ltr'>sanguinis</span> <span class='ocrx_word' id='word_1_379' title='bbox 1740 3211 1991 3279; x_wconf 88' lang='lat' dir='ltr'>Christi</span> <span class='ocrx_word' id='word_1_380' title='bbox 2014 3213 2311 3298; x_wconf 83' lang='lat' dir='ltr'>symbola</span> <span class='ocrx_word' id='word_1_381' title='bbox 2341 3234 2492 3279; x_wconf 90' lang='lat' dir='ltr'>cum</span> 
     </span>
     <span class='ocr_line' id='line_1_52' title="bbox 537 3297 2489 3368; baseline -0.001 -3"><span class='ocrx_word' id='word_1_382' title='bbox 537 3299 859 3368; x_wconf 85' lang='lat' dir='ltr'>catholiea</span> <span class='ocrx_word' id='word_1_383' title='bbox 911 3299 1164 3365; x_wconf 82' lang='lat' dir='ltr'>Christi</span> <span class='ocrx_word' id='word_1_384' title='bbox 1219 3298 1491 3365; x_wconf 89' lang='lat' dir='ltr'>ecclesia</span> <span class='ocrx_word' id='word_1_385' title='bbox 1545 3319 1689 3364; x_wconf 88' lang='lat' dir='ltr'>esse</span> <span class='ocrx_word' id='word_1_386' title='bbox 1747 3297 2109 3365; x_wconf 81' lang='lat' dir='ltr'>doceamus.</span> <span class='ocrx_word' id='word_1_387' title='bbox 2202 3300 2489 3365; x_wconf 77' lang='lat' dir='ltr'>Tantum</span> 
     </span>
     <span class='ocr_line' id='line_1_53' title="bbox 538 3383 2491 3470; baseline 0 -20"><span class='ocrx_word' id='word_1_388' title='bbox 538 3387 660 3453; x_wconf 88' lang='lat' dir='ltr'>hoc</span> <span class='ocrx_word' id='word_1_389' title='bbox 704 3387 771 3450; x_wconf 91' lang='lat' dir='ltr'>in</span> <span class='ocrx_word' id='word_1_390' title='bbox 818 3397 1166 3470; x_wconf 86' lang='lat' dir='ltr'>prospectu</span> <span class='ocrx_word' id='word_1_391' title='bbox 1212 3384 1486 3450; x_wconf 86' lang='lat' dir='ltr'>habent:</span> <span class='ocrx_word' id='word_1_392' title='bbox 1532 3384 1705 3468; x_wconf 92' lang='lat' dir='ltr'>quod</span> <span class='ocrx_word' id='word_1_393' title='bbox 1729 3383 1885 3449; x_wconf 86' lang='lat' dir='ltr'>dum</span> <span class='ocrx_word' id='word_1_394' title='bbox 1909 3405 2149 3468; x_wconf 87' lang='lat' dir='ltr'>panem</span> <span class='ocrx_word' id='word_1_395' title='bbox 2172 3394 2238 3450; x_wconf 90' lang='lat' dir='ltr'>et</span> <span class='ocrx_word' id='word_1_396' title='bbox 2262 3385 2491 3450; x_wconf 88' lang='lat' dir='ltr'>vinum</span> 
     </span>
     <span class='ocr_line' id='line_1_54' title="bbox 535 3469 2490 3558; baseline 0.001 -22"><span class='ocrx_word' id='word_1_397' title='bbox 535 3473 726 3558; x_wconf 83' lang='lat' dir='ltr'>signa</span> <span class='ocrx_word' id='word_1_398' title='bbox 763 3493 1003 3538; x_wconf 88' lang='lat' dir='ltr'>coenae</span> <span class='ocrx_word' id='word_1_399' title='bbox 1048 3493 1188 3538; x_wconf 88' lang='lat' dir='ltr'>esse</span> <span class='ocrx_word' id='word_1_400' title='bbox 1227 3491 1564 3555; x_wconf 82' lang='lat' dir='ltr'>negamus,</span> <span class='ocrx_word' id='word_1_401' title='bbox 1591 3469 1716 3535; x_wconf 90' lang='lat' dir='ltr'>sibi</span> <span class='ocrx_word' id='word_1_402' title='bbox 1753 3470 1980 3536; x_wconf 86' lang='lat' dir='ltr'>vident</span> <span class='ocrx_word' id='word_1_403' title='bbox 2013 3493 2272 3537; x_wconf 91' lang='lat' dir='ltr'>omnem</span> <span class='ocrx_word' id='word_1_404' title='bbox 2306 3491 2490 3538; x_wconf 88' lang='lat' dir='ltr'>occa-</span> 
     </span>
     <span class='ocr_line' id='line_1_55' title="bbox 535 3555 2489 3641; baseline -0.001 -17"><span class='ocrx_word' id='word_1_405' title='bbox 535 3559 787 3624; x_wconf 86' lang='lat' dir='ltr'>sionem</span> <span class='ocrx_word' id='word_1_406' title='bbox 846 3555 1340 3624; x_wconf 84' lang='lat' dir='ltr'>constituendae</span> <span class='ocrx_word' id='word_1_407' title='bbox 1398 3579 1553 3622; x_wconf 87' lang='lat' dir='ltr'>suae</span> <span class='ocrx_word' id='word_1_408' title='bbox 1619 3555 1794 3622; x_wconf 87' lang='lat' dir='ltr'>illius</span> <span class='ocrx_word' id='word_1_409' title='bbox 1863 3558 2120 3622; x_wconf 82' lang='lat' dir='ltr'>unionis</span> <span class='ocrx_word' id='word_1_410' title='bbox 2199 3559 2489 3641; x_wconf 88' lang='lat' dir='ltr'>corporis</span> 
     </span>
     <span class='ocr_line' id='line_1_56' title="bbox 534 3641 2490 3728; baseline -0.001 -17"><span class='ocrx_word' id='word_1_411' title='bbox 534 3644 789 3711; x_wconf 86' lang='lat' dir='ltr'>Christi</span> <span class='ocrx_word' id='word_1_412' title='bbox 846 3665 995 3710; x_wconf 86' lang='lat' dir='ltr'>eum</span> <span class='ocrx_word' id='word_1_413' title='bbox 1066 3649 1313 3728; x_wconf 72' lang='lat' dir='ltr'>pane.⁸)</span> <span class='ocrx_word' id='word_1_414' title='bbox 1424 3644 1517 3708; x_wconf 81' lang='lat' dir='ltr'>Ut</span> <span class='ocrx_word' id='word_1_415' title='bbox 1582 3641 1758 3707; x_wconf 89' lang='lat' dir='ltr'>enim</span> <span class='ocrx_word' id='word_1_416' title='bbox 1824 3645 2197 3709; x_wconf 88' lang='lat' dir='ltr'>communio</span> <span class='ocrx_word' id='word_1_417' title='bbox 2263 3652 2490 3709; x_wconf 86' lang='lat' dir='ltr'>nostra</span> 
     </span>
     <span class='ocr_line' id='line_1_57' title="bbox 534 3729 2486 3815; baseline -0.001 -19"><span class='ocrx_word' id='word_1_418' title='bbox 534 3751 685 3796; x_wconf 90' lang='lat' dir='ltr'>eum</span> <span class='ocrx_word' id='word_1_419' title='bbox 755 3729 1022 3796; x_wconf 88' lang='lat' dir='ltr'>Christo</span> <span class='ocrx_word' id='word_1_420' title='bbox 1096 3730 1378 3795; x_wconf 89' lang='lat' dir='ltr'>Domino</span> <span class='ocrx_word' id='word_1_421' title='bbox 1446 3731 1511 3794; x_wconf 90' lang='lat' dir='ltr'>iu</span> <span class='ocrx_word' id='word_1_422' title='bbox 1562 3749 1830 3812; x_wconf 90' lang='lat' dir='ltr'>corpore</span> <span class='ocrx_word' id='word_1_423' title='bbox 1885 3729 2091 3812; x_wconf 88' lang='lat' dir='ltr'>ipsius</span> <span class='ocrx_word' id='word_1_424' title='bbox 2148 3751 2278 3795; x_wconf 91' lang='lat' dir='ltr'>non</span> <span class='ocrx_word' id='word_1_425' title='bbox 2321 3750 2486 3815; x_wconf 91' lang='lat' dir='ltr'>opus</span> 
     </span>
     <span class='ocr_line' id='line_1_58' title="bbox 536 3815 2487 3898; baseline -0.001 -17"><span class='ocrx_word' id='word_1_426' title='bbox 536 3817 736 3883; x_wconf 85' lang='lat' dir='ltr'>habet</span> <span class='ocrx_word' id='word_1_427' title='bbox 780 3815 917 3881; x_wconf 88' lang='lat' dir='ltr'>ulla</span> <span class='ocrx_word' id='word_1_428' title='bbox 962 3816 1141 3892; x_wconf 86' lang='lat' dir='ltr'>reali,</span> <span class='ocrx_word' id='word_1_429' title='bbox 1188 3825 1264 3880; x_wconf 90' lang='lat' dir='ltr'>ut</span> <span class='ocrx_word' id='word_1_430' title='bbox 1298 3823 1569 3892; x_wconf 78' lang='lat' dir='ltr'>vocant,</span> <span class='ocrx_word' id='word_1_431' title='bbox 1614 3815 1905 3898; x_wconf 87' lang='lat' dir='ltr'>corporis</span> <span class='ocrx_word' id='word_1_432' title='bbox 1948 3816 2153 3898; x_wconf 91' lang='lat' dir='ltr'>ipsius</span> <span class='ocrx_word' id='word_1_433' title='bbox 2189 3836 2305 3898; x_wconf 91' lang='lat' dir='ltr'>per</span> <span class='ocrx_word' id='word_1_434' title='bbox 2347 3837 2487 3880; x_wconf 85' lang='lat' dir='ltr'>ma-</span> 
     </span>
     <span class='ocr_line' id='line_1_59' title="bbox 536 3899 2487 3984; baseline -0.001 -17"><span class='ocrx_word' id='word_1_435' title='bbox 536 3923 695 3967; x_wconf 89' lang='lat' dir='ltr'>num</span> <span class='ocrx_word' id='word_1_436' title='bbox 764 3901 1052 3967; x_wconf 88' lang='lat' dir='ltr'>ministri</span> <span class='ocrx_word' id='word_1_437' title='bbox 1117 3899 1547 3978; x_wconf 83' lang='lat' dir='ltr'>exhibitione,</span> <span class='ocrx_word' id='word_1_438' title='bbox 1630 3913 1954 3984; x_wconf 89' lang='lat' dir='ltr'>quatenus</span> <span class='ocrx_word' id='word_1_439' title='bbox 2027 3901 2289 3984; x_wconf 89' lang='lat' dir='ltr'>quidem</span> <span class='ocrx_word' id='word_1_440' title='bbox 2357 3901 2487 3966; x_wconf 89' lang='lat' dir='ltr'>fide</span> 
     </span>
     <span class='ocr_line' id='line_1_60' title="bbox 534 3986 2487 4072; baseline -0.001 -19"><span class='ocrx_word' id='word_1_441' title='bbox 534 3997 809 4066; x_wconf 82' lang='lat' dir='ltr'>constat,</span> <span class='ocrx_word' id='word_1_442' title='bbox 855 3990 950 4052; x_wconf 87' lang='lat' dir='ltr'>ita</span> <span class='ocrx_word' id='word_1_443' title='bbox 987 4009 1195 4070; x_wconf 86' lang='lat' dir='ltr'>neque</span> <span class='ocrx_word' id='word_1_444' title='bbox 1235 3989 1302 4052; x_wconf 91' lang='lat' dir='ltr'>in</span> <span class='ocrx_word' id='word_1_445' title='bbox 1335 3987 1524 4071; x_wconf 90' lang='lat' dir='ltr'>signo</span> <span class='ocrx_word' id='word_1_446' title='bbox 1567 3986 1776 4070; x_wconf 90' lang='lat' dir='ltr'>ipsius</span> <span class='ocrx_word' id='word_1_447' title='bbox 1800 3986 2063 4072; x_wconf 88' lang='lat' dir='ltr'>(nempe</span> <span class='ocrx_word' id='word_1_448' title='bbox 2097 3989 2273 4052; x_wconf 91' lang='lat' dir='ltr'>enim</span> <span class='ocrx_word' id='word_1_449' title='bbox 2298 3988 2487 4071; x_wconf 87' lang='lat' dir='ltr'>panis</span> 
     </span>
     <span class='ocr_line' id='line_1_61' title="bbox 534 4071 2487 4157; baseline 0.001 -20"><span class='ocrx_word' id='word_1_450' title='bbox 534 4085 602 4138; x_wconf 88' lang='lat' dir='ltr'>et</span> <span class='ocrx_word' id='word_1_451' title='bbox 658 4073 870 4157; x_wconf 89' lang='lat' dir='ltr'>poculi</span> <span class='ocrx_word' id='word_1_452' title='bbox 928 4073 1453 4157; x_wconf 87' lang='lat' dir='ltr'>participatione)</span> <span class='ocrx_word' id='word_1_453' title='bbox 1511 4071 1721 4137; x_wconf 87' lang='lat' dir='ltr'>multo</span> <span class='ocrx_word' id='word_1_454' title='bbox 1763 4073 1981 4138; x_wconf 89' lang='lat' dir='ltr'>minus</span> <span class='ocrx_word' id='word_1_455' title='bbox 2040 4082 2154 4138; x_wconf 90' lang='lat' dir='ltr'>aut</span> <span class='ocrx_word' id='word_1_456' title='bbox 2216 4075 2285 4138; x_wconf 90' lang='lat' dir='ltr'>in</span> <span class='ocrx_word' id='word_1_457' title='bbox 2344 4073 2487 4157; x_wconf 91' lang='lat' dir='ltr'>ipso</span> 
     </span>
     <span class='ocr_line' id='line_1_62' title="bbox 536 4157 2486 4243; baseline 0.001 -19"><span class='ocrx_word' id='word_1_458' title='bbox 536 4179 705 4242; x_wconf 87' lang='lat' dir='ltr'>pane</span> <span class='ocrx_word' id='word_1_459' title='bbox 771 4180 847 4224; x_wconf 91' lang='lat' dir='ltr'>ac</span> <span class='ocrx_word' id='word_1_460' title='bbox 907 4159 1057 4224; x_wconf 85' lang='lat' dir='ltr'>vino</span> <span class='ocrx_word' id='word_1_461' title='bbox 1122 4180 1284 4241; x_wconf 87' lang='lat' dir='ltr'>opus</span> <span class='ocrx_word' id='word_1_462' title='bbox 1350 4160 1438 4225; x_wconf 90' lang='lat' dir='ltr'>sit</span> <span class='ocrx_word' id='word_1_463' title='bbox 1492 4157 1630 4223; x_wconf 85' lang='lat' dir='ltr'>ulla</span> <span class='ocrx_word' id='word_1_464' title='bbox 1676 4160 1941 4224; x_wconf 90' lang='lat' dir='ltr'>omnino</span> <span class='ocrx_word' id='word_1_465' title='bbox 1992 4158 2157 4224; x_wconf 81' lang='lat' dir='ltr'>reali</span> <span class='ocrx_word' id='word_1_466' title='bbox 2198 4160 2486 4243; x_wconf 81' lang='lat' dir='ltr'>corporis</span> 
     </span>
     <span class='ocr_line' id='line_1_63' title="bbox 538 4244 2485 4328; baseline -0.002 -16"><span class='ocrx_word' id='word_1_467' title='bbox 538 4244 791 4312; x_wconf 84' lang='lat' dir='ltr'>Christi</span> <span class='ocrx_word' id='word_1_468' title='bbox 837 4265 910 4310; x_wconf 87' lang='lat' dir='ltr'>ac</span> <span class='ocrx_word' id='word_1_469' title='bbox 946 4246 1287 4328; x_wconf 90' lang='lat' dir='ltr'>sanguinis</span> <span class='ocrx_word' id='word_1_470' title='bbox 1324 4246 1681 4311; x_wconf 86' lang='lat' dir='ltr'>inclusione</span> <span class='ocrx_word' id='word_1_471' title='bbox 1727 4255 1840 4310; x_wconf 88' lang='lat' dir='ltr'>aut</span> <span class='ocrx_word' id='word_1_472' title='bbox 1882 4244 2024 4310; x_wconf 90' lang='lat' dir='ltr'>eius</span> <span class='ocrx_word' id='word_1_473' title='bbox 2067 4245 2485 4311; x_wconf 85' lang='lat' dir='ltr'>exhibitione.</span> 
     </span>
     <span class='ocr_line' id='line_1_64' title="bbox 536 4328 2485 4416; baseline 0 -21"><span class='ocrx_word' id='word_1_474' title='bbox 536 4330 686 4397; x_wconf 89' lang='lat' dir='ltr'>Hoc</span> <span class='ocrx_word' id='word_1_475' title='bbox 731 4328 958 4396; x_wconf 80' lang='lat' dir='ltr'>vident</span> <span class='ocrx_word' id='word_1_476' title='bbox 994 4332 1320 4414; x_wconf 88' lang='lat' dir='ltr'>(inquam)</span> <span class='ocrx_word' id='word_1_477' title='bbox 1356 4343 1422 4396; x_wconf 88' lang='lat' dir='ltr'>et</span> <span class='ocrx_word' id='word_1_478' title='bbox 1451 4330 1719 4415; x_wconf 88' lang='lat' dir='ltr'>proinde</span> <span class='ocrx_word' id='word_1_479' title='bbox 1751 4352 1870 4416; x_wconf 90' lang='lat' dir='ltr'>per</span> <span class='ocrx_word' id='word_1_480' title='bbox 1890 4353 1994 4395; x_wconf 92' lang='lat' dir='ltr'>me</span> <span class='ocrx_word' id='word_1_481' title='bbox 2016 4332 2157 4396; x_wconf 84' lang='lat' dir='ltr'>fieri</span> <span class='ocrx_word' id='word_1_482' title='bbox 2182 4332 2485 4410; x_wconf 87' lang='lat' dir='ltr'>clamant,</span> 
     </span>
     <span class='ocr_line' id='line_1_65' title="bbox 538 4415 2302 4501; baseline 0.001 -21"><span class='ocrx_word' id='word_1_483' title='bbox 538 4425 616 4481; x_wconf 87' lang='grc' dir='ltr'>ιιι</span> <span class='ocrx_word' id='word_1_484' title='bbox 658 4416 874 4481; x_wconf 87' lang='lat' dir='ltr'>omnis</span> <span class='ocrx_word' id='word_1_485' title='bbox 918 4435 1068 4498; x_wconf 87' lang='lat' dir='ltr'>spes</span> <span class='ocrx_word' id='word_1_486' title='bbox 1111 4415 1491 4482; x_wconf 84' lang='lat' dir='ltr'>concordiae</span> <span class='ocrx_word' id='word_1_487' title='bbox 1535 4416 1972 4501; x_wconf 87' lang='lat' dir='ltr'>praeripiatur</span> <span class='ocrx_word' id='word_1_488' title='bbox 2016 4418 2302 4483; x_wconf 90' lang='lat' dir='ltr'>omnino.</span> 
     </span>
     <span class='ocr_line' id='line_1_66' title="bbox 712 4501 2486 4588; baseline 0.001 -22"><span class='ocrx_word' id='word_1_489' title='bbox 712 4501 908 4566; x_wconf 80' lang='lat' dir='ltr'>Mitto</span> <span class='ocrx_word' id='word_1_490' title='bbox 968 4503 1083 4567; x_wconf 91' lang='lat' dir='ltr'>tibi</span> <span class='ocrx_word' id='word_1_491' title='bbox 1155 4502 1445 4568; x_wconf 89' lang='lat' dir='ltr'>libellum</span> <span class='ocrx_word' id='word_1_492' title='bbox 1528 4505 1809 4588; x_wconf 85' lang='lat' dir='ltr'>pastoris</span> <span class='ocrx_word' id='word_1_493' title='bbox 1873 4502 2486 4588; x_wconf 78' lang='lat' dir='ltr'>Hamburgensis⁰),</span> 
     </span>
     <span class='ocr_line' id='line_1_67' title="bbox 539 4585 2488 4672; baseline -0.001 -20"><span class='ocrx_word' id='word_1_494' title='bbox 539 4607 735 4672; x_wconf 90' lang='lat' dir='ltr'>quem</span> <span class='ocrx_word' id='word_1_495' title='bbox 788 4586 921 4652; x_wconf 89' lang='lat' dir='ltr'>scio</span> <span class='ocrx_word' id='word_1_496' title='bbox 976 4599 1041 4652; x_wconf 88' lang='lat' dir='ltr'>te</span> <span class='ocrx_word' id='word_1_497' title='bbox 1098 4588 1241 4654; x_wconf 91' lang='lat' dir='ltr'>sine</span> <span class='ocrx_word' id='word_1_498' title='bbox 1286 4609 1529 4655; x_wconf 88' lang='lat' dir='ltr'>nausea</span> <span class='ocrx_word' id='word_1_499' title='bbox 1586 4609 1717 4654; x_wconf 86' lang='lat' dir='ltr'>nou</span> <span class='ocrx_word' id='word_1_500' title='bbox 1772 4609 1914 4654; x_wconf 90' lang='lat' dir='ltr'>esse</span> <span class='ocrx_word' id='word_1_501' title='bbox 1974 4588 2325 4666; x_wconf 89' lang='lat' dir='ltr'>lecturum,</span> <span class='ocrx_word' id='word_1_502' title='bbox 2371 4585 2488 4655; x_wconf 89' lang='lat' dir='ltr'>sed</span> 
     </span>
     <span class='ocr_line' id='line_1_68' title="bbox 539 4672 2489 4758; baseline 0.001 -20"><span class='ocrx_word' id='word_1_503' title='bbox 539 4683 759 4739; x_wconf 89' lang='lat' dir='ltr'>tamen</span> <span class='ocrx_word' id='word_1_504' title='bbox 802 4672 1039 4738; x_wconf 85' lang='lat' dir='ltr'>vellem</span> <span class='ocrx_word' id='word_1_505' title='bbox 1084 4682 1159 4738; x_wconf 91' lang='lat' dir='ltr'>ut</span> <span class='ocrx_word' id='word_1_506' title='bbox 1200 4675 1294 4739; x_wconf 93' lang='lat' dir='ltr'>illi</span> <span class='ocrx_word' id='word_1_507' title='bbox 1342 4695 1457 4758; x_wconf 91' lang='lat' dir='ltr'>per</span> <span class='ocrx_word' id='word_1_508' title='bbox 1490 4675 1708 4741; x_wconf 79' lang='lat' dir='ltr'>virum</span> <span class='ocrx_word' id='word_1_509' title='bbox 1743 4674 2025 4757; x_wconf 90' lang='lat' dir='ltr'>aliquem</span> <span class='ocrx_word' id='word_1_510' title='bbox 2066 4672 2489 4757; x_wconf 84' lang='lat' dir='ltr'>respondere·</span> 
     </span>
     <span class='ocr_line' id='line_1_69' title="bbox 540 4758 2488 4845; baseline 0.001 -22"><span class='ocrx_word' id='word_1_511' title='bbox 540 4768 667 4838; x_wconf 87' lang='lat' dir='ltr'>tur,</span> <span class='ocrx_word' id='word_1_512' title='bbox 715 4780 847 4824; x_wconf 91' lang='lat' dir='ltr'>non</span> <span class='ocrx_word' id='word_1_513' title='bbox 884 4771 1017 4824; x_wconf 87' lang='lat' dir='ltr'>tam</span> <span class='ocrx_word' id='word_1_514' title='bbox 1065 4771 1328 4845; x_wconf 89' lang='lat' dir='ltr'>propter</span> <span class='ocrx_word' id='word_1_515' title='bbox 1370 4762 1585 4843; x_wconf 90' lang='lat' dir='ltr'>ipsum</span> <span class='ocrx_word' id='word_1_516' title='bbox 1630 4779 1825 4842; x_wconf 84' lang='lat' dir='ltr'>quam</span> <span class='ocrx_word' id='word_1_517' title='bbox 1869 4767 2133 4845; x_wconf 87' lang='lat' dir='ltr'>propter</span> <span class='ocrx_word' id='word_1_518' title='bbox 2173 4759 2333 4826; x_wconf 81' lang='lat' dir='ltr'>alios</span> <span class='ocrx_word' id='word_1_519' title='bbox 2377 4758 2488 4842; x_wconf 89' lang='lat' dir='ltr'>qui</span> 
     </span>
     <span class='ocr_line' id='line_1_70' title="bbox 540 4843 2490 4930; baseline -0.001 -20"><span class='ocrx_word' id='word_1_520' title='bbox 540 4845 622 4910; x_wconf 86' lang='lat' dir='ltr'>ab</span> <span class='ocrx_word' id='word_1_521' title='bbox 688 4843 799 4909; x_wconf 89' lang='lat' dir='ltr'>illo</span> <span class='ocrx_word' id='word_1_522' title='bbox 856 4845 1139 4929; x_wconf 86' lang='lat' dir='ltr'>pendere</span> <span class='ocrx_word' id='word_1_523' title='bbox 1197 4847 1525 4913; x_wconf 83' lang='lat' dir='ltr'>videntur.</span> <span class='ocrx_word' id='word_1_524' title='bbox 1631 4845 1912 4930; x_wconf 74' lang='lat' dir='ltr'>Scripsit</span> <span class='ocrx_word' id='word_1_525' title='bbox 1969 4853 2036 4910; x_wconf 91' lang='lat' dir='ltr'>et</span> <span class='ocrx_word' id='word_1_526' title='bbox 2090 4844 2490 4930; x_wconf 84' lang='lat' dir='ltr'>farraginem</span> 
     </span>
     <span class='ocr_line' id='line_1_71' title="bbox 539 4929 2489 5015; baseline -0.001 -19"><span class='ocrx_word' id='word_1_527' title='bbox 539 4931 918 5014; x_wconf 87' lang='lat' dir='ltr'>opinionum</span> <span class='ocrx_word' id='word_1_528' title='bbox 978 4933 1150 4998; x_wconf 90' lang='lat' dir='ltr'>inter</span> <span class='ocrx_word' id='word_1_529' title='bbox 1205 4955 1304 5012; x_wconf 89' lang='lat' dir='ltr'>se,</span> <span class='ocrx_word' id='word_1_530' title='bbox 1366 4945 1439 4998; x_wconf 88' lang='lat' dir='ltr'>ut</span> <span class='ocrx_word' id='word_1_531' title='bbox 1493 4934 1633 5015; x_wconf 91' lang='lat' dir='ltr'>ipse</span> <span class='ocrx_word' id='word_1_532' title='bbox 1676 4930 1884 5015; x_wconf 85' lang='lat' dir='ltr'>fingit,</span> <span class='ocrx_word' id='word_1_533' title='bbox 1931 4929 2489 5012; x_wconf 84' lang='lat' dir='ltr'>dissidentium¹⁰)</span> 
     </span>
    </p>
   </div>
   <div class='ocr_carea' id='block_1_17' title="bbox 542 5171 2492 5446">
    <p class='ocr_par' dir='ltr' id='par_1_18' title="bbox 542 5171 2492 5446">
     <span class='ocr_line' id='line_1_72' title="bbox 743 5171 2492 5309; baseline -0.002 -14"><span class='ocrx_word' id='word_1_534' title='bbox 743 5171 805 5306; x_wconf 49' lang='grc' dir='ltr'>ἓξ</span> <span class='ocrx_word' id='word_1_535' title='bbox 841 5177 1155 5296; x_wconf 31' lang='lat' dir='ltr'>azymi</span> <span class='ocrx_word' id='word_1_536' title='bbox 1186 5241 1300 5295; x_wconf 69' lang='lat' dir='ltr'>scil.</span> <span class='ocrx_word' id='word_1_537' title='bbox 1336 5240 1437 5309; x_wconf 73' lang='lat' dir='ltr'>qui</span> <span class='ocrx_word' id='word_1_538' title='bbox 1464 5239 1813 5294; x_wconf 65' lang='lat' dir='ltr'>inscribitur.-</span> <span class='ocrx_word' id='word_1_539' title='bbox 1848 5237 2018 5291; x_wconf 80' lang='lat' dir='ltr'>Recta</span> <span class='ocrx_word' id='word_1_540' title='bbox 2054 5237 2186 5292; x_wconf 79' lang='lat' dir='ltr'>fides</span> <span class='ocrx_word' id='word_1_541' title='bbox 2218 5238 2287 5293; x_wconf 87' lang='lat' dir='ltr'>de</span> <span class='ocrx_word' id='word_1_542' title='bbox 2321 5253 2492 5292; x_wconf 83' lang='lat' dir='ltr'>coena</span> 
     </span>
     <span class='ocr_line' id='line_1_73' title="bbox 542 5305 1977 5446; baseline -0.003 -81"><span class='ocrx_word' id='word_1_543' title='bbox 542 5309 962 5446; x_wconf 48' lang='lat' dir='ltr'>Dotnitiiorcmae</span> <span class='ocrx_word' id='word_1_544' title='bbox 996 5309 1328 5436; x_wconf 40' lang='lat' dir='ltr'>mal-*0134</span> <span class='ocrx_word' id='word_1_545' title='bbox 1368 5315 1557 5363; x_wconf 62' lang='lat' dir='ltr'>nocem</span> <span class='ocrx_word' id='word_1_546' title='bbox 1604 5305 1663 5360; x_wconf 83' lang='grc' dir='ltr'>Τ.</span> <span class='ocrx_word' id='word_1_547' title='bbox 1700 5305 1794 5359; x_wconf 84' lang='lat' dir='ltr'>IX.</span> <span class='ocrx_word' id='word_1_548' title='bbox 1828 5321 1885 5374; x_wconf 81' lang='lat' dir='ltr'>p.</span> <span class='ocrx_word' id='word_1_549' title='bbox 1922 5321 1977 5360; x_wconf 74' lang='lat' dir='ltr'>x.</span> 
     </span>
    </p>
   </div>
   <div class='ocr_carea' id='block_1_18' title="bbox 2537 2104 2552 5410">
    <p class='ocr_par' dir='ltr' id='par_1_19' title="bbox 2537 2104 2552 5410">
     <span class='ocr_line' id='line_1_74' title="bbox 2537 2104 2552 5410; baseline 0 0"><span class='ocrx_word' id='word_1_550' title='bbox 2537 2104 2552 5410; x_wconf 95' lang='lat' dir='ltr'> </span> 
     </span>
    </p>
   </div>
   <div class='ocr_carea' id='block_1_19' title="bbox 2596 2095 4554 2595">
    <p class='ocr_par' dir='ltr' id='par_1_20' title="bbox 2596 2095 4554 2595">
     <span class='ocr_line' id='line_1_75' title="bbox 2597 2095 4548 2183; baseline -0.002 -16"><span class='ocrx_word' id='word_1_551' title='bbox 2597 2108 2992 2183; x_wconf 88' lang='lat' dir='ltr'>tuorumque</span> <span class='ocrx_word' id='word_1_552' title='bbox 3036 2101 3330 2166; x_wconf 89' lang='lat' dir='ltr'>omnium</span> <span class='ocrx_word' id='word_1_553' title='bbox 3376 2099 3872 2183; x_wconf 81' lang='lat' dir='ltr'>diligentissime</span> <span class='ocrx_word' id='word_1_554' title='bbox 3916 2095 4294 2167; x_wconf 90' lang='lat' dir='ltr'>commendo</span> <span class='ocrx_word' id='word_1_555' title='bbox 4351 2118 4548 2181; x_wconf 89' lang='lat' dir='ltr'>teque</span> 
     </span>
     <span class='ocr_line' id='line_1_76' title="bbox 2596 2186 4548 2269; baseline -0.002 -17"><span class='ocrx_word' id='word_1_556' title='bbox 2596 2208 2710 2253; x_wconf 89' lang='lat' dir='ltr'>oro</span> <span class='ocrx_word' id='word_1_557' title='bbox 2754 2194 2830 2252; x_wconf 87' lang='lat' dir='ltr'>ut</span> <span class='ocrx_word' id='word_1_558' title='bbox 2877 2189 3112 2253; x_wconf 88' lang='lat' dir='ltr'>fratres</span> <span class='ocrx_word' id='word_1_559' title='bbox 3156 2196 3224 2251; x_wconf 88' lang='lat' dir='ltr'>et</span> <span class='ocrx_word' id='word_1_560' title='bbox 3268 2186 3547 2269; x_wconf 88' lang='lat' dir='ltr'>collegas</span> <span class='ocrx_word' id='word_1_561' title='bbox 3592 2194 3739 2253; x_wconf 90' lang='lat' dir='ltr'>tuos</span> <span class='ocrx_word' id='word_1_562' title='bbox 3783 2186 4000 2253; x_wconf 86' lang='lat' dir='ltr'>verbis</span> <span class='ocrx_word' id='word_1_563' title='bbox 4044 2187 4206 2252; x_wconf 91' lang='lat' dir='ltr'>meis</span> <span class='ocrx_word' id='word_1_564' title='bbox 4259 2186 4548 2252; x_wconf 86' lang='lat' dir='ltr'>salutare</span> 
     </span>
     <span class='ocr_line' id='line_1_77' title="bbox 2598 2268 4546 2357; baseline -0.002 -18"><span class='ocrx_word' id='word_1_565' title='bbox 2598 2273 2777 2340; x_wconf 85' lang='lat' dir='ltr'>velis.</span> <span class='ocrx_word' id='word_1_566' title='bbox 2867 2275 3050 2339; x_wconf 89' lang='lat' dir='ltr'>Deus</span> <span class='ocrx_word' id='word_1_567' title='bbox 3093 2280 3311 2338; x_wconf 88' lang='lat' dir='ltr'>autem</span> <span class='ocrx_word' id='word_1_568' title='bbox 3356 2270 3435 2338; x_wconf 92' lang='grc' dir='ltr'>Ο.</span> <span class='ocrx_word' id='word_1_569' title='bbox 3484 2268 3576 2338; x_wconf 86' lang='grc' dir='ltr'>Μ.</span> <span class='ocrx_word' id='word_1_570' title='bbox 3623 2280 3812 2357; x_wconf 87' lang='lat' dir='ltr'>regat</span> <span class='ocrx_word' id='word_1_571' title='bbox 3854 2294 3972 2339; x_wconf 88' lang='lat' dir='ltr'>nos</span> <span class='ocrx_word' id='word_1_572' title='bbox 4028 2293 4251 2337; x_wconf 89' lang='lat' dir='ltr'>omnes</span> <span class='ocrx_word' id='word_1_573' title='bbox 4307 2273 4546 2356; x_wconf 90' lang='lat' dir='ltr'>spiritu</span> 
     </span>
     <span class='ocr_line' id='line_1_78' title="bbox 2598 2358 4549 2442; baseline -0.003 -17"><span class='ocrx_word' id='word_1_574' title='bbox 2598 2368 2823 2425; x_wconf 87' lang='lat' dir='ltr'>sancto</span> <span class='ocrx_word' id='word_1_575' title='bbox 2858 2379 3004 2439; x_wconf 89' lang='lat' dir='ltr'>suo,</span> <span class='ocrx_word' id='word_1_576' title='bbox 3062 2369 3134 2424; x_wconf 90' lang='lat' dir='ltr'>ut</span> <span class='ocrx_word' id='word_1_577' title='bbox 3190 2358 3361 2442; x_wconf 91' lang='lat' dir='ltr'>quod</span> <span class='ocrx_word' id='word_1_578' title='bbox 3417 2358 3515 2422; x_wconf 91' lang='lat' dir='ltr'>illi</span> <span class='ocrx_word' id='word_1_579' title='bbox 3560 2358 3868 2441; x_wconf 86' lang='lat' dir='ltr'>placitum</span> <span class='ocrx_word' id='word_1_580' title='bbox 3913 2367 4018 2425; x_wconf 90' lang='lat' dir='ltr'>est</span> <span class='ocrx_word' id='word_1_581' title='bbox 4058 2379 4316 2442; x_wconf 89' lang='lat' dir='ltr'>semper</span> <span class='ocrx_word' id='word_1_582' title='bbox 4360 2359 4549 2441; x_wconf 88' lang='lat' dir='ltr'>sequi</span> 
     </span>
     <span class='ocr_line' id='line_1_79' title="bbox 2596 2443 4554 2527; baseline -0.002 -17"><span class='ocrx_word' id='word_1_583' title='bbox 2596 2446 2936 2527; x_wconf 89' lang='lat' dir='ltr'>possimus.</span> <span class='ocrx_word' id='word_1_584' title='bbox 3046 2446 3283 2510; x_wconf 83' lang='lat' dir='ltr'>Amen.</span> <span class='ocrx_word' id='word_1_585' title='bbox 3395 2443 3648 2509; x_wconf 85' lang='lat' dir='ltr'>Emdae</span> <span class='ocrx_word' id='word_1_586' title='bbox 3713 2444 4078 2510; x_wconf 84' lang='lat' dir='ltr'>Frisiorum</span> <span class='ocrx_word' id='word_1_587' title='bbox 4179 2448 4254 2507; x_wconf 85' lang='lat'>13</span> <span class='ocrx_word' id='word_1_588' title='bbox 4323 2444 4554 2509; x_wconf 86' lang='lat' dir='ltr'>Martii</span> 
     </span>
     <span class='ocr_line' id='line_1_80' title="bbox 2597 2533 3026 2595; baseline 0 0"><span class='ocrx_word' id='word_1_589' title='bbox 2597 2533 2793 2595; x_wconf 87' lang='lat' dir='ltr'>Anno</span> <span class='ocrx_word' id='word_1_590' title='bbox 2846 2535 3026 2595; x_wconf 83' lang='lat'>1554.</span> 
     </span>
    </p>
   </div>
   <div class='ocr_carea' id='block_1_20' title="bbox 3127 2642 4467 2896">
    <p class='ocr_par' dir='ltr' id='par_1_21' title="bbox 3127 2642 4467 2896">
     <span class='ocr_line' id='line_1_81' title="bbox 3127 2642 4467 2724; baseline 0 -17"><span class='ocrx_word' id='word_1_591' title='bbox 3127 2644 3307 2708; x_wconf 77' lang='lat' dir='ltr'>Tuus</span> <span class='ocrx_word' id='word_1_592' title='bbox 3354 2663 3505 2708; x_wconf 87' lang='lat' dir='ltr'>vere</span> <span class='ocrx_word' id='word_1_593' title='bbox 3540 2652 3605 2707; x_wconf 92' lang='lat' dir='ltr'>et</span> <span class='ocrx_word' id='word_1_594' title='bbox 3649 2664 3729 2706; x_wconf 81' lang='lat' dir='ltr'>ex</span> <span class='ocrx_word' id='word_1_595' title='bbox 3776 2642 3990 2707; x_wconf 88' lang='lat' dir='ltr'>animo</span> <span class='ocrx_word' id='word_1_596' title='bbox 4036 2650 4320 2724; x_wconf 80' lang='lat' dir='ltr'>quantus</span> <span class='ocrx_word' id='word_1_597' title='bbox 4364 2654 4467 2708; x_wconf 86' lang='lat' dir='ltr'>est</span> 
     </span>
     <span class='ocr_line' id='line_1_82' title="bbox 3489 2727 4104 2828; baseline 0 -37"><span class='ocrx_word' id='word_1_598' title='bbox 3489 2727 3764 2793; x_wconf 91' lang='lat' dir='ltr'>Ioannes</span> <span class='ocrx_word' id='word_1_599' title='bbox 3808 2747 3848 2790; x_wconf 89' lang='lat' dir='ltr'>a</span> <span class='ocrx_word' id='word_1_600' title='bbox 3889 2727 4104 2828; x_wconf 75' lang='lat' dir='ltr'>Lasco</span> 
     </span>
     <span class='ocr_line' id='line_1_83' title="bbox 3528 2833 4053 2896; baseline -0.002 -18"><span class='ocrx_word' id='word_1_601' title='bbox 3528 2835 3730 2878; x_wconf 85' lang='lat' dir='ltr'>manu</span> <span class='ocrx_word' id='word_1_602' title='bbox 3774 2833 4053 2896; x_wconf 76' lang='lat' dir='ltr'>propria.</span> 
     </span>
    </p>
   </div>
   <div class='ocr_carea' id='block_1_21' title="bbox 3545 3110 3791 3120">
    <p class='ocr_par' dir='ltr' id='par_1_22' title="bbox 3545 3110 3791 3120">
     <span class='ocr_line' id='line_1_84' title="bbox 3545 3110 3791 3120; baseline 0.004 -2"><span class='ocrx_word' id='word_1_603' title='bbox 3545 3110 3791 3120; x_wconf 80' lang='lat'>—..-..——</span> 
     </span>
    </p>
   </div>
   <div class='ocr_carea' id='block_1_22' title="bbox 3054 3345 4081 3552">
    <p class='ocr_par' dir='ltr' id='par_1_23' title="bbox 3054 3345 4081 3552">
     <span class='ocr_line' id='line_1_85' title="bbox 3473 3345 3658 3418; baseline 0.022 -4"><span class='ocrx_word' id='word_1_604' title='bbox 3473 3345 3658 3418; x_wconf 74' lang='lat'>1931.</span> 
     </span>
     <span class='ocr_line' id='line_1_86' title="bbox 3054 3480 4081 3552; baseline 0.003 -5"><span class='ocrx_word' id='word_1_605' title='bbox 3054 3480 3723 3551; x_wconf 80' lang='lat' dir='ltr'>BULLINGERUS</span> <span class='ocrx_word' id='word_1_606' title='bbox 3766 3484 4081 3552; x_wconf 84' lang='lat' dir='ltr'>LASCO.</span> 
     </span>
    </p>
   </div>
   <div class='ocr_carea' id='block_1_23' title="bbox 2589 3652 4551 3994">
    <p class='ocr_par' dir='ltr' id='par_1_24' title="bbox 2589 3652 4551 3994">
     <span class='ocr_line' id='line_1_87' title="bbox 2769 3652 4544 3735; baseline 0.003 -18"><span class='ocrx_word' id='word_1_607' title='bbox 2769 3652 3063 3735; x_wconf 73' lang='lat' dir='ltr'>Queritur</span> <span class='ocrx_word' id='word_1_608' title='bbox 3117 3655 3194 3719; x_wconf 81' lang='lat' dir='ltr'>de</span> <span class='ocrx_word' id='word_1_609' title='bbox 3266 3653 3769 3721; x_wconf 74' lang='lat' dir='ltr'>Lutheranomm</span> <span class='ocrx_word' id='word_1_610' title='bbox 3830 3657 4105 3723; x_wconf 80' lang='lat' dir='ltr'>barbara</span> <span class='ocrx_word' id='word_1_611' title='bbox 4175 3658 4410 3723; x_wconf 73' lang='lat' dir='ltr'>duritie</span> <span class='ocrx_word' id='word_1_612' title='bbox 4485 3663 4544 3724; x_wconf 82' lang='lat' dir='ltr'>et</span> 
     </span>
     <span class='ocr_line' id='line_1_88' title="bbox 2589 3739 4551 3827; baseline 0.003 -22"><span class='ocrx_word' id='word_1_613' title='bbox 2589 3740 2873 3806; x_wconf 73' lang='lat' dir='ltr'>hortatur</span> <span class='ocrx_word' id='word_1_614' title='bbox 2914 3745 2983 3805; x_wconf 75' lang='lat' dir='ltr'>ut</span> <span class='ocrx_word' id='word_1_615' title='bbox 3039 3739 3412 3822; x_wconf 66' lang='lat' dir='ltr'>Westphaw,</span> <span class='ocrx_word' id='word_1_616' title='bbox 3454 3762 3668 3823; x_wconf 77' lang='lat' dir='ltr'>nempe</span> <span class='ocrx_word' id='word_1_617' title='bbox 3708 3741 3952 3807; x_wconf 79' lang='lat' dir='ltr'>homini</span> <span class='ocrx_word' id='word_1_618' title='bbox 3991 3745 4237 3808; x_wconf 77' lang='lat' dir='ltr'>nomine</span> <span class='ocrx_word' id='word_1_619' title='bbox 4278 3750 4336 3809; x_wconf 82' lang='lat' dir='ltr'>et</span> <span class='ocrx_word' id='word_1_620' title='bbox 4371 3750 4551 3827; x_wconf 75' lang='lat' dir='ltr'>yente</span> 
     </span>
     <span class='ocr_line' id='line_1_89' title="bbox 2589 3826 4550 3994; baseline 0.002 -103"><span class='ocrx_word' id='word_1_621' title='bbox 2589 3826 2973 3994; x_wconf 43' lang='lat' dir='ltr'>ffiassiym&#39;</span> <span class='ocrx_word' id='word_1_622' title='bbox 3029 3828 3407 3909; x_wconf 76' lang='lat' dir='ltr'>respondeat,</span> <span class='ocrx_word' id='word_1_623' title='bbox 3468 3828 3632 3911; x_wconf 78' lang='lat' dir='ltr'>quod</span> <span class='ocrx_word' id='word_1_624' title='bbox 3700 3833 3756 3893; x_wconf 70' lang='lat' dir='ltr'>et</span> <span class='ocrx_word' id='word_1_625' title='bbox 3831 3827 4162 3894; x_wconf 76' lang='lat' dir='ltr'>Calvinum</span> <span class='ocrx_word' id='word_1_626' title='bbox 4225 3828 4550 3911; x_wconf 76' lang='lat' dir='ltr'>factm-um</span> 
     </span>
    </p>
   </div>
   <div class='ocr_carea' id='block_1_24' title="bbox 2589 4084 3519 4224">
    <p class='ocr_par' dir='ltr' id='par_1_25' title="bbox 2589 4084 3519 4224">
     <span class='ocr_line' id='line_1_90' title="bbox 2589 4084 3519 4150; baseline 0.002 -14"><span class='ocrx_word' id='word_1_627' title='bbox 2589 4084 2976 4150; x_wconf 84' lang='lat' dir='ltr'>(Describimus</span> <span class='ocrx_word' id='word_1_628' title='bbox 3014 4100 3080 4138; x_wconf 84' lang='lat' dir='ltr'>ex</span> <span class='ocrx_word' id='word_1_629' title='bbox 3119 4086 3430 4141; x_wconf 84' lang='lat' dir='ltr'>Gabbemae</span> <span class='ocrx_word' id='word_1_630' title='bbox 3473 4086 3519 4138; x_wconf 82' lang='lat' dir='ltr'><strong>E</strong></span> 
     </span>
     <span class='ocr_line' id='line_1_91' title="bbox 3100 4153 3478 4224; baseline 0.003 -18"><span class='ocrx_word' id='word_1_631' title='bbox 3100 4172 3222 4224; x_wconf 85' lang='lat' dir='ltr'>pag.</span> <span class='ocrx_word' id='word_1_632' title='bbox 3259 4153 3377 4207; x_wconf 91' lang='lat'>111.</span> <span class='ocrx_word' id='word_1_633' title='bbox 3417 4184 3478 4194; x_wconf 90' lang='lat'>--—</span> 
     </span>
    </p>
   </div>
   <div class='ocr_carea' id='block_1_25' title="bbox 3558 4087 4548 4220">
    <p class='ocr_par' dir='ltr' id='par_1_26' title="bbox 3558 4087 4548 4220">
     <span class='ocr_line' id='line_1_92' title="bbox 3598 4087 4548 4143; baseline 0.004 -5"><span class='ocrx_word' id='word_1_634' title='bbox 3598 4126 3610 4138; x_wconf 88' lang='lat'>.</span> <span class='ocrx_word' id='word_1_635' title='bbox 3649 4087 3716 4140; x_wconf 91' lang='lat' dir='ltr'>ol.</span> <span class='ocrx_word' id='word_1_636' title='bbox 3757 4088 3994 4141; x_wconf 81' lang='lat' dir='ltr'>virorum</span> <span class='ocrx_word' id='word_1_637' title='bbox 4041 4087 4194 4142; x_wconf 84' lang='lat' dir='ltr'>Ceut.</span> <span class='ocrx_word' id='word_1_638' title='bbox 4246 4089 4290 4141; x_wconf 88' lang='grc' dir='ltr'>Ι.</span> <span class='ocrx_word' id='word_1_639' title='bbox 4337 4089 4405 4142; x_wconf 85' lang='lat' dir='ltr'>N.</span> <span class='ocrx_word' id='word_1_640' title='bbox 4454 4087 4548 4143; x_wconf 78' lang='lat'>54.</span> 
     </span>
     <span class='ocr_line' id='line_1_93' title="bbox 3558 4154 4027 4220; baseline 0.004 -12"><span class='ocrx_word' id='word_1_641' title='bbox 3558 4157 3716 4209; x_wconf 74' lang='lat' dir='ltr'>imler</span> <span class='ocrx_word' id='word_1_642' title='bbox 3755 4156 3876 4210; x_wconf 89' lang='lat' dir='ltr'>Vol.</span> <span class='ocrx_word' id='word_1_643' title='bbox 3911 4154 4027 4220; x_wconf 88' lang='grc'><strong>81.)</strong></span> 
     </span>
    </p>
   </div>
   <div class='ocr_carea' id='block_1_26' title="bbox 2588 4324 4556 4651">
    <p class='ocr_par' dir='ltr' id='par_1_27' title="bbox 2588 4324 4556 4651">
     <span class='ocr_line' id='line_1_94' title="bbox 2592 4324 4551 4408; baseline 0.002 -17"><span class='ocrx_word' id='word_1_644' title='bbox 2592 4324 2973 4392; x_wconf 87' lang='lat' dir='ltr'>Clarissimo</span> <span class='ocrx_word' id='word_1_645' title='bbox 3019 4326 3193 4404; x_wconf 81' lang='lat' dir='ltr'>viro,</span> <span class='ocrx_word' id='word_1_646' title='bbox 3240 4326 3324 4393; x_wconf 92' lang='lat' dir='ltr'>D.</span> <span class='ocrx_word' id='word_1_647' title='bbox 3369 4324 3603 4390; x_wconf 83' lang='lat' dir='ltr'>Ioanni</span> <span class='ocrx_word' id='word_1_648' title='bbox 3647 4348 3688 4392; x_wconf 86' lang='lat' dir='ltr'>a</span> <span class='ocrx_word' id='word_1_649' title='bbox 3720 4327 3935 4394; x_wconf 83' lang='lat' dir='ltr'>Lasco</span> <span class='ocrx_word' id='word_1_650' title='bbox 3978 4328 4222 4395; x_wconf 87' lang='lat' dir='ltr'>Baroni</span> <span class='ocrx_word' id='word_1_651' title='bbox 4265 4328 4551 4408; x_wconf 89' lang='lat' dir='ltr'>Polono,</span> 
     </span>
     <span class='ocr_line' id='line_1_95' title="bbox 2589 4409 4556 4497; baseline 0.002 -20"><span class='ocrx_word' id='word_1_652' title='bbox 2589 4409 2843 4477; x_wconf 82' lang='lat' dir='ltr'>Emdae</span> <span class='ocrx_word' id='word_1_653' title='bbox 2875 4412 3377 4497; x_wconf 88' lang='lat' dir='ltr'>peregrinorum</span> <span class='ocrx_word' id='word_1_654' title='bbox 3419 4410 3728 4478; x_wconf 80' lang='lat' dir='ltr'>ecclesiae</span> <span class='ocrx_word' id='word_1_655' title='bbox 3772 4414 4333 4496; x_wconf 88' lang='lat' dir='ltr'>superintendenti</span> <span class='ocrx_word' id='word_1_656' title='bbox 4379 4416 4556 4480; x_wconf 86' lang='lat' dir='ltr'>fide-</span> 
     </span>
     <span class='ocr_line' id='line_1_96' title="bbox 2588 4496 4556 4651; baseline 0.003 -90"><span class='ocrx_word' id='word_1_657' title='bbox 2588 4497 2838 4563; x_wconf 88' lang='lat' dir='ltr'>lissimo</span> <span class='ocrx_word' id='word_1_658' title='bbox 2897 4505 2964 4563; x_wconf 90' lang='lat' dir='ltr'>et</span> <span class='ocrx_word' id='word_1_659' title='bbox 3005 4496 3881 4651; x_wconf 51' lang='lat' dir='ltr'>Vigssmmo.d⁰3hlg.</span> <span class='ocrx_word' id='word_1_660' title='bbox 3915 4499 4181 4567; x_wconf 87' lang='lat' dir='ltr'>colendo</span> <span class='ocrx_word' id='word_1_661' title='bbox 4237 4513 4302 4565; x_wconf 89' lang='lat' dir='ltr'>et</span> <span class='ocrx_word' id='word_1_662' title='bbox 4345 4499 4556 4567; x_wconf 71' lang='lat' dir='ltr'>fiatri</span> 
     </span>
    </p>
   </div>
   <div class='ocr_carea' id='block_1_27' title="bbox 2591 4840 4584 5443">
    <p class='ocr_par' dir='ltr' id='par_1_28' title="bbox 2591 4840 4584 5443">
     <span class='ocr_line' id='line_1_97' title="bbox 2763 4840 4566 4924; baseline 0.001 -16"><span class='ocrx_word' id='word_1_663' title='bbox 2763 4841 3073 4924; x_wconf 75' lang='lat' dir='ltr'>Quotidie</span> <span class='ocrx_word' id='word_1_664' title='bbox 3108 4840 3410 4923; x_wconf 85' lang='lat' dir='ltr'>experior</span> <span class='ocrx_word' id='word_1_665' title='bbox 3446 4840 3884 4921; x_wconf 85' lang='lat' dir='ltr'>Lutheranos,</span> <span class='ocrx_word' id='word_1_666' title='bbox 3929 4849 3998 4908; x_wconf 92' lang='lat' dir='ltr'>et</span> <span class='ocrx_word' id='word_1_667' title='bbox 4035 4842 4276 4910; x_wconf 85' lang='lat' dir='ltr'>iudicio</span> <span class='ocrx_word' id='word_1_668' title='bbox 4326 4845 4566 4912; x_wconf 75' lang='lat' dir='ltr'>since-</span> 
     </span>
     <span class='ocr_line' id='line_1_98' title="bbox 2591 4925 4570 5015; baseline 0.002 -22"><span class='ocrx_word' id='word_1_669' title='bbox 2591 4929 2761 4994; x_wconf 89' lang='lat' dir='ltr'>riore</span> <span class='ocrx_word' id='word_1_670' title='bbox 2807 4940 2873 4995; x_wconf 89' lang='lat' dir='ltr'>et</span> <span class='ocrx_word' id='word_1_671' title='bbox 2914 4928 3185 4994; x_wconf 86' lang='lat' dir='ltr'>caritate</span> <span class='ocrx_word' id='word_1_672' title='bbox 3212 4925 3501 5010; x_wconf 88' lang='lat' dir='ltr'>adeoque</span> <span class='ocrx_word' id='word_1_673' title='bbox 3540 4934 3606 4991; x_wconf 90' lang='lat' dir='ltr'>et</span> <span class='ocrx_word' id='word_1_674' title='bbox 3625 4926 4036 4994; x_wconf 88' lang='lat' dir='ltr'>humanitate</span> <span class='ocrx_word' id='word_1_675' title='bbox 4057 4948 4316 5008; x_wconf 81' lang='lat' dir='ltr'>vacuos,</span> <span class='ocrx_word' id='word_1_676' title='bbox 4362 4931 4570 5015; x_wconf 78' lang='lat' dir='ltr'>quod</span> 
     </span>
     <span class='ocr_line' id='line_1_99' title="bbox 2594 5010 4576 5090; baseline 0.002 -10"><span class='ocrx_word' id='word_1_677' title='bbox 2594 5035 2724 5081; x_wconf 91' lang='lat' dir='ltr'>non</span> <span class='ocrx_word' id='word_1_678' title='bbox 2740 5015 2886 5082; x_wconf 90' lang='lat' dir='ltr'>sine</span> <span class='ocrx_word' id='word_1_679' title='bbox 2900 5013 3121 5081; x_wconf 91' lang='lat' dir='ltr'>dolore</span> <span class='ocrx_word' id='word_1_680' title='bbox 3134 5010 3295 5090; x_wconf 87' lang='lat' dir='ltr'>dico,</span> <span class='ocrx_word' id='word_1_681' title='bbox 3311 5012 3676 5079; x_wconf 85' lang='lat' dir='ltr'>accelerare</span> <span class='ocrx_word' id='word_1_682' title='bbox 3688 5013 3813 5079; x_wconf 90' lang='lat' dir='ltr'>sibi</span> <span class='ocrx_word' id='word_1_683' title='bbox 3825 5013 4071 5081; x_wconf 84' lang='lat' dir='ltr'>iustum</span> <span class='ocrx_word' id='word_1_684' title='bbox 4087 5015 4356 5081; x_wconf 87' lang='lat' dir='ltr'>Domini</span> <span class='ocrx_word' id='word_1_685' title='bbox 4369 5015 4576 5083; x_wconf 83' lang='lat' dir='ltr'>iudi-</span> 
     </span>
     <span class='ocr_line' id='line_1_100' title="bbox 2592 5098 4572 5182; baseline 0.001 -15"><span class='ocrx_word' id='word_1_686' title='bbox 2592 5100 2784 5167; x_wconf 86' lang='lat' dir='ltr'>cium.</span> <span class='ocrx_word' id='word_1_687' title='bbox 2840 5100 3076 5167; x_wconf 81' lang='lat' dir='ltr'>Multis</span> <span class='ocrx_word' id='word_1_688' title='bbox 3105 5100 3239 5164; x_wconf 89' lang='lat' dir='ltr'>iam</span> <span class='ocrx_word' id='word_1_689' title='bbox 3267 5098 3462 5164; x_wconf 87' lang='lat' dir='ltr'>annis</span> <span class='ocrx_word' id='word_1_690' title='bbox 3485 5100 3773 5182; x_wconf 85' lang='lat' dir='ltr'>perpessi</span> <span class='ocrx_word' id='word_1_691' title='bbox 3798 5120 4028 5166; x_wconf 83' lang='lat' dir='ltr'>sumus</span> <span class='ocrx_word' id='word_1_692' title='bbox 4060 5114 4128 5167; x_wconf 87' lang='lat' dir='ltr'>et</span> <span class='ocrx_word' id='word_1_693' title='bbox 4162 5100 4572 5168; x_wconf 76' lang='lat' dir='ltr'>dissimula.—</span> 
     </span>
     <span class='ocr_line' id='line_1_101' title="bbox 2593 5182 4574 5271; baseline 0.002 -20"><span class='ocrx_word' id='word_1_694' title='bbox 2593 5186 2811 5252; x_wconf 82' lang='lat' dir='ltr'>vimus</span> <span class='ocrx_word' id='word_1_695' title='bbox 2843 5188 2864 5251; x_wconf 89' lang='lat' dir='ltr'>i</span> <span class='ocrx_word' id='word_1_696' title='bbox 2912 5205 3132 5252; x_wconf 89' lang='lat' dir='ltr'>sorum</span> <span class='ocrx_word' id='word_1_697' title='bbox 3178 5182 3524 5250; x_wconf 78' lang='lat' dir='ltr'>barbaram</span> <span class='ocrx_word' id='word_1_698' title='bbox 3557 5183 3894 5264; x_wconf 73' lang='lat' dir='ltr'>duritiem,</span> <span class='ocrx_word' id='word_1_699' title='bbox 3939 5205 4136 5269; x_wconf 85' lang='lat' dir='ltr'>quam</span> <span class='ocrx_word' id='word_1_700' title='bbox 4168 5207 4384 5271; x_wconf 91' lang='lat' dir='ltr'>neque</span> <span class='ocrx_word' id='word_1_701' title='bbox 4442 5199 4574 5268; x_wconf 85' lang='lat' dir='ltr'>tu,</span> 
     </span>
     <span class='ocr_line' id='line_1_102' title="bbox 2592 5208 4578 5358; baseline 0.003 -20"><span class='ocrx_word' id='word_1_702' title='bbox 2592 5294 2805 5358; x_wconf 89' lang='lat' dir='ltr'>neque</span> <span class='ocrx_word' id='word_1_703' title='bbox 2827 5208 2940 5338; x_wconf 66' lang='lat' dir='ltr'>afli</span> <span class='ocrx_word' id='word_1_704' title='bbox 2966 5271 3120 5337; x_wconf 91' lang='lat' dir='ltr'>boni</span> <span class='ocrx_word' id='word_1_705' title='bbox 3143 5271 3274 5336; x_wconf 82' lang='lat' dir='ltr'>viri</span> <span class='ocrx_word' id='word_1_706' title='bbox 3295 5270 3557 5337; x_wconf 82' lang='lat' dir='ltr'>fuerant</span> <span class='ocrx_word' id='word_1_707' title='bbox 3577 5273 3847 5356; x_wconf 82' lang='lat' dir='ltr'>experti,</span> <span class='ocrx_word' id='word_1_708' title='bbox 3871 5273 3982 5356; x_wconf 91' lang='lat' dir='ltr'>qui</span> <span class='ocrx_word' id='word_1_709' title='bbox 4007 5271 4383 5339; x_wconf 81' lang='lat' dir='ltr'>iudicabant</span> <span class='ocrx_word' id='word_1_710' title='bbox 4416 5296 4578 5344; x_wconf 76' lang='lat' dir='ltr'>nos</span> 
     </span>
     <span class='ocr_line' id='line_1_103' title="bbox 2591 5356 4584 5443; baseline 0.001 -18"><span class='ocrx_word' id='word_1_711' title='bbox 2591 5377 2910 5443; x_wconf 77' lang='lat' dir='ltr'>peccasse,</span> <span class='ocrx_word' id='word_1_712' title='bbox 2953 5358 3065 5440; x_wconf 90' lang='lat' dir='ltr'>qui</span> <span class='ocrx_word' id='word_1_713' title='bbox 3109 5357 3262 5424; x_wconf 81' lang='lat' dir='ltr'>vivo</span> <span class='ocrx_word' id='word_1_714' title='bbox 3303 5356 3848 5440; x_wconf 86' lang='lat' dir='ltr'>responderamus</span> <span class='ocrx_word' id='word_1_715' title='bbox 3893 5359 4186 5437; x_wconf 76' lang='lat' dir='ltr'>Luthero,</span> <span class='ocrx_word' id='word_1_716' title='bbox 4233 5380 4354 5424; x_wconf 85' lang='lat' dir='ltr'>nec</span> <span class='ocrx_word' id='word_1_717' title='bbox 4411 5361 4584 5428; x_wconf 86' lang='lat' dir='ltr'>im—</span> 
     </span>
    </p>
   </div>
  </div>
 </body>
</html>
