4850 6200
509 414 640 477 86⁷

505 598 794 667 Ioannes
830 599 1151 666 Calvinus
1186 598 1523 666 Richardo
1559 598 1937 665 Vallevillio
1980 599 2226 683 pastori
2269 598 2473 666 eccle-

862 688 999 752 siae
1042 686 1406 771 gallicanae
1447 685 1872 752 Francofurti
1917 683 1988 752 S.
2031 686 2117 752 D.

687 857 907 940 Quam
974 858 1283 924 acerbum
1350 856 1472 923 tibi
1539 855 1783 922 doloris
1846 854 2097 922 vulnus
2152 856 2473 922 inflixerit

509 965 685 1010 mors
730 946 1016 1028 optimae
1049 945 1295 1021 uxoris,
1335 965 1418 1008 ex
1461 964 1609 1007 meo
1644 941 1854 1026 ipsius
1900 962 2098 1007 sensu
2143 942 2468 1007 existimo.

505 1029 785 1097 Memini
846 1031 1024 1096 enim
1069 1051 1269 1113 quam
1325 1029 1487 1094 mihi
1552 1028 1818 1094 difficile
1861 1037 2017 1093 ante
2063 1037 2312 1111 septem
2352 1050 2472 1093 an-

509 1137 630 1181 nos
650 1117 709 1199 2)
753 1116 952 1181 fuerit
975 1116 1259 1180 similem
1282 1114 1532 1181 luctum
1559 1116 1841 1181 vincere.
1911 1111 2045 1180 Sed
2082 1115 2233 1197 quia
2267 1114 2469 1197 probe

507 1202 683 1267 nosti
742 1221 909 1285 quae
954 1200 1037 1266 ad
1078 1198 1584 1285 temperandum
1633 1198 2055 1265 immodicum
2102 1220 2467 1265 moerorem

506 1287 749 1353 idonea
805 1288 939 1353 sint
973 1285 1279 1365 remedia,
1324 1286 1491 1351 nihil
1539 1295 1838 1368 superest
1882 1284 2058 1351 aliud
2104 1286 2235 1350 nisi
2279 1295 2357 1350 ut
2398 1294 2469 1352 te

506 1371 593 1438 ad
649 1394 875 1439 eorum
935 1395 1127 1438 usum
1179 1393 1501 1439 revocem.
1591 1373 1777 1437 Inter
1832 1370 1963 1436 alia
2005 1373 2131 1437 hoc
2167 1371 2287 1436 tibi
2330 1392 2469 1437 non

506 1458 831 1524 mediocre
879 1459 1186 1524 solatium
1243 1468 1364 1537 est,
1420 1457 1593 1541 quod
1637 1465 1856 1523 tamen
1903 1458 1988 1523 ad
2031 1457 2273 1523 doloris
2314 1458 2467 1522 irri-

509 1552 882 1610 tamentum
922 1565 1073 1609 caro
1118 1545 1371 1629 arripit,
1419 1554 1486 1608 te
1535 1566 1684 1611 cum
1732 1564 1810 1609 ea
1853 1545 2096 1609 vixisse
2139 1564 2345 1608 uxore
2382 1543 2467 1609 ad

507 1632 692 1697 cuius
736 1631 1237 1697 contubernium
1295 1630 1578 1695 libenter
1634 1627 1864 1694 redeas
1917 1630 2075 1694 dum
2124 1650 2160 1694 e
2215 1629 2464 1695 mundo

508 1716 637 1782 erit
679 1717 1114 1800 migrandum.
1175 1716 1437 1781 Deinde
1482 1738 1521 1780 a
1558 1716 1730 1782 vitae
1765 1716 1939 1782 socia
1982 1715 2101 1779 tibi
2124 1726 2464 1781 ostensum

506 1802 708 1868 fuisse
777 1803 884 1886 pie
928 1802 1254 1866 moriendi
1289 1801 1683 1885 exemplum.
1704 1803 1759 1878 Β)
1847 1801 1924 1866 Si
1960 1802 2124 1866 mihi
2161 1803 2463 1885 privatus

505 1887 830 1971 quispiam
854 1887 1220 1952 hortandus
1253 1898 1442 1966 esset,
1488 1909 1709 1953 secum
1754 1886 2125 1970 expendere
2167 1888 2461 1953 iuberem

497 1973 659 2056 quid
719 1973 930 2039 fictori
990 1992 1108 2039 suo
1149 1973 1397 2039 debeat.
1483 1973 1658 2038 Nam
1703 1972 1922 2038 Deum
1962 1994 2082 2039 suo
2124 1973 2267 2038 iure
2312 1995 2461 2056 per-

495 2079 724 2143 peram
750 2059 1152 2137 fraudamus,
1196 2060 1326 2125 nisi
1369 2059 1510 2125 eius
1554 2059 1826 2124 arbitrio
1873 2059 2056 2125 vivat
2098 2080 2174 2125 ac
2217 2059 2459 2124 moria·

495 2150 610 2209 tur
669 2146 948 2229 quisque
1005 2156 1319 2210 nostrum.
1406 2147 1627 2210 Tuum
1671 2166 1828 2212 vero
1872 2154 1975 2210 est
2016 2145 2214 2210 simul
2261 2166 2457 2228 repu-

497 2239 639 2295 tare
674 2252 871 2314 quam
908 2232 1234 2297 sustineas
1256 2252 1608 2314 personam
1652 2231 1719 2295 in
1765 2230 2038 2297 ecclesia
2083 2231 2229 2296 Dei.
2320 2229 2457 2296 Sed

498 2317 652 2399 quia
714 2317 1139 2402 praecipuum
1221 2317 1680 2383 consolationis
1745 2328 2203 2400 argumentum
2267 2315 2457 2383 nobis

494 2401 568 2466 in
611 2422 689 2467 eo
735 2402 933 2468 situm
977 2412 1098 2481 est,
1136 2402 1505 2468 admirabili
1531 2402 1659 2466 Dei
1705 2402 2118 2487 providentia
2154 2404 2340 2469 nobis
2384 2403 2455 2468 in

497 2486 781 2553 salutem
819 2488 989 2553 verti
1034 2509 1199 2571 quae
1223 2489 1502 2555 adversa
1534 2497 1860 2571 putamus,
1902 2509 2116 2572 neque
2161 2489 2456 2571 separari

495 2595 616 2639 nos
674 2576 744 2638 in
801 2574 1049 2640 mundo
1109 2574 1235 2640 nisi
1298 2584 1376 2639 ut
1440 2574 1640 2641 semel
1658 2577 1716 2658 ⁴)
1761 2574 2147 2659 colligamur
2200 2577 2268 2639 in
2315 2596 2453 2641 coe-

492 2658 657 2725 leste
722 2660 864 2725 eius
908 2681 1210 2744 regnum,
1275 2662 1383 2727 hic
1446 2681 1569 2743 pro
1621 2669 1735 2725 tua
1778 2662 2020 2745 pietate
2063 2661 2451 2744 acquiesces.

669 2745 844 2826 Quia
887 2746 1209 2811 fervorem
1268 2746 1761 2811 contentionum
1805 2746 1876 2811 in
1923 2746 2196 2813 ecclesia
2231 2756 2455 2813 vestra

491 2837 830 2915 utcunque
887 2832 1188 2898 sedatum
1254 2853 1398 2899 esse
1464 2831 1657 2898 audio
1673 2834 1733 2907 ⁵)
1792 2832 1975 2899 dabis
2041 2853 2305 2915 operam
2366 2854 2452 2898 ne

494 2915 809 2983 obscurae
840 2918 1207 2984 simultates
1234 2919 1307 2982 in
1338 2918 1576 2983 animis
1602 2917 1950 2984 resideant.
2008 2919 2346 2984 Momento
2381 2917 2451 2983 id

491 3003 639 3068 fieri
683 3024 818 3068 non
855 3013 1089 3087 potest,
1128 3003 1280 3070 scic.
1362 3005 1542 3087 Ergo
1586 3004 1902 3087 paulatim
1948 3004 2153 3070 lenire
2196 3006 2449 3070 animos

492 3090 918 3156 exacerbatos
971 3089 1238 3156 studeas
1283 3088 1488 3157 donec
1531 3092 1796 3175 penitus
1841 3091 2233 3157 offensiones
2278 3088 2449 3156 dilu-

493 3184 711 3242 antur.
803 3175 980 3255 Vale,
1025 3177 1270 3260 optime
1315 3184 1381 3242 et
1422 3177 1762 3243 carissime
1804 3175 2027 3244 frater.
2117 3176 2448 3242 Dominus

493 3267 647 3326 tuae
690 3260 1030 3328 viduitatis
1091 3264 1426 3329 tristitiam
1482 3265 1752 3347 spiritus
1806 3265 1909 3329 sui
1966 3265 2180 3347 gratia
2221 3263 2447 3343 leniat,

490 3353 572 3498 tle1
617 3348 1109 3519 ςόιδῗυῧξιειςο
1163 3350 1402 3435 spiritu
1447 3369 1524 3415 ac
1566 3348 1908 3417 benedicat
1958 3350 2217 3416 labores
2276 3357 2446 3416 tuos.

1012 3438 1038 3476 0

703 3722 760 3789 2)
802 3723 952 3779 Obiit
976 3739 1123 3779 uxor
1144 3723 1201 3780 0.
1222 3725 1273 3780 d.
1288 3724 1374 3780 29.
1393 3726 1565 3781 Mart.
1587 3725 1725 3781 1549
1747 3725 1855 3791 (N.
1874 3724 2030 3790 1170,
2051 3731 2167 3784 not.
2184 3726 2263 3792 1).
2319 3727 2449 3782 Iam

492 3807 659 3861 quum
693 3801 890 3916 segc-em
925 3809 1105 3849 annos
1138 3795 1209 3849 ab
1244 3798 1363 3849 eius
1377 3802 1565 3876 ‘morte
1596 3798 1876 3875 effla-sisse
1909 3796 2075 3860 dicat,
2119 3801 2220 3851 aut
2251 3797 2314 3850 in
2347 3812 2450 3851 nu-

493 3876 642 3916 mero
683 3861 748 3928 fa
793 3872 920 3928 itur,
967 3870 1067 3916 aut
1109 3864 1253 3945 hanc
1296 3865 1580 3945 epistolam
1628 3869 1815 3928 (cutus
1845 3867 2060 3920 natales
2103 3865 2448 3934 ignoramus)

492 3936 759 4063 aarum&
776 3947 841 4052 αἱ
866 3929 1488 4057 ὶῗὸῗιὲνοῗωῖαιῗὲοῖωωῗθ
1522 3941 1744 4001 ‘'mm‘'
1780 4007 1842 4057 ut
1970 4006 2035 4056 st.

699 4066 761 4133 4)
797 4016 997 4123 agonum
1489 4018 1615 4057 moze
1648 4018 1780 4073 sequ
1842 4017 1910 4057 us
1941 4017 1970 4057 e

699 4135 760 4205 5)
792 4139 903 4194 imo
947 4153 1076 4192 mos·
1119 4138 1327 4193 maiori
1370 4154 1493 4194 cum
1538 4140 1850 4195 cerimonia
1892 4137 2293 4195 recrudueruat
2340 4139 2450 4206 (N.

696 4272 753 4340 6)
794 4273 889 4330 Sic
939 4273 1107 4328 Besa.
1208 4273 1404 4329 Verum
1455 4276 1558 4330 hoc
1606 4276 1808 4343 falsum
1858 4290 1975 4332 esse
2023 4277 2120 4331 vix
2169 4282 2249 4332 est

494 4342 863 4398 ostendamus.
934 4343 1071 4398 Nisi
1117 4344 1358 4409 fortasse
1408 4344 1617 4400 dixeris
1674 4345 1959 4401 Calvinum
2012 4345 2145 4400 haec
2189 4345 2450 4414 pluribus

487 4416 616 4534 {ost
648 4419 869 4467 mortem
902 4414 1080 4481 ipsius
1119 4413 1407 4468 Vallevillii
1437 4415 1860 4470 hebdomadibus
1894 4415 2196 4483 scripsisse,
2229 4417 2317 4470 rei
2348 4416 2447 4470 ad-

535 4495 603 4535 uc
636 4482 914 4550 iqnarum.
971 4482 1124 4537 Obiit
1154 4485 1206 4536 is
1240 4498 1306 4535 m.
1345 4481 1645 4538 Novembri
1677 4486 1760 4538 vel
1794 4486 1955 4538 etiam
1990 4492 2169 4538 antea.
2243 4483 2449 4539 Scribit

491 4549 634 4604 enim
669 4553 787 4605 eius
822 4564 1102 4606 successor
1138 4550 1455 4605 Perucellus
1489 4554 1550 4605 in
1586 4568 1691 4607 sua
1725 4552 1968 4607 Historia
2002 4553 2071 4607 de
2098 4552 2448 4607 Wesaliensis

493 4619 756 4673 ecclesiae
808 4620 1164 4701 dissipatione
1215 4619 1487 4687 (stanles.
1527 4619 1647 4676 Rel.
1694 4622 1906 4675 Handl.
1953 4623 1999 4676 Ι.
2047 4621 2201 4690 281):
2259 4623 2450 4676 Mense

493 4686 796 4743 Novembri
843 4700 995 4742 vemt
1040 4689 1108 4742 ad
1156 4706 1242 4743 me
1283 4689 1570 4744 wesaliam
1617 4690 1709 4743 Fr.
1744 4691 1985 4745 Clericus
2031 4692 2221 4745 literas
2268 4691 2451 4745 ferens

490 4757 710 4811 nomine
764 4759 1022 4813 ecclesiae
1075 4758 1568 4813 Francofordianae
1619 4760 1963 4814 continentes
2016 4761 2339 4814 electionem
2391 4760 2452 4812 in

493 4826 862 4880 ministerium
896 4828 1003 4881 mei
1039 4827 1158 4881 loco
1193 4828 1258 4881 B.
1281 4827 1543 4882 Vanvillii
1581 4828 1837 4883 defuncti.
1898 4828 1982 4893 Cf.
2019 4831 2185 4884 etiam
2213 4827 2294 4885 N.
2312 4826 2455 4883 2352

493 4896 594 4949 ubi
627 4894 897 4951 Pollaaus
930 4899 1048 4951 eius
1080 4898 1287 4952 obitum
1323 4896 1554 4953 Calvino
1587 4899 1836 4953 nunciat.

1286 5189 1691 5203 ψ

2017 409 2548 479 EPISTOLAE
2593 415 3019 479 2349-2350

4402 418 4531 480 868

3452 598 3650 670 2350.

2982 754 3568 822 msMANmus
3595 752 3648 840 1)
3691 754 4130 823 oALva.

2752 925 3084 1012 Gatazoqus
3117 888 3402 993 virorum
3444 928 3516 992 in
3555 926 3823 993 Polom'a
3864 927 4213 1011 insiynimn
4246 930 4333 996 ad
4374 950 4532 1012 quos

2575 1012 2792 1078 literae
2833 1036 2876 1078 a
2913 1013 3174 1080 Calvino
3216 1014 3575 1081 smbendae
3609 1017 3825 1092 essem,
3870 1014 4010 1096 ipso
4043 1015 4267 1082 iudice.

2575 1184 2688 1251 (Ex
2721 1183 2854 1241 Cod.
2890 1183 3094 1240 Genev.
3133 1182 3251 1250 196,
3296 1184 3388 1238 fol.
3425 1182 3511 1238 8⁵1.
3545 1212 3615 1222 —
3648 1183 3968 1238 Inserantur
4014 1187 4279 1256 quaedam
4315 1186 4529 1244 omini

3285 1253 3807 1318 annotatiunculae.)

2915 1425 3020 1491 De
3065 1425 3272 1492 literis
3306 1423 3667 1491 scribendis
3710 1424 3781 1490 in
3817 1424 4171 1493 Poloniam.

2741 1596 3011 1663 Literae
3054 1597 3460 1665 scribendae:

2742 1681 2850 1748 Ad
2885 1684 3157 1768 Regem.
3181 1688 3237 1767 ²)

2738 1767 2847 1835 Ad
2881 1769 3404 1835 illustrissimum
3449 1770 3533 1835 D.
3570 1767 3915 1836 Nicolaum
3962 1768 4280 1836 Radzivil.
4302 1773 4362 1853 ⁸)

2740 1854 2847 1919 Ad
2889 1855 3216 1921 illustrem
3260 1855 3643 1921 Palatinum
3687 1852 4390 1934 Sandomiriensem.⁴)

2738 1940 2845 2005 Ad
2892 1942 3219 2006 illustrem
3276 1942 3471 2007 Dom.
3513 1941 3600 2005 D.
3644 1939 3964 2005 Ioannem
4007 1944 4309 2008 comitem
4357 1944 4524 2010 Tar-

2569 2044 2700 2103 nov,
2723 2025 2774 2110 ³)
2810 2027 3240 2092 castellanum
3289 2026 3807 2105 Cracovienscm,
3853 2028 4139 2109 primum
4183 2029 4525 2095 dominum

2562 2111 2629 2176 in
2680 2112 2954 2178 Polonia
2994 2121 3147 2196 post
3168 2113 3442 2198 Regem,
3489 2111 3602 2194 qui
3636 2112 3836 2177 etiam
3873 2123 4133 2196 praeter
4176 2114 4338 2180 alias
4378 2114 4523 2200 dig-

2563 2197 2803 2263 nitates
2850 2199 3146 2283 fungitur
3168 2219 3440 2264 munere
3483 2199 3899 2281 imperatoris
3943 2201 4233 2265 omnium
4271 2201 4524 2267 exerci-

2562 2292 2751 2348 tuum
2797 2286 3002 2369 regni.
3068 2285 3181 2349 Ex
3225 2285 3366 2350 eius
3409 2283 3618 2349 literis
3654 2283 3738 2349 ad
3762 2283 4211 2351 Lismaninum
4245 2292 4524 2370 apparet

2561 2369 2718 2451 quid
2780 2369 2860 2435 de
2907 2390 3064 2435 vera
3118 2369 3437 2456 religione
3493 2370 3751 2436 sentiat.
3840 2370 4136 2437 Vocatur
4178 2393 4219 2436 a
4250 2372 4522 2440 Polonis

2561 2465 3188 2607 paoerAIglaitlllltisetrem
3212 2542 3294 2608 D.
3311 2539 3720 2608 Stanislaum
3743 2542 4049 2607 comitem
4073 2543 4145 2607 in
4172 2542 4445 2610 Tascsin
4460 2545 4521 2623 ⁶)

2559 2626 2925 2709 palatinum
2992 2628 3498 2694 Oracoviensem
3557 2636 3677 2693 etc.
3730 2636 3850 2693 etc.
3939 2627 4010 2694 Is
4045 2636 4146 2694 est
4189 2629 4522 2696 secundus

2560 2712 2862 2779 dominus
2906 2715 2976 2778 in
3020 2712 3292 2778 Polonia
3327 2721 3476 2797 post
3518 2712 3792 2796 Regem.

2730 2799 2825 2863 Ad
2863 2799 3153 2864 Felicem
3186 2799 3586 2882 Oruciyerum
3600 2802 3661 2875 ⁷)
3708 2797 4169 2865 Sebressinum
4213 2802 4517 2885 superin-

2556 2884 2934 2951 tendentem
2980 2884 3289 2951 ecclesiae
3312 2885 3442 2950 Dei
3484 2886 3888 2951 renascentis
3929 2887 4003 2950 in
4045 2885 4340 2966 Polonia‚
4374 2908 4517 2953 om-

2555 2991 2799 3054 nesque
2852 2971 3191 3037 ministros
3234 2969 3656 3037 ecclesiarum
3699 2990 3863 3054 quae
3906 2971 4040 3036 iam
4083 2982 4520 3056 susceperunt

2555 3056 2990 3142 evangelium,
3049 3060 3118 3124 et
3174 3077 3404 3123 omnes
3461 3056 3712 3123 nobiles
3771 3057 3843 3123 in
3876 3056 4005 3124 fide
4041 3056 4293 3124 Christi
4359 3079 4518 3125 con-

2553 3143 2827 3210 iunctos.
2907 3142 3039 3225 Qui
3084 3165 3310 3210 omnes
3373 3164 3493 3227 per
3544 3144 3771 3210 literas
3826 3145 4101 3228 scriptas
4143 3142 4227 3209 ad
4270 3145 4514 3213 Franc.

2554 3229 3004 3295 manuninum
3027 3252 3063 3296 e
3086 3231 3518 3298 conventione
3539 3229 4004 3296 Pinczoviensi
4049 3234 4209 3294 1555
4246 3231 4349 3315 (in
4382 3250 4516 3315 qua

2555 3317 2838 3381 eundem
2905 3315 3247 3401 elegerunt
3309 3317 3380 3381 in
3445 3314 4124 3398 superintendentem)
4179 3317 4516 3400 petierunt

2554 3400 2998 3467 commendari
3061 3421 3132 3466 se
3188 3410 3257 3467 et
3300 3400 3605 3468 ecclesias
3660 3401 4050 3468 doctissimis
4093 3409 4160 3467 et
4197 3400 4513 3485 piissimis

2553 3488 2877 3553 ministris
2930 3487 3354 3554 ecclesiarum
3404 3486 3904 3554 Helveticarum
3946 3494 4013 3553 et
4054 3486 4512 3574 Allobrogum,

2554 3584 2622 3638 et
2655 3593 2916 3701 quaqua
2957 3572 3153 3639 datur
3187 3572 3481 3641 consiliis
3522 3581 3591 3639 et
3612 3573 3883 3640 auxiliis
3925 3574 4008 3639 ab
4044 3573 4291 3641 eisdem
4325 3573 4512 3641 adiu·-

2554 3680 2717 3725 van.
2769 3667 2796 3735 )

2555 3898 2745 3953 2350.
2765 3896 2825 3965 1)
2862 3897 3029 3954 Nihil
3074 3900 3319 3955 cunctati
3364 3898 3591 3954 schedae
3635 3891 3908 3969 α’νωνῦμῳ
3950 3896 4277 3954 Lismanini
4317 3914 4512 3955 nomen

2548 3969 2923 4051 praefiyimus.
2996 3967 3277 4050 Inseritur
3321 3968 3467 4023 enim
3488 3968 3881 4051 framentum
3916 3968 4176 4036 epistolae
4209 3967 4304 4050 ad·
4326 3967 4512 4092 w

2552 4037 3011 4188 οῗῗὲἔῗῒωωω
2980 4043 3249 4190 ῗῗὶξῗὲὶ
3281 4037 4349 4188 ἒΐᾴἒψεὶωηωωιηἭΜωῖαωΜῗἝω
4380 4053 4513 4162 „3:⁸3

2552 4191 2862 4300 maffia*
2898 4176 4393 4315 5ffl532⁸¹⁴3m5225⁸⁶123t250s¹“”·0.1¹'.?.‘-'.··...“⁸“.-·.·⁰’..“.‡·3
4435 4175 4513 4298 :¹3

2553 4313 2796 4436 ἐξίτω
2827 4314 3052 4435 scrizgtis
3085 4312 3893 4451 φξείιοέίέθῌεπιαηίηῖωὲ-ἀὶἃίῗ
3917 4314 4512 4438 &flammarum

2554 4466 2666 4508 cem
2699 4450 3046 4505 adnommus.
4117 4399 4149 4453 ⁹

2759 4517 2819 4587 2)
2858 4518 2932 4573 N.
2968 4516 3124 4572 2362.

2554 4653 2695 4710 23⁷0
2761 4587 2825 4654 3)
2861 4587 2957 4642 Ad
3000 4588 3143 4644 hunc
3186 4587 3510 4643 Palatinum
3557 4587 3864 4644 Vilnsnsem
3908 4588 4024 4643 iam
4066 4586 4146 4644 N.
4180 4585 4336 4654 2113,
4383 4602 4505 4642 mox

2693 4694 2709 4710 ⁴
2762 4722 2825 4789 4)
2863 4723 2938 4779 N.
2972 4722 3126 4778 2276.
3161 4723 3316 4779 2291.
3353 4722 3504 4778 2373.
3576 4725 3749 4782 Hm
3782 4728 3896 4780 san·
3929 4725 4167 4780 semaia
4200 4725 4508 4779 „oasam

2558 4807 2731 4863 supra
2764 4794 3057 4848 venientem
3099 4793 3331 4850 [abien.
3359 4810 3419 4864 p.
3454 4792 3525 4848 65
3558 4794 3724 4851 dicit.-
3758 4794 4013 4866 Spytccw
4047 4793 4261 4848 Iordan.

2663 5000 2674 5012 ¹
2765 4860 2829 4996 ἓ)
2862 4862 2956 4986 {d
2976 4860 3134 5014 Ξὲξιισ
3154 4938 3204 4988 et
3230 4931 3421 5014 plures
3448 4947 3679 5002 quorum
3700 4932 3927 4988 namna·
3959 4937 4264 5003 sequuntur
4283 4932 4365 4987 vel
4396 4946 4505 4987 noa

2561 5004 2783 5071 scripsit
2832 4999 2916 5055 vel
2946 5007 3183 5069 scriptae
3215 5002 3631 5058 interciderunt.

2765 5040 2821 5136 ἦ)
2857 5070 2985 5124 olim
3019 5070 3332 5126 ministrum
3366 5068 3916 5126 Niedrocsdrienssm
3956 5082 4130 5137 prope
4169 5067 4503 5136 Ονσοουίωη,

2560 5134 3195 5277 szmsglcigrciIabglbssss
3239 5139 3317 5193 ad
3365 5139 3701 5210 evangelium
3754 5153 4088 5195 conversum.
4169 5138 4321 5193 Obiit
4353 5135 4503 5192 1563.

2764 5275 2826 5343 8)
2867 5277 2963 5331 Ee
2996 5278 3182 5333 eadem
3220 5275 3445 5347 Synodo
3477 5276 3690 5334 indicto
3724 5275 3803 5332 ad
3837 5273 3953 5331 Gal.
3975 5273 4117 5331 Mai.
4156 5274 4288 5330 1555
4322 5274 4506 5330 literas

2560 5344 2726 5401 datas
2758 5352 2889 5402 sunt
2921 5345 3000 5402 ad
3030 5346 3422 5402 Lismaainum
3455 5346 3612 5416 apud
3642 5343 3922 5413 Helvetios
3967 5344 4267 5415 deon-tem,
4314 5344 4505 5414 quibus
