4850 6200
556 453 669 514 1⁷1

548 638 729 704 mino
770 634 1169 703 Guilielmus
1214 631 1510 698 Fan-auus
1552 634 1853 716 proximo
1907 637 2235 699 conventu
2278 637 2503 697 nostro

548 721 738 790 nobis
800 721 1128 805 exposuit,
1205 719 1610 785 incertorum
1673 716 2089 803 quorundam
2160 716 2502 783 hominum

550 828 762 893 usque
803 805 1257 891 impotentiam
1310 804 1668 871 invaluisse
1711 825 1787 870 ac
1828 803 2096 883 rabiem,
2154 811 2231 868 ut
2273 814 2503 870 contra

553 892 879 961 Senatum
900 898 1213 969 vestrum,
1249 891 1467 956 missis
1489 888 1574 956 ad
1594 890 1875 956 eundem
1898 890 2128 965 literis,
2153 894 2205 967 ¹)
2240 909 2503 955 summa

554 980 799 1047 iniuria
862 979 956 1044 im
1001 981 1325 1061 ietateque
1400 976 1759 1042 saevierint
1822 996 1901 1041 ea
1963 974 2370 1041 criminando
2435 984 2501 1040 et

556 1066 927 1150 exprobran
972 1086 1011 1129 o
1065 1082 1232 1147 quae
1289 1063 1363 1127 in
1421 1060 1737 1128 Servatum
1797 1061 2210 1128 sanctissimo
2262 1060 2501 1127 iudicio

552 1152 821 1220 fuerunt
891 1158 1065 1217 acta:
1137 1148 1642 1231 conscripserint
1695 1147 2316 1231 perniciosissimum
2394 1146 2498 1211 de-

598 1236 1190 1319 loratissimumque
1233 1233 1436 1318 'plecti
1492 1233 1891 1300 haereticum
1933 1253 2345 1317 nequaquam
2388 1232 2500 1296 de·

550 1258 803 1389 finisse:
844 1320 1060 1387 nullas
1101 1341 1244 1387 esse
1288 1339 1419 1385 non
1455 1319 1759 1385 ferendas
1792 1326 2030 1403 pestes,
2118 1316 2502 1402 uodcunque

550 1408 817 1475 tandem
879 1405 1193 1473 adversus
1260 1404 1604 1471 Christum
1666 1407 1846 1471 virus
1922 1340 2230 1471 exhalare
2307 1412 2502 1487 atque

553 1513 854 1561 evomere
898 1493 1158 1559 libitum
1199 1491 1416 1557 fuerit.
1506 1492 1734 1576 Neque
1789 1498 2128 1557 contentos
2183 1492 2277 1555 ita
2330 1490 2502 1556 lace-

549 1601 735 1647 rasse
761 1580 1217 1663 magistratum
1250 1578 1855 1644 innocentissimum
1891 1578 1960 1642 in
1995 1580 2213 1659 ipsum
2249 1597 2504 1660 quoque

560 1664 914 1743 Calvinum,
973 1685 1128 1748 egre
1179 1664 1311 1729 'um
1358 1663 1608 1730 Christi
1664 1685 1948 1741 servum,
2007 1662 2237 1728 iisdem
2292 1662 2503 1727 literis

552 1762 741 1819 tanta
774 1751 1108 1816 atrocitate
1145 1751 1484 1827 1nsanisse,
1523 1757 1600 1813 ut
1633 1751 1850 1833 peiore
1879 1748 2221 1815 daemonio
2256 1748 2500 1813 calum-

557 1840 800 1903 niare*
843 1837 1280 1919 nequiverint,
1325 1857 1527 1919 quum
1566 1835 1694 1901 alia
1731 1836 2072 1919 permulta,
2115 1856 2283 1919 quae
2330 1833 2501 1899 idem

558 1922 855 1989 Far-ellus
897 1922 1228 1987 narrando
1286 1921 1681 2005 generaliter
1732 1921 2111 2004 complexus
2167 1930 2297 1997 est,
2360 1930 2503 1985 tum

554 2009 743 2094 quod,
787 2030 987 2091 quum
1033 2029 1167 2073 non
1211 2007 1400 2073 aliter
1442 2028 1636 2090 quam
1678 2029 1793 2091 pro
1828 2028 1949 2074 sua
1990 2006 2307 2091 singulari
2354 2028 2501 2089 per-

554 2108 901 2180 spectaque
976 2094 1225 2159 iamdiu
1308 2094 1762 2159 benevolentia
1837 2114 2036 2177 quam
2110 2093 2503 2159 amicissime

554 2204 749 2264 saepe
792 2202 913 2245 nos
967 2182 1224 2259 viserit,
1284 2180 1605 2245 malitiose
1661 2189 1882 2245 tamen
1938 2187 2005 2243 et
2061 2199 2262 2262 supra
2304 2199 2504 2263 quam

556 2268 687 2334 dici
743 2279 955 2351 potest
1012 2265 1347 2343 invidiose,
1410 2278 1722 2349 tanquam
1775 2266 1953 2333 hisce
2007 2266 2357 2332 itineribus
2417 2265 2502 2329 ad

557 2352 1069 2419 dominationem
1134 2353 1419 2435 aliquam
1482 2354 1802 2435 susceptis
1819 2403 1833 2429 ,
1914 2373 2161 2435 nosque
2238 2352 2322 2416 ab
2386 2351 2503 2415 illo

556 2438 958 2523 pendeamus
976 2440 1032 2519 ²)
1087 2440 1306 2521 potius
1361 2459 1557 2521 quam
1600 2459 1686 2503 ex
1733 2438 1868 2504 solo
1913 2438 2043 2505 Dei
2087 2438 2285 2505 verbo
2329 2436 2502 2521 quod

553 2525 762 2603 affert,
819 2522 1116 2608 quodque
1172 2544 1293 2589 nos
1344 2523 1682 2591 vobiscum
1727 2546 1861 2590 una
1901 2525 1974 2589 in
2018 2523 2319 2589 omnibus
2361 2544 2502 2589 arc-

551 2610 805 2677 tissime
848 2610 1211 2695 coniungit,
1255 2610 1665 2692 interpretati
1709 2621 1881 2676 sunt.
1951 2609 2277 2676 Videlicet
2319 2618 2504 2674 tanto

549 2698 770 2763 furore
806 2695 1267 2780 percelluntur,
1304 2707 1382 2761 ut
1416 2697 1581 2760 vitio
1617 2704 1898 2775 vertant,
1940 2696 2111 2780 quod
2147 2696 2504 2762 doctissimi

549 2784 681 2851 viri
735 2784 1142 2865 optatissima
1192 2783 1672 2865 utilissimaque
1725 2782 2100 2865 praesentia
2153 2782 2339 2848 nobis
2383 2782 2504 2846 ali·

550 2868 811 2953 quando
846 2869 977 2934 frui
1014 2867 1222 2934 liceat.
1290 2868 1395 2933 Ad
1434 2867 1594 2933 haec
1628 2868 1852 2950 itaque
1889 2878 2202 2945 monstra,
2247 2870 2503 2944 fratreS,

554 2966 695 3021 tam
738 2952 1094 3032 horrenda,
1153 2974 1355 3036 quum
1398 2956 1666 3018 moestis
1710 2953 1951 3019 animis
1987 2976 2119 3020 non
2154 2953 2367 3019 solum
2401 2954 2506 3018 in-

555 3041 1061 3127 gemisceremus
1125 3037 1241 3104 sed
1310 3038 1915 3121 obstupesceremus
1993 3040 2194 3106 etiam
2210 3090 2225 3118 ,
2306 3060 2510 3122 eoque

554 3128 771 3210 magis
829 3125 999 3208 quod
1056 3125 1361 3201 addebat,
1427 3125 1499 3188 in
1561 3126 1931 3191 huiusmodi
1991 3126 2197 3190 literis
2253 3125 2511 3190 nullum

553 3210 813 3279 ostendi
855 3211 1095 3295 quibus
1131 3210 1465 3277 autoribus
1507 3211 1826 3277 conflatae
1868 3223 2088 3277 essent
2124 3210 2509 3294 vestigium:

557 3318 795 3380 nempe
835 3318 963 3381 quo
1006 3297 1101 3363 sic
1144 3296 1589 3362 maleficorum
1644 3297 1872 3377 instar,
1929 3297 2043 3380 qui
2084 3317 2157 3363 se
2200 3316 2510 3362 nonnun-

555 3405 755 3466 quam
810 3383 959 3448 aliis
1017 3383 1425 3448 constituunt
1481 3382 1872 3460 invisibiles,
1936 3383 2205 3467 impune
2259 3383 2330 3446 in
2386 3404 2510 3448 nos

551 3473 1076 3556 grassarentur*

726 3555 980 3620 Idcirco
1038 3556 1224 3620 nobis
1279 3553 1578 3619 nonnihil
1632 3554 1714 3618 iis
1782 3553 1863 3621 de
1907 3554 2118 3621 {rebus
2173 3555 2510 3622 vobiscum

557 3641 1043 3709 communicare
1098 3640 1221 3706 hac
1276 3638 1551 3723 epistola
1607 3640 1825 3706 visum
1878 3639 2023 3706 fuit.
2123 3642 2509 3726 Intelligitis

552 3730 728 3793 enim
764 3728 1131 3792 ministerio
1163 3735 1387 3792 nostro
1410 3726 1650 3793 talibus
1679 3726 2113 3805 contumeliis,
2149 3749 2280 3794 non
2317 3728 2509 3793 modo

551 3827 793 3890 vestro,
848 3814 1305 3898 gravissimam
1346 3811 1524 3877 inuri
1564 3812 1907 3890 maculam,
1966 3814 2231 3880 tametsi
2274 3815 2346 3880 in
2389 3834 2508 3880 vos

551 3909 734 3965 recta
759 3906 894 3964 toto
927 3900 1179 3982 impetu
1202 3898 1565 3981 rapiuntur,
1602 3899 1806 3965 vestri
1853 3921 1934 3965 ue
1956 3899 2125 3979 odio,
2161 3901 2509 3985 praecipue

556 3983 809 4052 calvini
872 3984 1122 4064 fratris,
1200 4004 1322 4049 nos
1386 3993 1673 4061 tantum,
1746 4005 1827 4050 ve
1853 3995 1930 4050 ut
1993 3985 2064 4052 in
2130 3995 2510 4053 transcursu

554 4070 822 4137 feriunt.
910 4069 1168 4136 Videtis
1213 4090 1415 4154 quum
1460 4068 1609 4135 illos
1668 4071 1795 4136 insi
1892 4072 2014 4137 ‘ter
2074 4072 2308 4155 immos
2353 4072 2507 4138 Hie-

552 4177 897 4236 ronymum,
942 4157 1235 4239 proxime
1278 4156 1545 4220 affinem
1588 4157 1728 4222 eius
1776 4092 2113 4234 &etum
2160 4158 2508 4224 haereseos

555 4243 687 4327 ipsi
727 4242 1066 4308 vobiscum
1108 4265 1195 4308 ex
1240 4242 1425 4308 verbi
1468 4241 1677 4308 divini
1720 4244 2052 4310 sententia
2095 4243 2508 4310 damnaveri-

554 4349 705 4395 mus
758 4349 842 4394 ne
900 4349 1035 4393 una
1087 4345 1241 4394 cum
1296 4328 1691 4413 negantibus
1734 4328 1954 4394 Deum
2011 4328 2249 4396 iisdem
2291 4329 2506 4415 illiga-

554 4435 780 4480 remur
833 4414 1191 4499 sacrilegiis
1205 4466 1221 4492 ,
1279 4414 1390 4480 ubi
1447 4414 1734 4498 ingenue
1775 4412 2091 4493 fatemur,
2150 4415 2351 4482 libros
2394 4416 2508 4498 qui

555 4500 643 4567 ad
684 4501 1016 4565 flammam
1050 4501 1219 4565 tanti
1254 4500 1593 4583 utriusque
1628 4499 1916 4567 incendii
1952 4499 2507 4585 restinguendam,

552 4608 729 4654 unus
797 4586 1059 4651 nomine
1124 4586 1414 4651 omnium
1489 4594 1815 4662 vestrum,
1888 4586 2057 4653 alter
2115 4585 2369 4653 Caluini
2436 4587 2508 4651 in

553 4672 795 4758 vulgus
837 4691 1033 4755 quam
1074 4672 1625 4756 opportunissime
1667 4672 1827 4739 editi
1870 4683 2045 4750 sunt,
2091 4673 2279 4740 nobis
2320 4671 2507 4739 adiu·

556 4962 737 5020 me.
769 4961 825 5030 1)
1203 4966 1267 5018 in
1311 4965 1686 5035 superioribus
1730 4967 1871 5020 satis
1914 4979 2183 5036 stcperqtoe
2225 4965 2508 5021 ommate.

1262 5049 1377 5089 non
1439 5039 1724 5090 conus-m
1776 5039 1801 5099 (

552 5183 722 5306 (ΜΗ
696 5165 1206 5306 ὼαξοξαθοκοωωι.)
1329 5172 1362 5184 “
1414 5172 1563 5227 etin
1602 5170 2508 5240 Smmprodonovorbafectt.

685 5302 1880 5387 ·2)Quomaqisveramt1uaodam
1934 5322 1994 5364 eo
2051 5308 2511 5366 niumm

2052 439 2578 509 EPISTOLAE
2630 448 3046 507 1976—1977

4431 447 4548 508 172

2602 641 2827 699 mento
2893 654 3022 698 non
3094 631 3407 699 mediocri
3465 632 3685 698 fuisse.
3784 631 4045 700 videus
4100 653 4305 716 quum
4363 638 4558 700 tanta

2605 719 2973 784 animorum
3034 716 3369 784 alacritate
3413 717 3701 784 Domino
3753 719 4001 804 gratias
4045 719 4374 804 egerimus
4415 720 4553 803 pri·

2604 821 2787 870 mum
2833 804 3057 870 audita
3078 803 3369 883 victoria,
3414 802 3643 869 eodem
3666 803 3922 871 Famae
3940 805 4280 884 referente,
4323 825 4553 889 quem—

2606 887 2958 957 admodum
3012 898 3154 955 tam
3207 888 3623 957 exsecrandis
3691 890 3929 956 belluis
3985 910 4103 974 per
4158 911 4280 956 vos
4337 890 4554 957 occlu-

2604 977 2795 1043 sisset
2839 997 2955 1042 ora
2977 975 3320 1055 Dominus,
3362 996 3573 1060 poena
3616 976 3681 1041 bl
3804 974 4058 1043 hemiae
4100 976 4553 1060 epistomium-

2603 1084 2729 1148 que
2761 1062 2892 1127 illis
2927 1063 3032 1129 sui
3066 1062 3335 1146 spiritus
3368 998 3995 1141 iniecissotffsgoinde
4029 1083 4230 1147 quum
4265 1062 4556 1146 priorem

2648 1147 2868 1215 uidem
2937 1148 3178 1214 finibus
3244 1148 3536 1231 pulsum,
3605 1147 3780 1232 quod
3847 1149 4084 1233 alioqui
4154 1169 4554 1233 permagnae

2649 1233 3001 1300 ucebamus
3056 1233 3469 1313 clementiae,
3530 1234 3812 1300 alterum
3872 1254 4028 1300 vero
4074 1234 4308 1319 dignas
4350 1235 4554 1301 luisse

2690 1340 2876 1401 enas,
2946 1319 3370 1386 memoranda
3422 1328 3692 1387 senatus
3744 1321 4072 1404 aequitate
4122 1320 4551 1387 audissemus.

2665 1427 2784 1491 rgo
2817 1406 3059 1473 videtis
3093 1405 3256 1472 haec
3297 1407 3537 1486 omnia,
3580 1406 3816 1490 quibus
3851 1406 4016 1472 nihil
4061 1427 4272 1489 neque
4314 1406 4554 1472 iustius

2604 1514 2814 1576 neque
2855 1493 3068 1577 magis
3108 1491 3531 1572 laudandum,
3579 1494 3659 1559 ab
3703 1493 3850 1558 istis
3885 1500 4128 1571 tamen,
4184 1494 4554 1576 quicunque

2607 1580 2774 1657 sint,
2852 1578 3094 1644 furiose
3163 1579 3457 1662 torqueri
3525 1580 3598 1643 in
3663 1578 3996 1645 sinistram
4119 1578 4554 1661 essimamque

2605 1673 2882 1749 partem,
2925 1685 3171 1748 nosque
3205 1667 3275 1730 in
3319 1664 3424 1730 his
3459 1662 3787 1729 diffamari
3821 1663 4009 1731 velut
4159 1664 4294 1729 vini
4327 1662 4558 1731 fratris

2607 1751 2962 1835 mancipia,
3022 1772 3099 1818 ac
3155 1773 3288 1816 non
3341 1751 3518 1816 servi
3563 1751 3690 1815 Dei
3743 1750 4113 1830 vobiscum,
4166 1759 4235 1815 et
4295 1747 4556 1816 Calvino

2605 1859 2733 1921 qua
2775 1857 2934 1903 sane
2978 1835 3318 1903 docentem
3361 1837 3561 1919 sequi,
3621 1856 3697 1901 ac
3751 1836 3919 1902 bene
3963 1837 4268 1901 meritum
4315 1856 4558 1922 agnos-

2604 1945 2781 2002 cere,
2860 1944 3058 2006 quam
3123 1943 3429 2007 suprema
3491 1923 3563 1987 in
3629 1921 3848 1987 Deum
3961 1922 4190 1988 erfidia
4252 1920 4558 1988 secedere

2607 2009 3049 2075 maluerimus.
3120 2008 3215 2086 Si,
3262 2008 3574 2092 quidnam
3620 2010 3687 2073 in
3732 2008 3854 2075 hoc
3945 2016 4179 2073 atanae
4214 2007 4560 2074 latrocinio

2607 2097 2929 2170 statuatis,
2977 2106 3090 2159 aut
3133 2099 3202 2160 in
3239 2096 3365 2160 ista
3400 2095 3588 2177 quasi
3625 2103 3947 2160 nocturna
3989 2094 4376 2161 excursione
4418 2106 4558 2159 tam

2606 2182 2820 2247 subito
2864 2182 3269 2246 avolantium
3314 2181 3598 2245 hostium
3646 2182 3925 2263 possitis.
3984 2190 4313 2264 comperto
4354 2179 4558 2245 habe-

2606 2289 2854 2341 remus,
2923 2267 3302 2350 expeditum
3367 2277 3541 2333 esset
3602 2266 3829 2332 eodem
3896 2266 4190 2343 consilio,
4265 2265 4422 2348 quid
4486 2268 4560 2331 in

2607 2353 2938 2419 communi
2974 2353 3360 2437 praesertim
3396 2374 3546 2417 cum
3583 2352 3843 2418 Calvino
3876 2352 4117 2417 iniuria
4149 2373 4268 2417 nos
4303 2372 4560 2436 quoque

2609 2459 2804 2524 agere
2854 2449 3197 2522 oporteret.
3302 2437 3642 2519 Quantum
3714 2441 3922 2522 igitur
3974 2459 4149 2503 nunc
4206 2438 4558 2505 decernere

2611 2526 2970 2609 possimus,
3029 2525 3432 2608 postulamus
3487 2536 3553 2590 et
3594 2537 3819 2590 vestra
3882 2545 4004 2607 ope
4058 2521 4228 2607 quod
4272 2544 4560 2606 aequum

2608 2623 2710 2677 est
2765 2614 3118 2695 impetrare
3174 2632 3214 2675 a
3268 2624 3504 2677 senatu
3561 2610 3774 2677 liceat.
3877 2608 4159 2692 Quando
4213 2610 4392 2675 enim
4446 2610 4560 2693 qui

2607 2698 2768 2763 talia
2810 2699 2878 2761 in
2924 2719 3041 2763 nos
3086 2698 3462 2764 debacchati
3505 2706 3688 2775 sunt,
3751 2717 3885 2763 non
3944 2703 4387 2779 apposuerunt
4439 2714 4564 2761 sua

2609 2786 2896 2863 nomina,
2953 2786 3011 2850 is
3049 2803 3168 2866 per
3209 2805 3407 2867 quem
3449 2794 3718 2849 senatus
3762 2783 3988 2847 literas
4033 2782 4314 2865 accepit,
4370 2781 4561 2848 nobis

2610 2891 2841 2936 eorum
2885 2870 3148 2935 nomine
3191 2868 3453 2935 videtur
3508 2868 3904 2953 respondere
3947 2866 4201 2945 debere,
4259 2876 4375 2932 aut
4414 2865 4566 2933 illos

2612 2957 2988 3040 producere.
3078 2957 3368 3021 Tantum
3425 2956 3770 3021 scribimus
3825 2953 3981 3039 quid
4024 2962 4330 3037 putemus
4374 2953 4446 3018 in
4489 2973 4563 3019 re

2611 3040 2801 3108 nobis
2849 3063 2980 3107 non
3024 3047 3183 3108 satis
3230 3042 3598 3127 perspicua:
3642 3042 3758 3126 qui
3801 3039 4202 3125 deprehendi
4243 3040 4404 3106 istos
4446 3060 4566 3105 ne·

2611 3129 2856 3211 quitiae
2899 3130 3110 3213 magis
3140 3135 3276 3192 tros
3302 3128 3894 3194 admanifestiorem
3919 3127 4047 3193 Dei
4090 3126 4368 3212 gloriam
4412 3147 4570 3210 per-

2615 3223 2950 3297 optamus:
3030 3214 3424 3280 constituere
3488 3221 3710 3279 autem
3774 3213 3942 3297 quod
4010 3211 4178 3279 facto
4245 3233 4411 3296 opus
4477 3213 4568 3278 sit

2613 3298 2910 3383 magisve
2971 3299 3306 3399 expediat,
3389 3300 3594 3365 vestri
3659 3300 3786 3366 erit
3850 3298 4100 3376 iudicii,
4181 3307 4326 3365 vest
4484 3320 4568 3364 ue

2612 3406 2909 3451 summae
2952 3385 3245 3453 caritatis
3302 3407 3460 3471 erga
3506 3406 3654 3465 nos,
3718 3387 3831 3470 qui
3889 3406 4006 3469 pro
4052 3383 4336 3451 Domino
4382 3405 4464 3451 vo
4510 3385 4568 3451 is

2613 3470 2992 3556 impendere
3049 3471 3261 3557 parati
3318 3493 3549 3537 sumus
3607 3472 3829 3537 omnia
3883 3479 4110 3538 nostro
4152 3470 4416 3537 nomine
4459 3492 4570 3538 cu-

2613 3579 2782 3638 rare,
2826 3557 3143 3643 quidquid
3191 3556 3518 3643 agendum
3567 3557 3915 3636 videbitur,
3961 3578 4211 3640 nosque
4250 3558 4564 3623 certiores

2612 3643 2853 3712 facere:
2917 3646 3182 3711 omnino
3225 3644 3405 3709 enim
3447 3644 3717 3710 consilio
3761 3653 3976 3710 vestro
4021 3651 4194 3709 stare
4239 3641 4567 3710 volumus.

2613 3729 2808 3814 Quod
2844 3733 3169 3816 reliquum
3210 3737 3328 3809 est,
3371 3730 3628 3808 fratres,
3673 3750 3935 3797 oramus
3959 3728 4317 3796 Dominum
4351 3737 4430 3793 ut
4452 3727 4570 3794 ad·

2613 3839 2842 3884 versus
2885 3826 2983 3883 tot
3016 3818 3304 3884 assultus
3339 3817 3578 3883 diaboli
3614 3816 3986 3882 corroboret
4020 3836 4279 3899 semper
4312 3814 4570 3881 animos

2614 3912 2868 3970 vestros
2923 3925 3048 3969 sua
3106 3904 3380 3976 virtute.
3445 3904 3789 3987 ipsumque
3846 3900 4033 3968 brevi
4091 3908 4386 3968 conterat
4443 3900 4571 3969 sub

2613 3987 2887 4073 pedibus
2932 3991 3187 4056 vestris.
3276 3990 3533 4067 Valete,
3578 3988 3820 4055 fratres
3862 3988 4305 4072 integerrimi:
4354 3987 4574 4054 nostri

2611 4097 2934 4142 memores
2967 4077 3039 4141 in
3073 4075 3350 4142 assiduis
3383 4074 3682 4160 precibus
3718 4076 3952 4142 vestris
3989 4083 4212 4150 estote,
4258 4082 4325 4138 et
4359 4071 4572 4140 eccle·

2611 4161 2858 4227 siarum
2899 4162 3029 4227 Dei
3085 4163 3323 4247 quibus
3377 4183 3499 4228 nos
3561 4161 3771 4228 voluit
3814 4162 4166 4246 praeficere
4214 4157 4572 4226 Dominus.

2612 4246 2926 4315 Neocomi
2972 4252 3067 4313 18.
3113 4247 3295 4314 Iunii
3343 4251 3524 4313 1554.

2782 4416 3094 4487 Decanus
3128 4419 3496 4503 caeterique
3530 4439 3759 4485 omnes
3782 4419 3947 4485 clas-

2611 4506 2717 4656 ziz
2720 4504 3237 4656 1,ἰῙέῘῂεἰπικῑ01118118ὶ8
3319 4513 3725 4590 symmystae
3789 4503 3945 4571 Iesu
