4850 6200
389 393 505 457 385

1253 580 1457 653 2188.

513 731 986 801 GALVINUS
1053 733 1524 803 MINIS'I'RIS
1590 736 2200 806 ARGEN'PORA-

1119 836 1593 906 TENSIBUS.

555 1007 853 1075 Primum
894 1014 1145 1091 questus
1185 1029 1251 1075 se
1304 1009 1384 1075 ab
1437 1010 1570 1077 nnis
1623 1012 1955 1095 neglectum
2007 1012 2228 1095 fuisse,
2274 1018 2327 1078 et

383 1117 565 1171 sumn
617 1117 765 1178 crya
825 1115 928 1162 eos
982 1094 1750 1163 mtefflnonmwtatam
1805 1098 2328 1182 tastedusDefen-

381 1184 581 1257 sionis
619 1181 897 1248 libellum
936 1181 1024 1247 iis
1064 1181 1252 1247 mittit
1292 1187 1348 1247 et
1388 1184 1786 1250 commendat.

381 1357 803 1478 (Λαυρ-6811166
840 1354 957 1408 6166
980 1355 1154 1474 linseri
1178 1354 1437 1475 gionefet
1470 1356 1869 1425 subscriptione
1898 1356 2173 1438 exstat-in
2197 1356 2328 1410 God.

382 1428 699 1570 3353&
726 1422 1026 1559 ‘’1053’315
1060 1423 1156 1547 ἕ
1177 1423 2330 1565 tamt,⁹{sffl.⁰:‘ss¹33?¹}¹r1·?¹;¹ffi

382 1572 654 1637 quartum,
689 1563 936 1633 quintum
970 1562 1026 1615 in
1050 1561 1179 1617 Cod.
1203 1559 1275 1615 84
1307 1561 1641 1617 Simleriano.
1710 1563 2028 1618 versionem
2064 1563 2329 1632 anglicam

898 1632 1127 1700 praebet
1159 1630 1262 1685 Ed.
1295 1629 1507 1684 Philad.
1543 1631 1637 1686 111.
1676 1630 1818 1700 116.)
1987 1635 1991 1639 “

554 1805 625 1871 S.
675 1803 1069 1888 Quanquam
1113 1804 1185 1867 in
1219 1802 1405 1869 vobis
1439 1823 1652 1886 nuper
1693 1804 1787 1867 fui
1827 1802 2152 1885 deceptus,
2198 1825 2329 1869 non

382 1906 608 1963 tamen
654 1902 721 1956 et
765 1911 879 1956 vos
933 1909 1154 1955 amare
1209 1901 1276 1955 et
1331 1895 1625 1955 sanctam
1669 1888 2005 1954 vobiscum
2050 1910 2333 1973 vereque

381 1986 745 2050 fraternam
803 1975 1331 2042 coniunctionem
1391 1984 1697 2057 expetere
1755 1973 2010 2053 desino,
2070 1986 2136 2041 et
2189 1977 2329 2059 qui-

380 2070 532 2136 dem
573 2084 720 2129 eam
756 2061 839 2128 ad
874 2072 1243 2127 extremum
1280 2081 1484 2144 usque
1520 2060 1740 2127 fovere
1783 2059 2073 2139 studebo,
2118 2060 2332 2145 quoad

377 2157 446 2222 in
507 2172 614 2216 me
673 2149 811 2214 erit.
904 2145 1096 2227 Quod
1151 2167 1258 2212 me
1315 2147 1660 2229 deceptum
1713 2146 1918 2211 fuisse
1975 2168 2334 2231 conqueror

377 2241 623 2322 absque
658 2234 994 2300 stomacho
1028 2232 1279 2297 dictum
1314 2233 1606 2317 accipite.
1649 2232 1847 2321 „Nam
1883 2253 2088 2315 quum
2125 2254 2334 2317 nuper

375 2328 463 2394 D.
515 2319 890 2404 Μαι-11661110
947 2319 1040 2383 ita
1096 2319 1502 2401 scripsissem
1537 2323 1590 2403 ¹)
1647 2328 1723 2383 ut
1780 2316 1966 2384 vobis
2029 2320 2333 2385 omnibus

377 2427 762 2478 communes
807 2417 1028 2471 essent
1083 2405 1334 2481 literae,
1392 2426 1525 2471 non
1584 2404 1896 2490 indignus
1939 2404 2103 2469 mihi
2150 2403 2332 2470 vide-

377 2500 499 2566 bar
533 2498 637 2562 oui
685 2511 1071 2575 responsum
1116 2488 1378 2574 aliquod
1413 2491 1698 2556 daretur.
1766 2490 1972 2572 Atqui
2015 2512 2097 2555 ne
2133 2490 2334 2556 verbo

375 2583 642 2670 quidem
689 2600 796 2643 me
849 2577 1137 2643 salutare
1182 2577 1531 2660 quisquam
1577 2577 1884 2662 dignatus
1929 2583 2045 2641 est.
2136 2576 2332 2643 Certe

377 2691 516 2738 non
557 2669 652 2731 ita
693 2664 869 2729 inter
892 2684 1011 2728 vos
1054 2683 1205 2727 sum
1224 2672 1527 2728 versatus
1562 2671 1637 2727 ut
1671 2662 2001 2728 contemni
2039 2661 2332 2740 debeam,

375 2755 626 2824 nedum
706 2747 1175 2815 contumeliose
1251 2748 1452 2814 reiici.
1565 2749 1791 2831 Neque
1870 2758 2091 2813 tamen
2170 2748 2333 2814 haec

376 2835 878 2911 offensiuncula,
936 2834 1092 2901 licet
1146 2836 1437 2899 animum
1484 2855 1703 2900 meum
1761 2833 1997 2899 leviter
2042 2854 2332 2919 pupuge-

375 2931 486 3003 rit,
554 2923 720 2989 mihi
778 2920 1191 2986 alienationis
1248 2919 1375 2985 erit
1439 2940 1636 2986 causa
1699 2920 1858 3002 quin
1916 2939 2034 2985 vos
2092 2939 2332 2998 amare,

376 3014 594 3083 colere
636 3007 806 3075 bona
841 3006 970 3072 fide
1005 3025 1296 3090 pergam,
1341 3007 1500 3090 quin
1536 3006 1736 3071 etiam
1770 3004 2057 3071 vicissim
2091 3005 2333 3071 fiducia

373 3110 639 3169 vestrae
682 3115 843 3178 erga
885 3114 991 3159 me
1037 3090 1534 3159 benevolentiae
1572 3090 1798 3169 fretus,
1843 3092 1998 3175 quia
2039 3102 2330 3159 nostram

375 3189 460 3254 de
496 3180 928 3250 sacramentis
951 3180 1312 3245 doctrinam
1348 3178 1709 3244 turbulenti
1744 3178 2008 3261 quidam
2035 3178 2332 3244 homines

329 3268 752 3357 -flagellant,
818 3264 1083 3330 brevem
1141 3266 1284 3331 eius
1339 3264 1842 3347 explicationem
1899 3284 2075 3330 nunc
2132 3285 2173 3329 a
2225 3285 2331 3329 me

375 3360 628 3425 editam
681 3352 873 3418 vobis
929 3351 1163 3429 offero,
1223 3361 1298 3415 ut
1351 3351 1407 3417 si
1454 3360 1671 3416 vestro
1726 3349 1965 3417 iudicio
2019 3349 2331 3432 probetur

373 3445 588 3511 maior
652 3438 735 3503 ad
801 3446 1096 3503 nostram
1161 3437 1514 3503 amicitiam
1575 3436 1983 3502 confirmatio
2047 3436 2327 3501 accedat.

373 3525 706 3614 Equidem
761 3522 926 3588 mihi
984 3521 1170 3588 nefas
1225 3543 1369 3588 esse
1427 3523 1707 3589 arbitror
1766 3521 1848 3587 ab
1903 3543 1981 3587 66
2040 3522 2328 3601 66616616,

377 3620 564 3683 66166
618 3610 779 3676 olim
837 3609 933 3673 fui
976 3609 1307 3684 minister,
1360 3606 1821 3674 discessionem
1876 3608 2106 3673 facere.
2195 3608 2331 3673 Ita-

374 3722 507 3786 que
549 3695 726 3782 quod
785 3696 934 3761 istic
990 3715 1247 3777 semper
1302 3695 1589 3778 ingenue
1632 3695 1990 3778 professus,
2050 3705 2116 3758 et
2158 3692 2332 3776 quod

375 3787 630 3855 sanctis
673 3780 925 3847 Christi
982 3781 1188 3846 servis
1236 3778 1527 3863 Capitoni
1569 3795 1636 3847 et
1680 3780 1928 3847 Buoero
1985 3779 2328 3862 probatum

375 3873 521 3951 fnit,
567 3871 641 3935 in
685 3867 811 3933 hoc
854 3886 1112 3949 quoque
1156 3865 1398 3951 scripto
1443 3868 1696 3932 sincere
1740 3864 2117 3946 complexus
2163 3886 2327 3942 sum,

377 3967 446 4026 et
489 3978 640 4024 eam
682 3949 1197 4019 moderationem
1256 3951 1441 4016 tenui
1489 3972 1656 4035 quae
1702 3962 1955 4016 vestrae
1996 3950 2327 4033 aequitati,

373 4045 508 4112 nisi
567 4039 788 4115 fallor,
846 4037 1219 4105 satisfaciat.
1308 4037 1456 4103 Hoc
1511 4057 1704 4121 porro
1762 4057 1986 4101 meum
2043 4037 2330 4101 officium

371 4134 430 4198 si
485 4126 680 4195 vobis
734 4122 1097 4190 iucundum
1155 4123 1356 4189 fuisse
1411 4122 1821 4199 intellexer0‚
1880 4123 2006 4187 erit
2048 4130 2122 4186 ut
2165 4121 2327 4187 mihi

493 4213 693 4280 tuler.
783 4209 1052 4288 Valete,
1118 4210 1345 4274 eximii
1409 4211 1535 4274 viri
1603 4218 1671 4272 et
1735 4208 1898 4274 mihi
1961 4229 2046 4273 ex
2111 4208 2329 4273 animo

370 4237 747 4369 morandi
811 4295 1066 4362 fratres.
1170 4294 1497 4361 Dominus
1561 4296 1750 4361 vobis
1815 4313 2075 4377 semper
2138 4293 2326 4372 adsit,

369 4409 491 4454 vos
533 4385 864 4471 gubernet
907 4401 1027 4447 suo
1070 4381 1309 4464 spiritu
1345 4391 1729 4464 vestrosque
1763 4382 1905 4464 pios
1950 4390 2220 4446 conatus
2259 4388 2327 4444 et

495 4474 773 4539 vitatem
833 4488 961 4550 qua
1021 4488 1230 4550 nuper
1285 4487 1546 4532 summa
1587 4488 1736 4533 cum
1786 4464 1981 4532 laude
2024 4465 2125 4531 usi
2168 4466 2328 4532 estis

504 4557 739 4625 edicat.
809 4553 1125 4621 Genevae
1177 4558 1270 4618 15.
1309 4552 1633 4619 Oalendas
1668 4551 2016 4619 Februarii
2068 4556 2245 4616 1555.
2268 4554 2326 4632 2)

578 4764 647 4900 23
679 4829 771 4885 De
805 4830 896 4884 die
928 4827 1334 4898 mumma
1367 4826 1577 4882 dubites
1627 4825 1825 4881 collata
1866 4839 1922 4879 oe
2099 4825 2325 4895 ‘quan-

372 4915 540 4974 quam
573 4902 640 4955 in
673 4897 1017 4968 moqropho
1116 4898 1127 4910 ‘
1176 4912 1267 4950 mn
1299 4911 1404 4964 pro
1440 4894 1505 4950 15
1527 4897 1783 4963 seriptum
1819 4894 1893 4948 eit
1952 4891 2001 4948 ⁷.
2050 4892 2331 4950 Oonemtit

373 4984 588 5053 guoque
616 4967 960 5023 finetenus.
1017 4912 1353 5021 fficium
1372 4979 1500 5020 vero
1551 4963 1618 5017 de
1632 4977 1763 5018 vera
1789 4963 2013 5018 tectim
2037 4963 2330 5031 ambiano,

375 5036 720 5109 carmem..
759 5035 872 5091 σαι.
927 5035 1161 5091 omnem
1195 5005 1579 5104 wamia·
1608 5034 1709 5102 qm·
1735 5032 1956 5100 praeta
1991 5031 2326 5088 lalus-aar.

379 5105 726 5176 Memmio
762 5105 914 5161 uuna
949 5103 1104 5161 aden
1137 5106 1200 5159 in
1233 5102 1589 5173 autom-who.

1166 5296 1570 5305 --—.——..—

591 5413 817 5470 Calvina·
845 5430 1026 5484 opera.
1109 5413 1217 5469 Vol.
1257 5412 1387 5469 XV.

2089 400 2251 463 1555
2291 397 2675 467 IANUAR.

4257 405 4384 469 386

3308 587 3513 659 2⁰89.

2901 740 3372 810 OALVINUS
3416 743 3907 812 VERMILIO.

2608 910 2869 979 Praeter
2925 914 3229 981 nonnulla
3284 915 3371 980 ad
3416 914 3689 983 Laevum
3746 923 3805 984 et
3844 916 4381 985 Melanchthonem

2431 1000 2778 1079 mantia
2815 999 2939 1065 duo
2971 1001 3245 1067 maxime
3286 1006 3511 1067 &aetat
3549 1008 3609 1067 et
3645 1002 3865 1085 fusius
3896 1005 4144 1086 quidm
4183 1026 4377 1088 quom

2420 1104 2547 1165 pro
2601 1104 2804 1149 more.-
2864 1084 3175 1168 Martyris
3226 1087 3679 1154 observationes
3731 1090 3802 1154 in
3852 1088 4127 1155 libellum
4168 1097 4377 1157 contra

2431 1168 2982 1323 mpmamvm
2913 1172 3307 1256 eiusdemque
3347 1174 3721 1240 vocationem
3761 1175 3848 1242 od
3900 1176 4216 1243 ecclesiam
4257 1177 4378 1243 ita-

2983 1277 3094 1322 eon.

2435 1426 2822 1490 (Describimus
2858 1429 3138 1497 exemplar
3174 1428 3457 1483 Ionvillaei
3492 1446 3559 1483 ex
3590 1430 3721 1484 Ood.
3753 1430 3956 1485 Gener.
3998 1429 4134 1484 1072.
4165 1431 4259 1487 fol.
4292 1430 4377 1494 92,

2433 1496 2645 1549 collatis
2679 1497 2856 1551 tribus
2891 1512 3093 1567 apogr·
3131 1497 3217 1550 his
3253 1498 3382 1553 Cod.
3419 1498 3535 1563 108,
3584 1500 3676 1553 fol.
3710 1498 3794 1566 34,
3830 1504 3994 1557 Bern.
4029 1500 4130 1553 VI.
4166 1517 4220 1569 p.
4256 1499 4375 1566 371,

2434 1570 2491 1617 et
2525 1563 2743 1645 Simleri
2775 1564 2895 1619 Vol.
2929 1563 3015 1619 84.
3084 1514 3374 1648 1116661ρῇ6
3409 1568 3720 1623 authentica
3754 1587 3862 1624 non
3895 1576 4112 1624 servata
4145 1579 4245 1635 eet,
4281 1569 4379 1623 sed

2432 1632 2759 1687 Ionnllaeus
2822 1634 3054 1705 margini
3105 1634 3424 1759 611616611ρείἲί
3474 1635 3574 1758 g}
3603 1636 3769 1693 Petro
3821 1638 4081 1709 martyri.
4152 1639 4378 1708 Anglice

2610 1870 2679 1939 S.
2755 1872 3124 1939 Tremellius
3163 1881 3403 1951 noster,
3448 1882 3526 1939 ut
3567 1883 3714 1940 tuas
3767 1875 3995 1941 literas
4036 1874 4117 1941 de
4159 1896 4381 1955 manu,

2436 1956 2611 2042 quod
2657 1957 2863 2037 aiunt,
2922 1959 2993 2024 16
3036 1979 3306 2024 manum
3360 1961 3503 2041 ipse
3544 1960 3712 2025 mihi
3751 1959 4070 2039 redderet,
4130 1960 4382 2028 diutius

2439 2042 2612 2126 apud
2655 2063 2725 2109 66
2779 2063 2888 2109 666
2931 2044 3224 2110 retinuit.
3254 2049 3305 2122 ¹)
3393 2044 3500 2111 De
3540 2068 3727 2112 mora
3781 2057 4001 2113 tamen
4044 2047 4215 2112 nihil
4257 2048 4385 2113 fuit

2435 2129 2726 2195 iacturae
2771 2130 2897 2195 nisi
2940 2128 3111 2213 quod
3164 2131 3374 2197 serius
3419 2130 3502 2197 ad
3554 2131 3705 2197 illas
3748 2132 4124 2215 respondeo.
4211 2133 4383 2198 Nam

2439 2216 2785 2298 quominus
2842 2216 2913 2280 in
2971 2216 3127 2282 locis
3169 2236 3332 2300 quos
3384 2218 3717 2284 annotasti
3770 2216 4017 2301 aliquid
4060 2230 4387 2285 mutarem

2437 2300 2614 2366 aliud
2654 2301 2818 2367 mihi
2861 2301 3113 2367 obstitit
3147 2324 3343 2386 quam
3386 2305 3609 2370 nuncii
3651 2304 3946 2370 tarditas.
4014 2304 4386 2370 Prudenter

2436 2385 2701 2470 quidem
2737 2387 3047 2454 admones
3084 2398 3399 2471 quantum
3434 2389 3507 2453 in
3544 2389 3869 2474 ambiguis
3905 2389 4390 2472 loquutionibus

2438 2473 2524 2539 sit
2566 2473 2856 2556 periculi,
2914 2494 3033 2540 nec
3091 2475 3551 2557 intempestive
3608 2476 3839 2559 optimi
3885 2474 4127 2541 Buceri
4169 2498 4390 2542 exem-

2435 2558 2617 2642 plum
2663 2559 2933 2642 profers.
3025 2558 3367 2643 Siquidem
3412 2570 3638 2625 nostra
3688 2560 3925 2626 similis
3984 2570 4156 2626 esset
4196 2561 4387 2627 ratio.

2443 2644 2689 2709 Verum
2726 2666 2921 2728 quam
2959 2645 3152 2730 longe
3187 2645 3503 2711 distemus
3541 2646 3707 2710 nihil
3746 2646 3917 2729 apud
3960 2656 4030 2711 te
4065 2667 4391 2730 exponere

2437 2730 2693 2796 attinet.
2762 2730 2887 2797 Ille
2929 2732 3104 2796 enim
3148 2731 3412 2797 Lutheri
3455 2738 3523 2797 et
3565 2731 3879 2798 similium
3923 2731 4234 2798 ferociam
4277 2731 4390 2798 de-

2437 2815 2733 2882 mulcens
2789 2815 2949 2881 adeo
3005 2817 3336 2883 serviliter
3393 2838 3464 2883 se
3526 2817 3789 2883 demisit
3846 2828 3924 2883 ut
3979 2818 4047 2883 in
4111 2816 4389 2902 singulis

2437 2900 2659 2966 verbis
2714 2902 3066 2986 perplexus
3116 2902 3435 2969 haereret.
3526 2903 3684 2969 Alia
3725 2924 3976 2987 quoque
4036 2904 4389 2970 necessitas

2438 3007 2590 3051 eum
2637 2985 2718 3052 ad
2764 2987 3336 3073 tergiversandum
3380 2990 3608 3073 coegit,
3665 2990 3834 3073 quod
3892 2998 4111 3072 tegere
4154 3010 4389 3073 parum

2436 3073 2721 3157 ingenue
2773 3072 3035 3141 volebat
3089 3074 3329 3158 prioris
3375 3074 3672 3142 inscitiae
3700 3080 3754 3155 ²)
3801 3073 4102 3155 dedecus,
4162 3095 4386 3160 quem-

2437 3158 2789 3225 admodum
2824 3179 2910 3225 ex
2944 3181 3052 3226 me
3091 3181 3286 3244 saepe
3321 3160 3588 3228 audivit.
3655 3162 4007 3228 Neminem
4043 3162 4219 3227 enim
4242 3181 4387 3227 esse

2435 3252 2595 3329 puto
2652 3247 2764 3329 qui
2820 3245 3089 3311 liberius
3147 3255 3342 3331 atque
3385 3247 3585 3313 etiam
3629 3249 3842 3315 acrius
3898 3248 3971 3313 in
4027 3248 4151 3313 hac
4194 3266 4390 3314 causa

2436 3352 2586 3396 eum
2630 3333 3082 3417 exagitaverit,
3127 3354 3253 3416 quo
3297 3333 3464 3399 citra
3505 3331 3813 3417 ambages
3855 3334 4175 3400 sincerius
4218 3331 4389 3416 quod

2436 3417 2761 3484 sentiebat
2822 3438 3052 3483 verum
3120 3439 3263 3484 esse
3322 3420 3616 3502 profiteri
3683 3417 3970 3484 auderet.
4077 3418 4211 3486 Sed
4275 3418 4388 3484 1116

2434 3503 2771 3587 placandis
2835 3502 3210 3570 Saxonibus
3276 3502 3573 3570 addictus
3636 3525 3972 3588 nunquam
4037 3505 4108 3568 in
4171 3504 4385 3570 lucem

2433 3587 2691 3672 prodiit.
2758 3588 2935 3655 Hinc
2970 3590 3212 3655 factum
3253 3598 3356 3655 est
3389 3598 3464 3654 ut
3497 3588 3751 3655 coelum
3796 3599 4007 3655 terrae
4043 3589 4381 3656 misceret:

2435 3695 2556 3758 ego
2610 3695 2766 3740 vero
2820 3695 3032 3758 neque
3086 3674 3301 3742 coelos
3351 3675 3677 3758 imaginor
3731 3677 3840 3758 qui
3901 3685 4144 3741 terram
4201 3697 4384 3742 occu·

2433 3768 2613 3844 pent,
2672 3781 2881 3844 neque
2923 3762 3318 3826 immensum
3362 3781 3595 3843 corpus
3639 3760 3905 3826 Christo
3946 3761 4205 3846 affing0‚
4261 3781 4384 3826 nec

2434 3853 2800 3912 contortam
2857 3845 3311 3931 synecdochen
3367 3846 3611 3912 fabrico
3676 3846 3746 3911 in
3813 3847 4030 3913 verbis
4087 3846 4380 3924 Domini,

2436 3942 2509 3996 ut
2546 3932 2736 4016 panis
2791 3953 3025 4015 corpus
3069 3933 3209 3997 eius
3254 3932 3604 4010 contineat,
3662 3954 3783 3999 nec
3828 3933 3908 3998 de
3962 3931 4385 3998 substantiali

2433 4016 2937 4083 manducatione
2979 4019 3274 4085 flexuose
3318 4016 3608 4101 disputo:
3671 4017 3787 4083 sed
3840 4018 4036 4085 rebus
4087 4018 4382 4085 obscuris

2432 4102 2650 4169 lucem
2685 4103 2921 4168 afferre
2964 4125 3179 4182 conor,
3226 4102 3453 4170 dubias
3489 4114 3665 4170 certe
3701 4104 4219 4171 distinctionibus
4264 4124 4380 4168 ex-

2433 4187 2620 4273 plico,
2680 4200 2750 4254 et
2807 4189 3048 4256 diserte
3101 4187 3385 4256 absurda
3436 4191 3656 4256 omnia
3698 4199 4064 4257 commenta
4107 4187 4379 4273 repudio

2433 4275 2515 4340 de
2573 4275 2810 4358 quibus
2871 4274 2966 4340 illi
3022 4276 3340 4342 hactenus
3395 4277 3737 4343 nobiscum
3796 4276 4153 4361 litigarunt.
4238 4275 4376 4341 Neo

2432 4382 2589 4427 vero
2633 4361 2703 4426 in
2748 4383 2972 4427 eorum
3016 4363 3298 4446 gratiam
3357 4383 3723 4429 sermonem
3767 4364 4099 4428 inflectere
4142 4382 4377 4445 propo-

2431 4446 2636 4512 situm
2696 4448 2824 4513 fuit
2878 4469 3038 4531 quos
3096 4469 3218 4533 ego
3277 4449 3434 4514 novi
3490 4469 3757 4533 prorsus
3817 4446 4266 4530 implacabiles
4311 4453 4376 4511 et

2429 4533 2813 4617 quibuscum
2856 4533 3076 4616 palam
3120 4534 3419 4619 confligo.

2601 4618 2796 4684 Nunc
2837 4618 2919 4683 ad
2964 4639 3076 4684 eos
3131 4619 3303 4686 locos
3347 4617 3666 4686 descendo
3710 4617 3790 4683 de
3833 4617 4068 4703 quibus
4111 4637 4217 4680 me
4263 4614 4375 4681 ad-

2427 4723 2674 4769 mones.
2764 4702 3162 4789 Quanquam
3203 4726 3434 4771 verum
3481 4725 3624 4770 esse
3676 4704 3849 4787 quod
3894 4702 4123 4769 scribis
4165 4701 4374 4767 fateor

2428 4788 2510 4855 de
2550 4791 2766 4872 primo
2809 4790 2881 4855 in
2916 4790 3168 4857 Christi
3212 4790 3735 4856 communionem
3779 4788 4100 4874 ingressu,
4146 4786 4372 4854 eodem

2429 5046 2697 5112 20821)
2736 5047 2812 5101 In
2846 5046 3098 5102 Helvetia
3127 5046 3315 5112 fuerat
3346 5061 3414 5100 m.
3464 5044 3532 5099 Se
3568 5046 3759 5101 temon·
3802 5045 3905 5110 (N.
3952 5042 4109 5111 2008)
4157 5044 4368 5114 Amen·

2426 5116 2599 5171 torota·
2628 5116 2808 5171 redum
2841 5122 2961 5170 erat
2993 5114 3294 5172 Novembri
3325 5114 3416 5181 (N.
3592 5119 3633 5180 ).
3698 5113 4059 5169 Postea-iorem
4094 5113 4375 5184 Martyris
4406 5115 4415 5128 “

2424 5200 2508 5254 ep.
2561 5184 2637 5239 ad
2699 5184 2985 5240 Calvinum
3038 5201 3075 5239 a
3136 5184 3414 5240 Tremellio
3465 5199 3606 5239 novo
3640 5182 3874 5253 quodam
3915 5183 4109 5238 itinere
4143 5182 4379 5238 allatam

2424 5254 2681 5309 habemus
2712 5252 2937 5308 nullam.

2632 5321 2687 5390 2)
2725 5321 3073 5393 imprudencc
3111 5323 3306 5393 (6691.)
