4850 6200
430 636 514 703 de
565 636 746 704 leurs
809 636 1120 703 adversas
1175 635 1474 721 parthice
1543 634 1862 720 esquelles
1927 653 2076 701 sera
2127 632 2382 701 nottifie

429 722 626 790 ledict
668 725 842 808 jour.
945 723 1037 789 Et
1092 743 1176 788 en
1233 743 1274 789 a
1317 742 1425 788 res
1478 730 1621 788 tout
1674 722 1826 788 bien
1882 719 2208 786 entenduz

427 808 561 876 bon
593 809 782 874 advis
804 818 870 875 et
889 829 1116 875 meurs
1152 806 1281 874 deli
1365 807 1580 873 ration
1614 827 1933 893 appayser
1975 815 2043 872 et
2075 739 2384 872 aanor&

427 894 705 981 laffayre
763 904 831 960 et
884 918 930 982 y
986 902 1227 961 mettre
1282 894 1476 960 ordre
1531 896 1750 979 requie
1793 893 1954 959 affin
2009 912 2138 977 que
2194 912 2383 958 scan-

431 980 612 1047 dales
655 988 724 1047 et
761 981 1118 1047 offensione
1161 1001 1232 1047 es
1276 979 1535 1066 Eglises
1587 1000 1742 1045 auss
1846 1000 1916 1044 es
1972 976 2386 1062 particuliers

430 1087 552 1151 par
595 1088 669 1133 ce
711 1066 1004 1132 advenuz
1048 1067 1261 1134 soient
1304 1066 1500 1132 tolluz
1545 1078 1613 1131 et
1770 1087 1840 1131 es
1896 1074 1964 1131 et
2017 1062 2211 1131 eeulx
2269 1065 2385 1148 qui

432 1174 520 1218 en
563 1162 713 1219 sont
751 1173 947 1221 eause
986 1174 1222 1237 punys.
1287 1155 1432 1220 Act.
1478 1152 1627 1236 xiij0
1661 1155 1816 1236 jour
1860 1150 1939 1217 de
1965 1151 2148 1216 Mars
2199 1154 2381 1214 1555.

1357 1288 1726 1355 Secretaire
1770 1286 1850 1352 de
1893 1287 2134 1352 Berne.
2151 1289 2211 1361 ⁴)

1287 1587 1446 1594 ’-*-
1499 1585 1558 1593 -..-

1307 1837 1495 1908 2148.

861 1991 1334 2060 OALVINUS
1380 1990 1803 2058 SIDEMAN
1809 1990 1955 2059 ΝΟ.

604 2166 1147 2232 Iucundissimum
1180 2164 1304 2231 sibi
1342 2163 1543 2246 fuisse
1584 2168 1846 2229 testatur
1890 2164 2054 2246 quod
2100 2162 2208 2228 ille
2264 2182 2388 2227 non

439 2252 518 2321 ab
551 2253 1060 2319 adversariorum
1093 2250 1388 2333 partibus
1435 2249 1705 2327 steterit,-
1752 2248 2099 2315 Lutherum
2157 2247 2386 2313 Latho-

438 2340 622 2405 ranis
664 2339 855 2405 multo
897 2337 1196 2403 nobiliore
1241 2338 1452 2402 ani-mo
1505 2336 1709 2417 fuisse
1765 2336 2079 2417 affirmat,·
2134 2355 2200 2400 se
2258 2335 2389 2399 iam

444 2426 834 2511 quorundam
874 2424 1196 2505 fervorem,
1243 2425 1366 2488 imo
1402 2423 1703 2503 furorem,
1747 2441 2116 2502 compescere
2158 2421 2388 2502 scripto

439 2517 701 2578 masse
762 2511 1053 2589 nunciat,
1118 2509 1442 2575 nervosius
1495 2512 1937 2592 puynaturum
2013 2508 2076 2574 si
2151 2525 2390 2573 necesse

435 2768 546 2837 (Ex
598 2768 935 2839 autographo
983 2766 1113 2822 Ood.
1162 2766 1401 2821 Gothani
1446 2762 1575 2830 3⁷9,
1625 2764 1717 2818 sol.
1762 2762 1847 2817 40.
1885 2792 1952 2803 -
1999 2764 2188 2817 Edidit
2238 2764 2390 2816 Bret-

436 2839 722 2894 echneider
779 2854 832 2903 p.
887 2835 972 2891 42.
1080 2837 1559 2965 ΔιιςΙίοἷΠνοιι-ἓξ)
1587 2833 1788 2902 legitur
1856 2834 1912 2887 in
1983 2833 2115 2888 edit.
2172 2831 2385 2886 Phil-d.

609 3079 911 3145 Eximiae
947 3076 1208 3162 pietatis
1255 3086 1324 3142 et
1367 3074 1702 3142 doctrinae
1757 3075 1901 3141 viro
1943 3072 2031 3140 D.
2098 3072 2387 3140 Martino

440 3163 797 3233 Sidemano
842 3164 1163 3231 bonarum
1209 3164 1548 3228 literarum
1595 3161 1961 3245 professori.

1731 3297 2142 3381 Erphordiae
2171 3302 2219 3376 ¹)

610 3475 680 3541 S.
747 3476 947 3543 Hunc
988 3495 1149 3540 vero
1191 3475 1506 3540 nuncium
1551 3471 1885 3539 commode
1931 3470 2053 3536 tibi
2094 3468 2389 3535 oblatum

442 3562 645 3628 fuisse
688 3563 915 3639 laetor,
963 3562 1149 3627 euius
1190 3580 1390 3643 opera
1425 3558 1587 3624 mihi
1623 3559 2081 3623 innotesceres,
2143 3554 2392 3620 Litoris

444 3650 590 3726 tuis,
635 3656 712 3714 ut
753 3656 911 3714 sunt
955 3646 1388 3712 humanitatis
1431 3644 1683 3728 plenae,
1736 3643 1929 3710 valde
1974 3662 2121 3706 sum
2181 3640 2391 3705 delec-

442 3741 636 3801 tatus.
753 3736 976 3817 Atque
1047 3732 1171 3798 hoc
1235 3731 1602 3816 intelligere
1665 3729 2025 3796 iucundum
2090 3726 2395 3807 inprimis

442 3819 584 3899 fuit,
631 3831 698 3885 te
738 3821 1014 3886 minime
1058 3839 1200 3885 esse
1258 3839 1340 3883 ex
1398 3837 1621 3883 eorum
1691 3835 1983 3891 numero,
2051 3831 2214 3896 quos
2283 3811 2393 3876 vel

438 3926 558 3973 sna
599 3907 1023 3989 intemperies
1065 3905 1161 3969 ita
1203 3904 1465 3987 abripit,
1511 3902 1615 3967 vel
1661 3901 2020 3985 pertinacia
2061 3905 2130 3963 et
2178 3915 2393 3963 moro-

439 3993 601 4059 sitas
637 3992 824 4058 velut
857 3991 1243 4058 constrictos
1288 3998 1487 4064 tenet,
1534 4000 1606 4053 ut
1629 3988 1795 4053 nihil
1838 3987 1993 4051 hinc
2029 3984 2392 4068 profectum

441 4078 815 4157 admittant,
871 4079 1023 4160 quia
1071 4075 1414 4142 Saxonum
1473 4074 1732 4159 placitis
1789 4094 1920 4138 non
1974 4070 2390 4137 succinimus.

437 4162 591 4244 Quo
635 4175 858 4231 autem
903 4163 1104 4229 latius
1147 4173 1485 4247 grassatur
1544 4159 1705 4226 haec
1762 4157 2063 4241 contagio
2122 4175 2199 4221 eo
2243 4154 2394 4238 plus

438 4259 736 4317 meretur
779 4248 989 4315 laudis
1034 4260 1154 4314 tua
1194 4247 1570 4323 moderatio,
1626 4245 1785 4311 dum
1842 4251 1909 4309 te
1952 4241 2071 4308 uni
2128 4242 2394 4306 veritati

441 4335 751 4403 addicens
810 4349 985 4402 recte
1051 4354 1128 4399 ae
1203 4336 1345 4399 sine
1410 4331 1697 4413 fastidio,
1760 4331 1930 4396 liber
1947 4331 2006 4412 2)
2073 4350 2113 4393 a
2176 4325 2396 4391 stultis

489 4421 893 4499 raeiudiciis,
964 4418 1121 4504 quid
1189 4440 1418 4485 verum
1495 4418 1580 4484 sit
1645 4417 1999 4483 existimas.
2121 4411 2396 4478 Utinam

438 4443 640 4575 bodie
710 4509 962 4574 viveret
1028 4506 1361 4572 Lutherue.
1484 4504 1804 4586 Quamvis
1882 4501 2056 4566 enim
2138 4518 2395 4579 semper

438 4595 710 4660 modum
753 4593 1110 4660 excesserit
1151 4593 1292 4657 eius
1335 4590 1751 4656 vehementia
1794 4590 1863 4653 in
1899 4605 2132 4653 causae
2177 4604 2394 4648 sacra-

441 4680 810 4749 mentariae
826 4680 1101 4753 actione,
1135 4677 1308 4742 nihil
1329 4687 1550 4743 tamen
1574 4675 1654 4742 ad
1682 4675 1917 4740 horum
1937 4671 2396 4752 intemperiem

442 4786 517 4831 ae
563 4767 924 4832 vesaniam.
1012 4765 1267 4829 Verum
1314 4763 1366 4828 si
1411 4760 1492 4827 ad
1537 4772 1906 4827 extremum
1949 4754 2396 4842 implacabiles

652 5041 708 5103 4)
746 5041 910 5112 Zym,
946 5039 1374 5120 ordeacio-emm
1407 5031 1599 5118 appele'
1636 5035 1898 5116 Giton-us:

443 5110 632 5168 m.
659 5112 718 5176 1)
761 5111 931 5165 Mart.
974 5107 1302 5189 Sama
1353 5121 1585 5188 prunum
1639 5104 1830 5186 doctor
1879 5121 1934 5158 ιι
1986 5101 2173 5155 schola
2216 5097 2397 5153 Mana-

444 5180 696 5246 mnus,
735 5185 929 5261 postea
961 5177 1099 5245 prof.
1128 5193 1193 5258 ‘m
1211 5174 1487 5257 academia
1507 5173 1848 5254 Eri-ordiam,
1885 5185 2027 5253 anno
2047 5167 2200 5222 1551.
2234 5168 2398 5220 Dem-

445 5266 556 5373 2⁸:
590 5248 733 5382 lig-of.
768 5266 824 5302 m
852 5244 1304 5380 Βιῖἁιῑῗιιωδβ
1395 5260 1481 5368 nxsi
1526 5244 1748 5378 abach..)
1784 5237 2109 5375 ligioni-228
2132 5242 2398 5360 §onnus

802 5359 812 5368 ο
965 5357 978 5369 ι
1052 5314 1210 5368 'mu
1302 5330 1335 5367 ο
1464 5353 1477 5365 0
1508 5328 1564 5381 p·
1704 5348 1723 5364 Ο
1881 5350 1894 5365 0
2194 5346 2206 5359 1
2245 5302 2397 5359 noese

2191 448 2351 509 1555
2394 442 2666 512 MART.

4306 449 4443 513 502

2484 654 2629 700 esse
2675 639 2970 718 pergent,
3013 634 3129 700 fiet
3148 632 3416 699 tandem
3448 639 3526 699 ut
3545 633 3735 700 nobis
3756 656 3879 701 sua
3915 633 4455 701 minimatum-a·-

2484 718 2606 785 bili
2669 719 3088 786 contumacia
3154 717 3325 804 apud
3406 739 3602 785 sanos
3663 741 3892 786 omnes
3974 742 4048 787 ac
4112 720 4453 787 modestos

2488 806 2771 891 gratiam
2815 806 3182 883 concilient,
3227 807 3339 888 qui
3385 803 3467 870 ad
3513 815 3771 889 tempus
3817 806 4221 889 expavefacti
4266 806 4449 872 inte-

2488 912 2683 977 grum
2731 890 2811 957 de
2854 912 2926 956 re
2968 890 3284 958 iudicium
3328 892 3541 958 faeere
3584 893 3731 957 ausi
3773 913 3904 957 non
3948 902 4133 957 sunt:
4191 891 4449 959 scilicet

2488 999 2693 1061 quum
2737 977 2990 1043 nullam
3034 998 3303 1062 prorsus
3338 983 3613 1043 teneant
3646 999 3732 1043 ex
3771 977 4032 1043 Lutheri
4068 979 4448 1059 virtutibus,

2488 1061 2884 1131 clamitando
2928 1085 2998 1129 se
3040 1063 3391 1129 venditant
3416 1084 3535 1145 pro
3578 1063 3884 1148 genuinis
3920 1064 4062 1130 eius
4084 1063 4444 1147 discipulis.

2490 1147 2696 1230 Quasi
2764 1169 2921 1214 vero
2986 1172 3115 1214 non
3182 1148 3463 1214 multum
3531 1148 3614 1213 ab
3690 1147 4127 1215 imitatoribus
4193 1148 4445 1215 distent

2487 1237 2733 1301 simiae.
2845 1234 2928 1299 In
2996 1242 3179 1299 tanta
3245 1256 3400 1300 vero
3462 1235 3726 1300 inscitia
3790 1244 3858 1299 et
3910 1234 4207 1300 barbarie
4270 1234 4448 1301 nihil

2490 1341 2715 1386 eorum
2758 1320 2936 1385 fastu
2979 1320 3294 1404 putidius.
3397 1320 3473 1386 Si
3518 1341 3602 1385 ne
3650 1320 3949 1405 Philippo
3984 1319 4246 1403 quidem
4287 1341 4443 1404 par-

2489 1416 2665 1485 cunt,
2713 1410 2777 1470 in
2826 1427 2903 1471 eo
2946 1427 3102 1489 pars
3122 1407 3342 1491 aliqua
3376 1407 3604 1491 culpae
3644 1406 3883 1472 residet
3917 1406 4091 1489 quod
4125 1406 4445 1472 haetenus

2488 1514 2713 1558 eorum
2770 1495 3056 1577 impetus
3123 1512 3254 1558 non
3311 1494 3602 1557 animose
3660 1493 4143 1575 compescuerit.
4249 1492 4444 1558 Nune

2488 1600 2859 1664 quanquam
2905 1599 3125 1644 serum
3162 1579 3286 1643 erit
3330 1578 3712 1657 remedium,
3758 1600 3833 1644 co
3879 1586 4026 1643 etur
4070 1592 4296 1643 tamen
4340 1577 4445 1642 vi·-

2488 1665 2679 1730 rilem
2757 1665 3058 1747 spiritum
3141 1662 3428 1729 induere.
3552 1666 3769 1748 Atque
3883 1686 3995 1730 aec
4058 1665 4304 1746 optima
4361 1660 4449 1728 ad

2489 1750 2922 1835 frangendam
2967 1770 3192 1816 eorum
3237 1750 3722 1834 improbitatem
3782 1751 3903 1814 erit
3962 1752 4148 1815 ratio.
4248 1748 4447 1813 Nunc

2491 1837 2673 1902 brevi
2718 1837 2963 1918 scripto
3006 1836 3260 1900 tentavi
3284 1858 3368 1900 an
3414 1837 3581 1900 forte
3606 1838 3905 1901 mitescat
3938 1856 4164 1901 eorum
4198 1834 4439 1900 fervor.

2491 1922 2570 1988 Si
2592 1922 2763 1987 nihil
2784 1921 3138 2004 profecero,
3177 1923 3542 2000 nervosius,
3581 1930 3656 1984 ut
3680 1919 3888 1997 video,
3911 1923 3967 2003 ⁸)
4007 1919 4443 2005 pugnandum

2493 2010 2637 2074 erit.
2703 2007 3079 2073 Dolendum
3127 2006 3385 2090 quidem
3430 2018 3530 2073 est
3571 2008 3642 2072 in
3684 2006 3901 2074 medio
3945 2006 4253 2074 ecclesiae
4299 2008 4453 2071 sinu

2492 2094 2656 2161 tales
2679 2094 2966 2178 impetus
2990 2094 3279 2160 ebullire.
3323 2092 3454 2159 Sed
3481 2114 3682 2177 quum
3706 2095 3913 2178 gratis
3939 2092 4450 2170 tumultuentur,

2494 2179 2889 2247 excusabilis
2924 2181 3048 2245 erit
3082 2187 3309 2244 nostra
3343 2200 3461 2263 pro
3500 2178 3742 2244 tuenda
3781 2180 4056 2245 veritate
4092 2179 4453 2249 eontentio.

2492 2266 2679 2345 Vale,
2728 2267 2966 2331 eximie
3010 2267 3115 2331 vir
3170 2275 3235 2331 et
3277 2267 3443 2330 mihi
3485 2264 3752 2332 colende
3806 2266 4024 2330 frater.
4128 2264 4451 2328 Dominus

2492 2353 2613 2418 tibi
2657 2351 2829 2416 adsit
2873 2373 3148 2436 semper,
3195 2360 3261 2416 te
3302 2351 3625 2436 gubernet
3668 2373 3742 2417 ac
3778 2359 4061 2416 tueatur.
4130 2349 4450 2415 Genevae

2492 2438 2704 2522 pridie
2748 2436 2892 2503 idus
2939 2438 3164 2503 Martii
3215 2442 3395 2501 1555.

3399 2574 3683 2639 Ioannes
3729 2572 4049 2639 Calvinus
4095 2582 4266 2637 tuus.

3484 2869 3551 2874 ---
3588 2868 3686 2876 -——

3376 3101 3572 3172 2149.

2583 3259 2760 3328 Les
2810 3257 3567 3327 AMBAssADEURs
3615 3257 3740 3324 DE:
3787 3240 4173 3324 GENEVE
4222 3256 4348 3322 ΑΗ

3049 3346 3355 3428 SENAT
3396 3360 3526 3427 DE
3569 3360 3903 3427 BERNE.

2668 3533 2778 3599 En
2829 3553 2944 3599 vae
2985 3534 3061 3598 dc
3111 3533 3522 3598 &instruction
3562 3552 3682 3614 que
3724 3532 4071 3598 Messieurs
4111 3531 4188 3597 de
4235 3530 4451 3597 Reme

2496 3894 2790 3961 (Archives
2847 3893 2914 3948 de
2959 3891 3198 3948 Gen'eve.
3278 3889 3466 3944 Pisces
3515 3892 3845 3961 historiques
3891 3891 3961 3944 N.
4013 3888 4161 3946 1567.
4244 3888 4444 3960 Oopien

2494 3982 2600 4019 aux
2634 3963 2895 4018 Archives
2938 3963 3008 4015 de
3060 3962 3253 4029 Berne,
3276 3961 3745 4091 ιέρᾷοῗεέἀσῖἰτ.
3785 3960 3874 4014 vl.
3909 3959 4015 4014 420
4049 3969 4105 4014 et
4139 3960 4268 4012 chez
4302 3960 4443 4013 Sim-

2498 4225 2603 4289 La
2644 4222 2988 4305 Responce
3034 4219 3148 4284 des
3186 4217 3705 4284 Ambassadeurs
3749 4215 3829 4282 de
3871 4217 4171 4283 Genefve
4212 4215 4453 4280 laissee

2496 4330 2620 4395 par
2660 4309 2865 4373 forme
2911 4307 2990 4372 de
3024 4305 3338 4371 memoire
3383 4313 3569 4368 entre
3611 4304 3706 4368 les
3749 4305 3962 4368 mains
4007 4301 4096 4367 du
4140 4301 4452 4383 seigneur

2586 4394 2933 4460 secretaire
2969 4411 3221 4457 comme
3255 4390 3337 4454 ilz
3372 4398 3488 4455 ont
3523 4397 3660 4454 este
3695 4389 3915 4471 requie
3950 4387 4030 4452 de
4066 4407 4139 4453 ce
4182 4385 4363 4450 faire.

2669 4565 2832 4631 Puis
2859 4585 2986 4648 que
3022 4562 3116 4628 les
3138 4561 3608 4646 magnificques
3643 4566 3711 4624 et
3744 4561 4076 4644 puissantz
4113 4559 4454 4642 seigneurs

2497 4672 2617 4717 nez
2641 4650 2927 4716 honores
2962 4648 3451 4731 combourgeois
3488 4665 3653 4712 nous
3689 4655 3804 4709 ont
3840 4644 4121 4710 declaire
4156 4665 4283 4726 que
4314 4642 4454 4708 sui-

2498 4743 2660 4803 vant
2703 4742 2924 4802 nostre
2966 4742 3270 4818 requeste
3313 4741 3379 4797 et
3423 4734 3483 4797 le
3532 4744 3819 4797 contenu
3863 4729 3944 4795 de
3986 4751 4108 4795 noa
4159 4732 4451 4812 jnstruo-

2498 4825 2671 4888 tione
2713 4821 2798 4887 ilz
2842 4828 2959 4887 ont
3001 4820 3251 4904 estably
3300 4820 3573 4902 jonrnee
3618 4814 3700 4881 de
3744 4816 4090 4882 dimanche
4133 4814 4455 4897 prochain

2498 4931 2584 4975 en
2628 4908 2813 4974 huict
2858 4909 3050 4992 jours
3094 4925 3178 4970 ou
3222 4926 3304 4970 en
3348 4905 3580 4987 quinae
3620 4924 3659 4967 a
3708 4911 3932 4968 nostre
3975 4901 4172 4967 choix
4216 4920 4454 4968 acause

2498 4994 2634 5079 quil
2674 4991 2936 5060 fauldra
2977 5011 3298 5075 evoequer
3339 4987 3435 5055 les
3479 4989 3721 5072 parties
3765 4989 3878 5072 qui
3925 4986 4235 5053 doibvent
4273 4997 4455 5053 estre

2499 5082 2697 5160 ouies,
2745 5101 2909 5144 nous
2954 5099 3159 5145 avons
3194 5083 3458 5158 accepte
3498 5074 3562 5140 le
3606 5075 3752 5156 plus
3796 5075 3953 5159 long
3996 5082 4222 5151 terme,
4269 5093 4453 5139 assa-

2500 5167 2644 5233 voir
2688 5164 2769 5231 de
2813 5163 3157 5231 dimanche
3211 5185 3295 5228 en
3353 5162 3587 5245 quinze
3632 5162 3851 5244 joam,
3909 5159 4072 5225 affin
4113 5181 4240 5245 que
4282 5179 4461 5225 nous.

2705 5370 2764 5440 s)
2799 5369 3054 5441 praecino
3091 5365 3190 5421 nr.
3937 5449 4039 5504 32.
