4850 6200
469 420 599 483 ⁷71

649 604 804 689 Ipse
837 602 1096 671 volente
1119 601 1409 669 Domino
1444 601 1548 667 die
1591 602 1826 668 Lunae
1847 600 2139 666 Bernam
2163 595 2431 685 pet[am,

467 688 641 779 uba]
684 698 762 757 ut
803 710 1011 773 spero,
1057 690 1301 756 certius
1345 687 1568 755 omnia
1610 694 1677 754 et
1718 687 1981 771 plenius
2023 704 2429 770 cognoscam.

475 777 751 844 Interea
804 776 860 841 si
913 776 1253 842 remittere
1307 774 1550 859 poteris
1609 774 1781 840 hanc
1824 772 2164 857 epistolam
2208 780 2285 835 ut
2328 791 2433 833 re-

479 864 687 929 feram
743 881 840 941 ec,
899 862 1094 929 facies
1152 870 1229 927 ut
1284 860 1624 945 promissis
1680 868 1868 925 stem.
1965 858 2232 924 Interea
2287 853 2436 922 vale

479 970 552 1015 ln
600 946 885 1101 [bennato
922 944 1122 1035 Iesu}
1204 947 1509 1014 Burenae
1539 948 1595 1030 ⁴)
1639 944 2044 1013 festinanter.
2133 948 2225 1009 19.
2274 940 2437 1024 Sep·

479 1044 616 1100 tem
664 1083 679 1099 .
735 1038 913 1100 1555.

1597 1152 1726 1216 'l'ui
1768 1149 2261 1216 amantissimus

1532 1236 1910 1321 Christoph.
1951 1234 2323 1319 Piperinus.

654 1427 932 1513 Ignosce
966 1426 1259 1511 picturae
1298 1425 1454 1493 huic
1488 1445 1671 1492 meae
1714 1425 1816 1489 in-

482 1514 1084 1596 compositissimae,
1130 1514 1283 1595 quia
1325 1511 1447 1578 hoc
1490 1522 1819 1577 momento

482 1599 810 1667 calamum
869 1598 954 1665 ad
1011 1619 1230 1665 meam
1283 1619 1554 1663 manum
1621 1595 1820 1663 nullis

484 1684 819 1753 laboribus
863 1692 1304 1769 attemperare
1348 1684 1552 1768 potui.
1573 1685 1628 1765 ⁵)

1263 1991 1669 2007 m

1358 2246 1561 2317 2295.

928 2402 1286 2472 LASOUS
1336 2400 1973 2471 BULLINGERO.

648 2574 837 2658 Cupit
868 2579 937 2639 ut
977 2572 1280 2641 Calvinus
1317 2573 1670 2657 Wastphalo
1711 2575 2093 2656 respondeat.
2163 2575 2427 2643 Bullin-

466 2662 609 2763 μή
645 2661 855 2744 filium
879 2659 1346 2761 Melanchthoni
1388 2661 1848 2760 cmnmndavit.
1912 2661 2196 2728 Ecclesia
2219 2661 2424 2730 Ναπ-

470 2749 653 2815 dma
695 2768 738 2813 a
782 2752 1159 2832 mammam
1202 2745 1526 2813 exsulibus
1566 2765 1848 2813 concessa
1894 2753 1998 2812 est.

472 2920 699 2987 (nutat
745 2919 802 2973 in
847 2916 978 2972 Ood.
1028 2916 1232 2973 GoneV.
1281 2916 1396 2983 114,
1446 2917 1535 2972 rol.
1581 2917 1669 2971 94.
1740 2918 1906 2972 Edita
1952 2925 2037 2972 est
2083 2920 2139 2972 iu
2176 2919 2426 2975 Get-desii

548 2988 771 3045 Miscell.
809 2987 907 3043 1v.
942 3003 997 3057 p.
1031 2984 1139 3041 490
1172 2994 1231 3041 et
1263 2988 1321 3041 in
1357 2987 1515 3044 Luci
1551 2986 1695 3057 Opp.
1728 2988 1811 3042 ed.
1849 2989 2070 3057 Kuyper
2107 2989 2175 3043 11.
2212 2988 2357 3058 714.)

643 3161 876 3226 Tantis
922 3180 1098 3226 nunc
1140 3160 1381 3227 obruor
1417 3180 1573 3227 occu
1621 3161 1966 3238 ationibus,
1995 3161 2046 3238 ¹)
2095 3162 2197 3226 vir
2239 3183 2428 3229 sanc-

471 3247 756 3325 tissime,
816 3254 892 3310 ut
934 3265 1100 3328 quae
1145 3246 1434 3312 maxime
1493 3269 1535 3312 v
1626 3267 1731 3313 em
1789 3247 1906 3312 tibi
1967 3248 2232 3330 cognita
2287 3269 2428 3314 esse

473 3355 552 3399 ea
594 3333 727 3398 iam
771 3329 1172 3415 perscribere
1207 3331 1291 3397 ad
1335 3339 1401 3398 te
1437 3353 1568 3398 non
1605 3333 1869 3416 possim,
1916 3331 2029 3397 sed
2072 3333 2247 3399 intra
2291 3332 2431 3400 dies

476 3418 727 3502 aliquot
769 3417 853 3481 ad
899 3415 1250 3501 Madyrem
1293 3418 1591 3498 scribam,
1644 3425 1710 3483 et
1754 3427 1895 3483 tum
1938 3438 2193 3502 quoque
2238 3419 2320 3485 ad
2367 3429 2432 3485 te

476 3505 686 3590 plura.
765 3501 1102 3570 Libellum
1146 3524 1187 3569 a
1230 3525 1335 3569 me
1377 3525 1554 3572 nunc
1644 3505 1886 3570 rimum
1932 3503 2179 3572 editum
2209 3509 2267 3590 ²)
2313 3506 2433 3572 tibi

477 3592 670 3656 mitto
711 3597 790 3654 ut
832 3588 1014 3673 legas
1058 3598 1127 3655 et
1168 3589 1434 3657 iudices.
1616 3590 1936 3671 estphalus
1979 3591 2049 3654 in
2099 3589 2433 3657 Calvinum

478 3676 740 3760 scripsit
797 3674 1331 3742 virulentissime.
1356 3678 1412 3754 ⁸)
1513 3676 1780 3742 Partem
1845 3677 2052 3742 libelli
2116 3680 2429 3761 percurri,

479 3771 731 3846 partem
779 3761 1072 3826 nondum
1117 3762 1381 3828 vacavit
1426 3762 1788 3848 perlegere:
1844 3763 1959 3828 sed
2005 3773 2244 3846 putant
2287 3765 2431 3848 qui-

480 3848 630 3913 dam
676 3848 784 3930 qui
829 3846 1137 3930 legerunt
1179 3856 1248 3913 et
1285 3847 1543 3914 Calvino
1585 3849 1828 3928 favent,
1872 3869 2138 3915 necesse
2173 3870 2320 3915 esse
2355 3859 2433 3915 ut

484 3933 787 4000 Calvinus
844 3933 1209 3999 calumnias
1270 3934 1447 4000 illius
1506 3955 1624 4018 per
1690 3935 1971 4019 aliquam
2027 3936 2432 4001 occasionem

481 4020 754 4097 refutet,
816 4038 950 4083 non
993 4019 1254 4103 quidem
1303 4029 1379 4085 ut
1433 4019 1652 4088 libello
1712 4020 2026 4106 peculiari
2071 4020 2287 4106 aliquo
2332 4043 2433 4087 re-

685 4309 747 4375 4)
787 4309 940 4364 Inter
980 4309 1308 4366 Salodurum
1344 4317 1395 4366 et
1433 4310 1690 4368 Bernam.

689 4379 751 4444 ὁ)
787 4380 887 4434 hoc
992 4383 1156 4434 sueri
1194 4386 1307 4435 tum
1343 4382 1404 4435 in
1446 4380 1574 4435 God.
1616 4380 1783 4449 Sana.
1820 4397 1932 4436 non
1967 4382 2182 4451 legitur.

484 4448 671 4503 2295.
697 4449 751 4513 l)
791 4395 991 4503 Datfc‘x’

485 4520 562 4572 lm
609 4517 764 4572 Iunio
811 4517 905 4572 des
959 4517 1101 4572 ¹555.
1147 4519 1198 4572 J.
1247 4519 1322 4572 ist
1365 4519 1471 4572 deu
1518 4519 1794 4589 verjagten
1844 4518 2091 4574 Christen
2141 4537 2266 4573 aasz
2311 4521 2436 4573 dem

485 4586 786 4640 Niderland
823 4587 992 4640 durch
1025 4588 1289 4658 werbung
1322 4589 1434 4641 und
1469 4588 1665 4641 ffirbitt
1700 4589 1796 4642 des
1821 4588 1957 4642 Hrn.
1988 4590 2115 4643 Joh.
2148 4608 2199 4643 v.
2222 4590 2435 4661 Luszky

483 4655 721 4726 herber-g
779 4655 889 4709 und
945 4656 1283 4710 offontlicher
1337 4655 1740 4711 kirchendieust
1808 4657 2119 4727 guediglich
2177 4665 2438 4728 gestattet

487 4725 725 4793 worden,
785 4725 989 4778 welche
1052 4732 1234 4794 sumpt
1284 4726 1604 4795 gedachtem
1657 4726 1722 4780 H.
1772 4744 1822 4781 v,
1869 4727 1929 4781 L.
1984 4728 2126 4782 mich
2181 4745 2248 4782 zu
2300 4728 2435 4780 irem

481 4792 898 4849 kirchendiener
936 4795 1175 4847 beruffen
1213 4795 1405 4848 haben.

689 4862 765 4983 2}
785 4862 984 4915 Forma
1018 4880 1080 4916 ac
1118 4865 1257 4917 ratio
1292 4864 1642 4919 ecclesiastici
1662 4864 1950 4918 ministerii
1989 4873 2090 4920 etc.
2131 4866 2249 4933 (ap.
2276 4864 2433 4935 Kay-

479 4945 668 4999 mm
690 4931 1090 5081 3)ο1ηὲυῐῐ.ἒηω
1121 4999 1421 5069 Westphali
1437 5001 1782 5084 Qollectanea
1811 5005 2205 5084 sententiarum
2226 5006 2435 5084 Augus·

487 5077 586 5120 tim
623 5083 788 5121 tunm
822 5085 911 5123 ere
950 5075 1012 5123 ct.
1085 5068 1159 5122 In
1193 5085 1299 5140 quo
1344 5071 1561 5136 fallitur
1601 5087 1688 5125 mr
1723 5071 2088 5126 doctu-ssimae.
2161 5073 2437 5142 Loquitur

487 5136 554 5189 de
587 5135 735 5190 Iusta
769 5136 1082 5192 defensione
1118 5138 1241 5193 adv,
1276 5141 1682 5194 sacramentarii
1719 5141 1995 5194 cuiusdam
2033 5141 2220 5194 salsam
2256 5142 2433 5194 orimi-

489 5205 764 5256 uationem
799 5211 892 5260 etc.
951 5207 1217 5272 Francos.
1261 5206 1406 5262 1555.
1482 5211 1560 5274 (0
1640 5251 1649 5260 .
1690 5209 1800 5264 1X.
1837 5209 2008 5264 Pron.
2045 5227 2100 5277 p.
2136 5212 2274 5274 xvi.)
2350 5209 2433 5274 Cf.

483 5272 1078 5356 eti’amssoenckeberq,
1127 5274 1407 5356 Westplmi
1441 5295 1492 5331 u.
1536 5225 1819 5401 alicius.
1854 5277 1924 5331 44
1959 5282 2058 5348 qui
2091 5285 2269 5334 tamen
2305 5281 2433 5336 tilu-

477 5345 596 5398 lum
632 5342 760 5397 laem
795 5359 904 5398 non
941 5353 1206 5414 integrum
1242 5347 1429 5410 tradit,
1465 5349 1705 5412 fortasse
1778 5365 1805 5402 e
1840 5348 2134 5404 industria.

987 4465 1121 4502 enus
1217 4456 1334 4504 rtze
1356 4450 1475 4504 und
1493 4451 1836 4520 warhofftiqe
1870 4451 2120 4520 eraeeluny
2144 4457 2238 4507 etc.
2260 4467 2317 4520 p.
2341 4450 2436 4505 10.-

1931 405 2460 479 EPISTOLAE
2500 407 2669 473 2294
2690 404 3044 473 bis—2297

4361 407 4488 469 ‘1⁷2

2535 594 2868 681 spondeat,
2905 593 3021 660 sed
3056 603 3132 660 ut
3165 594 3350 661 aliud
3469 616 3586 661 ens
3613 596 3825 661 obiter
3862 595 4209 678 Westpkali
4240 595 4490 662 calum-

2536 682 2681 747 nias
2725 682 2866 747 sine
2911 681 3175 747 nomine
3228 701 3432 747 conve
3462 681 3580 759 lat,
3641 682 4030 765 praesertim
4077 682 4191 747 ubi
4239 680 4492 747 Caluini

2535 769 2743 853 ipsius
2786 767 3007 832 verbis
3056 766 3389 834 Calvinum
3430 787 3730 852 premere
3772 777 4062 834 conatur.

2708 853 2924 919 Filius
2968 862 3123 919 tuus
3166 854 3481 920 Hem-icus
3508 855 3566 936 ⁴)
3610 853 3797 919 nobis
3851 854 4061 920 adfuit
4117 874 4319 937 quum
4364 853 4488 919 Ph.

2536 939 2993 1005 Melanohtonis
3048 960 3252 1024 gener
3282 943 3333 1017 ⁵)
3395 940 3570 1024 apud
3626 960 3733 1006 me
3787 949 3978 1006 esset.
4067 939 4244 1007 Huic
4300 940 4493 1006 illum

2534 1028 2737 1109 igitur
2801 1024 3070 1091 adiunxi
3128 1036 3408 1109 suntque
3465 1047 3598 1091 una
3656 1025 3787 1091 iam
3833 1026 4286 1111 Witebergam
4342 1046 4491 1110 pro-

2534 1113 2687 1178 fecti
2721 1133 2869 1178 cum
2895 1131 3041 1176 mea
3063 1111 3145 1176 ad
3174 1111 3542 1194 Philippum
3562 1112 4144 1179 commendatione.
4204 1113 4493 1197 Magnae

2536 1207 2695 1264 sunt
2738 1209 2806 1263 et
2847 1198 3024 1263 inter
3066 1196 3369 1264 Saxones
3409 1198 3585 1281 ipsos
3641 1198 3868 1264 turbae
3914 1197 4084 1282 quod
4125 1198 4207 1264 ad
4253 1198 4490 1264 doctri-

2538 1305 2695 1348 nam
2739 1285 2993 1362 attinet,
3039 1304 3208 1367 quae
3246 1306 3353 1350 res
3396 1284 3565 1349 forte
3605 1285 3796 1351 faciet
3840 1294 3914 1351 ut
3949 1285 4494 1369 Witebergenses

2538 1371 2724 1435 nobis
2767 1370 3099 1452 aliquanto
3141 1371 3479 1453 aequiores
3517 1370 3804 1435 habituri
3845 1372 4068 1436 simus.

2710 1455 2846 1521 Nos
2895 1457 2997 1522 hic
3052 1458 3186 1521 iam
3241 1456 3464 1522 divino
3515 1456 3826 1522 beneficio
3872 1457 4294 1522 Flandricam
4334 1479 4493 1539 quo·

2585 1562 2665 1606 ue
2710 1540 3047 1607 ecclesiam
3091 1544 3609 1624 impetravimus,
3655 1543 3736 1607 ad
3774 1563 3966 1624 quam
4014 1544 4494 1609 instituendam

2620 1628 2900 1694 ieron-ius
2943 1637 3164 1694 noster
3210 1628 3337 1694 huc
3394 1628 3477 1692 ad
3521 1648 3627 1692 me
3670 1649 3754 1693 ex
3799 1629 4019 1695 Frisia
4060 1630 4261 1706 venit,
4287 1629 4343 1711 ⁶)
4388 1651 4494 1695 re-

2540 1712 2797 1779 diturus
2860 1724 3082 1778 tamen
3148 1736 3377 1780 rursus
3431 1717 3502 1779 in
3560 1714 3846 1779 Frisiam
3906 1726 4051 1797 post
4115 1716 4494 1781 institutum

2539 1798 2849 1866 ecclesiae
2907 1801 3346 1865 ministerium
3402 1800 3483 1866 ad
3544 1821 3735 1884 quem
3796 1801 4063 1866 modum
4118 1802 4188 1865 in
4247 1805 4354 1866 An
4405 1801 4497 1867 lia

2538 1886 2915 1951 institutum
2971 1885 3390 1953 habebamus.
3482 1887 3730 1969 Estque
3788 1908 4019 1953 revera
4074 1888 4310 1971 ingens
4430 1888 4495 1954 ei

2541 1972 2925 2037 beneficium
2973 1972 3145 2055 quod
3192 1972 3301 2038 hic
3354 1984 3493 2037 tam
3539 1973 3724 2038 nobis
3767 1974 4100 2040 faventem
4144 1974 4497 2058 magistra·

2538 2066 2679 2122 tum
2735 2057 3108 2124 habeamus.
3198 2057 3405 2123 Plura
3461 2060 3594 2123 iam
3654 2080 3786 2123 non
3846 2080 4109 2142 possum
4154 2080 4272 2143 per
4325 2069 4494 2126 tem-

2536 2144 2716 2226 poris
2761 2145 3064 2227 inopiam.
3134 2143 3538 2209 Commendo
3575 2165 3682 2208 me
3726 2146 4023 2226 precibus
4063 2146 4299 2212 vestris
4342 2146 4494 2211 dili-

2536 2230 2936 2314 gentissime,
2995 2238 3062 2295 et
3103 2230 3343 2296 fratres
3384 2231 3533 2295 istic
3575 2250 3803 2296 omnes
3847 2231 4318 2298 officiosissime
4362 2232 4495 2298 sal-

2538 2337 2691 2382 vere
2713 2315 2918 2381 iubeo.
2958 2316 3228 2399 Raptim
3252 2314 3719 2382 Francfordiae
3751 2321 3845 2381 19.
3872 2315 4279 2400 Septembris
4309 2322 4493 2383 1555.

2708 2402 3064 2468 Micronius
3107 2402 3382 2469 multam
3429 2402 3615 2468 vobis
3670 2403 3817 2469 istic
3861 2404 4166 2470 omnibus
4210 2404 4495 2470 salutem

2535 2487 2818 2556 adscribi
2864 2489 3090 2555 voluit.

3508 2624 3793 2692 Ioannes
3832 2646 3871 2690 a
3918 2627 4129 2693 Lasco
4173 2647 4258 2691 m.
4306 2648 4403 2710 pr.

3406 3157 3603 3227 2296.

3086 3311 3445 3380 LASOUS
3493 3311 3931 3381 GALVINO.

2708 3483 2993 3567 Exponit
3054 3485 3326 3551 rationes
3382 3484 3609 3567 quibus
3667 3491 3869 3551 motus
3912 3506 4040 3568 pro
4103 3491 4371 3567 tempore
4422 3486 4499 3552 in

2526 3572 2816 3652 patriam
2859 3571 3159 3636 redeundi
3210 3572 3541 3637 consilium
3574 3573 3854 3639 nondum
3888 3573 4265 3654 exsequitur.
4337 3570 4507 3636 Tur-

2527 3655 3062 3826 ffiffzzinzgecl‘lzzza?
3103 3657 3354 3723 ecclesia
3385 3656 3931 3741 Francofurdensi
3975 3663 4239 3724 exortae.
4301 3656 4503 3723 West-

2858 3917 2964 3983 (Ex
3002 3917 3337 3986 autographo
3374 3917 3503 3972 Cod.
3535 3917 3737 3971 Genev.
3778 3915 3892 3982 112,
3929 3916 4019 3970 fol.
4056 3914 4169 3980 25.)

2540 4087 2971 4155 Sanctissimo
3048 4089 3238 4154 iuxta
3315 4111 3390 4154 ac
3456 4088 3830 4154 doctissimo
3899 4089 4038 4154 viro
4103 4087 4187 4152 D.
4256 4087 4497 4153 Ioanni

2539 4173 2822 4240 Calvino
2867 4173 3175 4241 ecclesiae
3222 4174 3633 4241 Genevensis
3692 4175 3929 4257 pastori
3986 4173 4495 4259 vigilantissimo

2871 4262 3059 4326 fratri
3102 4262 3173 4326 in
3220 4262 3508 4326 Domino
3551 4260 4160 4328 observandissimo.

2711 4431 3027 4498 Reddidit
3084 4433 3245 4498 mihi
3308 4433 3533 4499 literas
3589 4442 3738 4500 tuas
3772 4438 3823 4511 ¹)
3882 4432 3984 4498 vir
4040 4433 4497 4516 pientissimus

2541 4519 2625 4585 D.
2674 4543 2715 4586 a
2764 4519 2988 4586 Sancto
3032 4520 3297 4585 Andrea
3321 4521 3378 4602 ²)
3422 4519 3624 4584 frater
3681 4519 4046 4585 communis
4091 4527 4332 4597 noster,
4391 4518 4498 4584 vir

2540 4605 2968 4684 sanctissime,
3029 4606 3261 4689 quibus
3304 4617 3369 4671 et
3414 4605 3494 4669 de
3539 4607 3783 4671 nostris
3840 4603 4296 4671 iactationibus
4329 4609 4383 4682 ³)
4427 4613 4498 4669 et

2541 4692 2621 4757 de
2683 4691 3088 4758 instituendo
3135 4694 3206 4756 in
3264 4692 3545 4774 patriam
3603 4712 3818 4756 meam
3862 4691 4096 4756 itinere
4140 4711 4285 4756 meo
4331 4693 4492 4757 scri-

2744 4931 2807 4998 4)
2843 4932 2917 4987 N.
2954 4929 3110 4984 2277.

2744 5001 2805 5062 5)
2846 5000 3103 5057 Sabinus.

2744 5069 2805 5136 6)
2842 5071 3088 5124 Primam
3126 5071 3430 5123 concionem
3476 5070 3666 5124 habuit
3704 5069 3784 5123 15.
3827 5069 3970 5137 Sept.
4043 5068 4331 5134 (Bertram
4368 5069 4493 5124 hist.

2536 5139 2623 5194 10.
2660 5158 2697 5193 a
2738 5139 2918 5194 Lusco
2949 5158 3008 5209 p.
3044 5138 3183 5196 369.)

2540 5209 2727 5264 2296.
2750 5209 2809 5270 l)
2848 5209 2886 5264 d
2951 5209 3173 5264 aditae.

2745 5279 2803 5342 2)
2847 5278 2927 5332 C.
2972 5279 3042 5331 N.
3078 5275 3232 5329 2293.

2744 5349 2802 5414 3)
2844 5347 3095 5401 Emdena
3130 5345 3390 5400 dimissus
3420 5346 3621 5409 fuerat.
