4850 6200
330 451 426 513 141

323 633 647 702 Gaesarem
687 634 945 703 inhiare
988 634 1409 720 Campaniae,
1452 637 1603 704 Rex
1644 639 1714 704 in
1756 628 2236 723 partem'illam

318 720 508 805 copias
564 741 722 788 suas
786 721 1130 790 contrahit.
1217 723 1365 788 Rex
1419 723 1784 807 Hispaniae
1849 723 2110 808 appulit
2163 724 2235 789 in

317 806 702 890 Angliam.⁸)
801 805 1135 890 Quamdiu
1190 809 1407 892 quieta
1462 811 1523 874 ei
1579 811 1805 877 futura
1866 810 1955 877 sit
2016 810 2233 889 statio,

314 892 596 958 nescitur.
685 892 1084 960 Germaniae
1123 906 1340 961 motus
1382 895 1569 961 vobis
1610 894 1761 963 istic
1802 917 1937 962 non
1975 896 2235 982 ignotos

314 998 437 1044 csse
475 977 778 1045 arbitror.
866 979 1083 1061 Quam
1137 979 1585 1048 inhumaniter
1639 1003 1711 1049 se
1763 989 1998 1067 gerant
2039 980 2234 1065 phre-

311 1064 484 1130 netici
519 1065 634 1147 qui
681 1064 877 1131 hodie
912 1065 1039 1132 sub
1072 1065 1336 1133 Men·
1378 1067 1642 1133 nomine
1676 1088 1795 1134 nos
1829 1075 2233 1152 oppugnant,

312 1169 385 1215 ex
431 1149 643 1217 literis
684 1150 761 1216 D.
819 1172 862 1217 a
904 1151 1109 1219 Lasso
1160 1151 1489 1237 intelliges
1539 1174 1702 1237 quas
1759 1152 1844 1219 ad
1898 1164 1968 1218 te
2020 1153 2230 1218 mitto.

307 1233 493 1300 Brevi
549 1235 812 1319 plenam
856 1236 1204 1303 historiam
1261 1239 1555 1321 accipies,
1612 1260 1809 1323 quam
1852 1259 2233 1323 percurrere

306 1320 580 1386 nondum
646 1323 924 1389 vacavit.
1026 1323 1127 1389 Mi
1182 1322 1460 1404 Farelle,
1528 1325 1785 1390 utinam
1849 1345 2079 1390 omnes
2148 1323 2233 1389 ad

304 1404 619 1472 ferendam
658 1428 939 1487 crucem,
980 1416 1049 1474 et
1090 1409 1285 1475 simul
1315 1408 1399 1476 ad
1437 1409 1810 1494 superanda
1842 1408 2234 1477 offendicula

304 1501 679 1559 assuescant.
744 1492 825 1559 Id
861 1495 1207 1578 praecipue
1242 1495 1432 1561 nobis
1474 1496 1820 1581 agendum,
1866 1518 1948 1561 ne
1985 1496 2229 1561 miren-

305 1585 401 1642 tur
445 1576 702 1646 Christi
754 1578 1052 1664 discipuli
1118 1602 1226 1647 res
1290 1582 1530 1665 ubique
1599 1603 1742 1649 esse
1796 1583 2090 1649 turbatas
2154 1602 2231 1649 ao

302 1665 606 1762 confusas.
690 1664 1003 1732 Pluribus
1058 1667 1475 1751 supersedeo,
1531 1670 1686 1752 quia
1741 1669 2051 1752 temporis
2091 1687 2231 1733 non

300 1760 444 1815 satis
483 1758 607 1816 est.

448 1833 728 1903 Iuvenis
768 1846 870 1904 est
925 1838 1038 1922 qui
1089 1837 1266 1906 hanc
1319 1838 1438 1904 tibi
1480 1837 1728 1905 reddet.
1812 1838 1949 1906 Per
1990 1838 2231 1904 amicos

296 1940 390 1985 me
428 1923 721 2006 rogavit,
782 1938 853 1988 ut
909 1924 1032 1990 sibi
1075 1923 1322 2008 aliquid
1363 1925 1944 1991 commendationis
1987 1922 2226 1989 darem.

297 2006 641 2073 [1105188101-
681 2010 790 2093 qui
836 2030 986 2075 eum
1031 2022 1360 2076 noverunt
1399 2011 1470 2075 in
1516 2011 1754 2090 Gallia,
1810 2011 2054 2078 vixisse
2094 2009 2231 2076 illic

294 2090 573 2172 honeste,
628 2114 750 2160 1100
792 2095 922 2161 alia
975 2095 1057 2161 de
1112 2116 1309 2162 causa
1364 2096 1704 2180 reliquisse
1760 2106 2014 2181 patrem
2030 2147 2046 2176 ,
2104 2095 2231 2161 nisi

294 2179 428 2262 quia
482 2178 832 2246 Christum
896 2182 1080 2265 sequi
1134 2181 1435 2251 malebat.
1536 2182 1794 2265 Quibus
1854 2184 1928 2248 in
1983 2180 2231 2266 Anglia

291 2271 466 2331 notus
510 2266 659 2345 fuit,
716 2278 934 2333 mores
989 2288 1142 2333 suos
1201 2277 1271 2333 et
1310 2269 1698 2351 probitatem
1744 2268 2059 2353 probavit.
2146 2267 2230 2332 In

291 2349 403 2415 hac
442 2352 614 2417 urbe
653 2372 788 2417 non
833 2352 1027 2419 audio
1070 2374 1243 2432 esse,
1299 2355 1408 2438 qui
1466 2356 1545 2420 de
1602 2355 1716 2420 illo
1771 2360 2227 2438 conqueratur.

289 2433 457 2502 Haec
490 2438 697 2503 etiam
730 2458 884 2521 pars
916 2437 1132 2504 laudis
1175 2447 1294 2519 est,
1337 2440 1508 2524 quod
1546 2439 1841 2524 direptus
1873 2460 1914 2506 a
1949 2439 2229 2523 quodam

288 2520 829 2675 3303501’12122
845 2523 1901 2696 ‹ffitssitisstssssrffssepffii‘ssss
1916 2525 2227 2677 ¹⁰52?ss

288 2714 399 2760 nus
458 2695 588 2760 tibi
654 2716 911 2780 semper
975 2696 1164 2776 adsit,
1247 2707 1311 2763 te
1387 2697 1709 2782 gubernet
1783 2719 1858 2764 ac
1938 2704 2222 2762 tueatur.

285 2780 508 2847 Amen.
614 2780 850 2847 Saluta
911 2782 1227 2866 collegam
1282 2791 1471 2848 tuum
1529 2792 1596 2849 et
1648 2782 1931 2867 reliquos
1984 2783 2223 2848 fratres

287 2863 647 2951 diligenter.
714 2867 909 2933 Nunc
951 2867 1135 2934 dabit
1166 2869 1431 2934 veniam
1466 2868 1730 2954 collega,
1778 2869 1833 2935 si
1870 2866 1950 2934 de
1985 2877 2224 2952 nepote

284 2972 402 3017 non
446 2951 683 3020 scribo.
770 2952 1076 3020 Enardas
1124 2956 1365 3020 referet
1406 2954 1563 3039 quid
1605 2956 1780 3020 inter
1822 2975 1940 3020 nos
1983 2974 2222 3021 conve-

283 3039 458 3105 nerit.
556 3036 869 3106 Salutaut
925 3049 992 3106 te
1047 3048 1453 3126 symmystae
1507 3041 1667 3121 mei,
1726 3061 1807 3108 ex
1867 3040 2094 3107 amicis
2139 3038 2217 3104 D.

286 3122 598 3205 Erchia,
994 3177 1011 3207 ,
1082 3127 1519 3193 Normandv‘ns
1532 3178 1549 3208 ,
1628 3128 1944 3208 Prieneus,
2016 3127 2221 3192 frater

282 3230 456 3278 meus
500 3217 575 3278 et
616 3209 748 3277 alii.
835 3212 1149 3282 Genevae
1193 3217 1293 3278 25.
1336 3214 1501 3281 Maii
1550 3218 1730 3280 1554.

1178 3349 1465 3416 Ioannes
1510 3350 1832 3419 Calvinus
1874 3358 2044 3420 tuus.

438 3487 738 3554 Remitte
811 3489 925 3554 ubi
1001 3488 1289 3573 primum
1448 3490 1608 3555 teris

279 3569 492 3640 literas
538 3579 608 3640 et
650 3573 943 3655 schedas,
987 3581 1064 3639 ut
1103 3509 1553 3658 respondeam.

1021 3834 1431 3846 ———

1157 4070 1352 4141 1057.

590 4207 1207 4277 GRATAROLUS
1252 4207 1888 4277 BULLINGERO.

272 4379 736 4534 W
755 4380 1165 4465 Atye-ntorati
1206 4381 1284 4447 de
1316 4381 1641 4447 haereticis
1657 4382 1864 4463 capite
1870 4381 2215 4465 plectendis

334 4636 445 4702 (Ex
482 4637 823 4709 autographo
858 4637 1027 4694 Arch.
1060 4638 1239 4693 Turio.
1274 4637 1418 4693 Plut.
1454 4637 1547 4692 vl.
1584 4637 1710 4693 Vol.
1745 4633 1866 4707 155,
1898 4637 1993 4695 fol.
2027 4637 2144 4707 62.)

434 4808 820 4877 Clarissimo
890 4815 959 4876 et
1024 4811 1269 4895 optimo
1338 4810 1524 4877 verbi
1578 4811 1710 4877 Dei
1778 4809 2079 4877 ministro
2127 4813 2213 4878 D.

268 4891 625 4964 Heinricho
664 4896 1054 4982 Bullingero
1094 4896 1327 4963 maiori
1367 4916 1516 4963 meo
1557 4895 2031 5068 colendirsslsigxluloi.

272 5236 347 5249 -
389 5240 481 5250 —
523 5204 771 5273 Doctor
806 5205 1056 5273 Zancuoe
1077 5206 1485 5291 Argentinae
1527 5226 1645 5290 per
1685 5204 2012 5291 integram
2056 5204 2216 5272 heb-

468 5374 533 5444 3)
569 5376 814 5434 um.
882 5376 1119 5434 Dm
1151 5376 1205 5434 «1
1244 5377 1325 5432 19.
1362 5377 1503 5434 ικιει·
1538 5374 1979 5447 Souna-nm&
2008 5375 2213 5444 adrat.

2075 453 2238 516 1564
2278 449 2476 517 HAI.

4152 419 4274 519 142

2337 634 2701 717 domadam,
2764 645 3034 723 rogatus
3096 636 3333 704 obnixe
3347 689 3365 718 ,
3442 659 3587 704 eam
3649 636 3906 721 publice
3968 641 4278 711 tractavit

2334 724 2779 806 quaestionem
2825 724 3171 790 haereticis
3213 724 3530 803 odiosam,
3584 723 3754 808 quod
3796 723 3991 791 liceat
4031 725 4274 811 magis-

2333 809 2541 874 tratui
2593 809 2954 877 christiano
3005 809 3527 875 animadvertere
3581 809 3947 893 capitaliter
3999 810 4072 876 in
4115 811 4273 878 hae-

2332 894 2585 973 reticos,
2624 904 2691 961 et
2730 894 3013 961 fortasse
3046 894 3331 979 prodibit
3369 895 3439 960 in
3473 894 3705 961 lucem.
3732 899 3785 979 ¹)
3819 932 3904 973 -,
3937 932 4024 945 -—
4063 935 4143 946 —
4188 932 4278 947 —

2331 1002 2417 1047 ex
2461 980 2716 1048 Basilea
2758 986 2858 1047 26.
2903 981 3010 1048 die
3052 981 3216 1047 Maii
3266 985 3446 1046 1554.

3841 1067 4099 1151 raptim.

2714 1172 3024 1238 minimus
3067 1179 3220 1237 tuus
3261 1170 3331 1234 in
3374 1167 3640 1235 Christo
3684 1168 3891 1235 stater

3023 1272 3396 1340 Gulielmus
3438 1270 3830 1338 Gratarolus
3871 1271 4185 1341 Medicus.

3092 1567 3500 1577 ς--ῇ-

3212 1785 3407 1859 1958.

2882 1921 3346 1991 CALVINUS
3392 1925 3716 1997 LASOO.

2508 2093 2879 2162 Praemisso
2921 2096 3315 2161 excusatione
3368 2099 3530 2180 quod
3584 2122 3706 2167 non
3742 2105 3991 2186 pridem
4028 2127 4275 2190 respon-

2329 2180 2521 2255 derit,
2569 2182 2855 2263 primum
2910 2182 2970 2247 ei
3019 2180 3261 2263 felicem
3314 2184 3640 2251 adventum
3695 2189 3763 2254 in
3818 2190 4113 2274 hospitali
4152 2195 4275 2262 illa

2333 2264 2560 2332 Fri-sia
2598 2268 2974 2350 yratulatur,
3032 2271 3438 2334 constantiam
3493 2272 3566 2338 in
3622 2273 3960 2344 tolerandis
3994 2284 4078 2345 tot
4117 2285 4272 2345 tam-

2330 2373 2447 2435 que
2488 2353 2777 2419 tristibus
2817 2353 3065 2419 casibus
3104 2353 3340 2435 laudat,
3376 2354 3727 2425 barbariem
3769 2361 4272 2433 Memnonem

2329 2458 2540 2505 severe
2595 2444 2793 2517 notat,
2851 2443 2907 2504 et
2959 2458 3055 2517 00,
3115 2439 3250 2505 iam
3303 2441 3493 2507 ctiam
3553 2443 3919 2532 Bullinqero
3972 2450 4269 2531 hortante,

2330 2543 2542 2590 eorum
2579 2524 2934 2590 calumnias
2972 2525 3138 2590 brevi
3194 2526 3474 2607 refellere
3527 2538 3893 2599 conaturum
3935 2536 4268 2621 siynificat.

2326 2694 2745 2818 §guffiaphon
2793 2711 2902 2749 11011
2938 2701 3134 2750 exstat.
3205 2696 3302 2750 Bis
3349 2698 3368 2751 l
3441 2697 3548 2753 ‘tur
3589 2700 3647 2754 111
3682 2701 3850 2760 codd.
3883 2704 4085 2760 Gener.
4123 2704 4268 2774 107⁸,

2501 2833 2513 2845 ·
2590 2770 2648 2817 et
2683 2762 2828 2827 107b,
2865 2763 2955 2817 fol.
2992 2761 3078 2832 45,
3151 2780 3279 2846 orro
3316 2765 3374 2818 in
3460 2784 3553 2837 pp.
3591 2768 3749 2826 Bern.
3786 2771 3879 2827 VI.
3915 2791 4038 2844 pag.
4074 2772 4177 2827 812
4210 2781 4270 2830 01

2326 2849 2411 2902 ap.
2458 2831 2745 2887 Simierum
2780 2831 2897 2886 Vol.
2932 2829 3016 2887 82.
3135 2834 3311 2956 affice
3310 2851 3517 2972 4331150
3552 2838 3752 2907 legitur
3784 2841 3844 2895 in
3886 2843 4015 2897 edit.
4050 2842 4265 2898 Philad-

2824 3056 3089 3123 Eximio
3134 3057 3277 3124 viro
3318 3055 3409 3123 D.
3451 3079 3491 3125 a
3535 3059 3768 3131 Lusco.

2496 3191 2566 3261 S.
2635 3193 2828 3276 Quod
2867 3193 2981 3259 tibi
3025 3195 3235 3262 serius
3278 3196 3637 3282 respondeo
3680 3220 3877 3285 quam
3917 3200 4089 3269 forte
4122 3222 4269 3288 spe-

2322 3299 2621 3360 raveras,
2678 3279 3235 3367 praestantissime
3281 3283 3386 3349 vir
3429 3291 3499 3349 et
3540 3283 3707 3349 mihi
3755 3306 3839 3352 ex
3888 3288 4106 3353 animo
4150 3288 4268 3355 ob-

2323 3364 2648 3432 servande
2690 3366 2914 3446 frater,
2958 3365 3104 3431 ideo
3128 3367 3372 3433 factum
3417 3376 3517 3435 est
3559 3371 3713 3453 quia
3754 3371 3923 3437 nihil
3964 3374 4040 3438 in
4081 3395 4269 3441 mora

2320 3453 2465 3518 fieri
2523 3452 2836 3536 putabam
2888 3452 3193 3518 iacturae.
3283 3454 3456 3520 Nam
3515 3456 3638 3521 etsi
3693 3456 3775 3522 ab
3832 3478 3908 3523 eo
3972 3465 4267 3544 tempore

2318 3535 2585 3621 quidam
2642 3536 3021 3603 adulescens
3065 3538 3391 3624 Phrysius
3434 3540 3591 3609 hinc
3644 3541 3729 3607 ad
3770 3563 3889 3609 vos
3929 3545 4260 3628 profectus

2319 3632 2450 3703 est,
2525 3622 2680 3707 quia
2748 3631 2968 3688 tamen
3036 3624 3154 3688 vix
3210 3623 3552 3708 sperabam
3621 3627 3814 3694 citius
3885 3637 4266 3713 venturum,

2317 3708 2542 3775 literas
2596 3729 2715 3792 per
2755 3707 2984 3793 longos
3027 3709 3338 3778 circuitus
3381 3710 3682 3777 ferendas
3735 3714 3798 3778 ei
3852 3712 4008 3781 dare
4048 3716 4268 3784 visum

2318 3816 2452 3860 11011
2498 3803 2612 3860 051.
2681 3791 3018 3877 Sequutus
3062 3804 3162 3861 est
3203 3796 3399 3879 paulo
3439 3804 3590 3880 post
3633 3797 3817 3880 alter,
3859 3800 3973 3884 qui
4015 3805 4085 3866 et
4124 3802 4268 3886 ipse

2317 3882 2686 3946 flexuosum
2727 3878 2855 3945 iter
2907 3879 3367 3948 meditabatur.
3457 3883 3629 3949 Nam
3672 3885 3784 3968 qui
3827 3893 3972 3952 tuas
3993 3887 4046 3971 ¹)
4090 3895 4267 3953 attu-

2315 3965 2484 4032 lerat
2525 3967 2609 4031 D.
2658 3964 2975 4032 8000Ζίαεῖ
3050 3965 3436 4033 festinanter
3478 3990 3518 4034 a
3561 3969 3745 4036 nobis
3788 3968 4105 4052 discessit,
4160 3994 4266 4040 re-

2314 4051 2489 4118 lictis
2558 4050 2735 4135 apud
2795 4072 2902 4117 me
3020 4052 3337 4136 ospitibus
3393 4054 3476 4119 D.
3549 4053 3737 4122 thco
3797 4063 3865 4122 et
3921 4057 4265 4139 MorisinO,

2358 4138 2428 4204 ui
2495 4136 2730 4204 deinde
2796 4136 2869 4201 in
2926 4135 3192 4203 Italiam
3250 4160 3320 4205 se
3392 4139 3682 4223 recipere
3746 4141 3955 4209 coacti
4008 4153 4181 4210 sunt.
4206 4147 4264 4223 ⁸)

2354 4233 2422 4290 ta
2464 4224 2707 4290 factum
2742 4231 2844 4287 est
2878 4231 2955 4288 ut
2986 4244 3270 4290 vacuum
3306 4224 3685 4307 dimiserim,
3731 4249 3933 4311 quum
3968 4249 4008 4294 a
4098 4229 4266 4296 rime

2313 4308 2590 4374 idoneus
2647 4315 2820 4374 esset
2875 4311 3177 4389 nuncius,
3236 4310 3468 4377 saltem
3526 4313 3636 4395 qui
3693 4320 3838 4379 tuto
3882 4322 3949 4380 et
3985 4250 4272 4382 fipfehter

2314 4393 2723 4461 reddendum
2765 4393 2887 4459 tibi
2931 4404 3190 4461 curaret
3234 4398 3291 4462 si
3332 4396 3491 4480 quid
3535 4398 3959 4481 scripsissem.

2315 4684 2490 4740 1957.
2526 4686 2587 4753 1)
2626 4685 2914 4741 Peculiare
2957 4684 3230 4756 quoddam
3290 4687 3552 4755 scriptun·
3596 4686 3666 4743 dc
3706 4688 3811 4744 hac
3990 4687 4167 4742 0110110
4203 4688 4270 4743 ιἰι

2624 4754 2861 4810 Zanchio’
2892 4770 3005 4809 non
3038 4760 3231 4823 000101,
3265 4771 3583 4826 quanquam
3617 4757 3812 4828 Hem-y
3920 4797 3932 4811 .
3971 4755 4072 4809 289
4107 4756 4269 4812 talen

2317 4829 2609 4880 tractatum
2643 4823 2851 4878 laudat.
2925 4821 3256 4879 Schmidtius
3298 4834 3482 4879 noster
3528 4826 3590 4879 in
3638 4839 3739 4880 suo
3771 4825 4166 4881 schediasmate
4199 4825 4269 4884 de

2317 4892 2564 4975 &nenio
2612 4895 2845 4974 (inserto
2879 4892 2942 4947 in
2980 4889 3211 4974 Studien
3250 4909 3305 4976 11.
3344 4893 3450 4947 Kr.
3493 4891 3653 4975 1859)
3698 4911 3751 4963 p.
3787 4892 3892 4948 638
3933 4893 4069 4977 dicit
4110 4893 4272 4978 illu-q

2315 4979 2378 5045 qn
2412 4977 2531 5016 0010
2584 4962 3016 5044 aelectwm‘bpts
3047 4977 3111 5016 tn
3126 4960 3365 5044 levatam
3390 4960 3528 5017 1554
3547 4963 3717 5018 obiter
3734 4969 3895 5017 011001
3916 4969 4269 5035 mamati-atta

2315 5031 2529 5154 etqul‘l
2571 5046 2614 5151 ἓ
2648 5047 2709 5153 εἴ
2734 5031 3043 5222 ἐξέωσε
3075 5031 3405 5088 conducam.
3479 5031 3564 5098 Of.
3610 5029 3748 5101 Opp.
3780 5031 3897 5089 VII.
3931 5029 3985 5089 2.
4023 5031 4087 5086 21
4124 5047 4267 5104 seqq.

2316 5391 2438 5431 m·
2474 5279 2737 5431 βῶξ.
2770 5322 2841 5362 ne
2872 5307 3015 5364 bona
3050 5322 3153 5362 aaa
3183 5307 3318 5375 fimo
3350 5306 3751 5373 ausimum,
3786 5304 3911 5361 veae
3941 5306 4101 5374 infra
4139 5304 4269 5362 cuo-
