4850 6200
336 444 407 504 17
1742 448 1903 507 1554
1948 441 2875 513 IANUAR.-FBBRUA.R.
4253 455 4333 518 18

325 629 523 713 ipsius
568 627 844 695 lectione
879 638 1101 713 petere
1134 632 1340 699 satius
1382 646 1482 701 est
1544 631 1716 714 quod
1749 632 2009 718 proprie
2045 635 2265 719 regiae

322 735 633 798 personae
692 717 1001 781 convenit
1057 740 1264 783 unum
1321 721 1662 804 attingam.
1752 720 2007 804 Nempe
2060 742 2265 804 quum

320 803 676 867 reluctante
720 804 923 869 totius
966 804 1198 869 mundi
1246 808 1554 887 potentia,
1599 806 1904 874 omnibus
1949 806 2057 890 qui
2104 818 2266 871 tunc

320 909 535 954 rerum
620 888 1037 970 potiebantur
1102 889 1183 955 ad
1263 890 1765 975 opprimendum
1844 893 2263 977 evangelium

319 973 614 1045 armatis,
678 976 863 1055 pauci
924 975 1241 1054 homines,
1296 979 1581 1056 obscuri,
1649 979 1933 1044 inermes
1989 993 2059 1043 et
2113 999 2266 1044 con-

318 1061 577 1142 tempti,
640 1058 775 1125 solo
822 1063 1115 1127 veritatis
1161 1078 1228 1127 et
1265 1064 1535 1146 spiritus
1592 1064 1917 1146 praesidio
1968 1065 2138 1139 freti,
2195 1066 2266 1129 in
2316 1106 2321 1115 ·

318 1143 738 1228 propaganda
792 1145 1041 1213 Christi
1100 1149 1228 1214 fide
1288 1166 1423 1215 tam
1481 1164 1747 1216 strenue
1800 1152 2266 1227 laboraverint,

317 1232 479 1297 nihil
558 1233 921 1315 refugerint
984 1234 1226 1299 laboris
1292 1237 1394 1301 vel
1473 1237 1959 1313 discriminum,
2039 1246 2269 1303 contra

320 1339 542 1382 omnes
591 1338 848 1401 pugnas
900 1322 1204 1385 steterint
1240 1322 1520 1398 infracti,
1568 1322 1775 1387 donec
1820 1323 2086 1387 tandem
2129 1324 2263 1388 vic-

318 1418 485 1469 tores
530 1418 976 1488 emergerent,
1038 1406 1203 1471 nihil
1263 1420 1514 1473 restare
1569 1411 2014 1474 excusationis
2058 1408 2266 1473 chris-

317 1491 507 1554 tianis
532 1490 816 1573 regibus,
852 1512 1016 1572 quos
1038 1493 1221 1558 Deus
1243 1493 1327 1557 ad
1348 1495 1668 1560 tuendum
1690 1494 1811 1558 filii
1846 1496 1947 1561 sui
1984 1516 2264 1577 regnum

313 1574 525 1659 gladio
572 1577 909 1653 instruxit,
954 1579 1086 1643 nisi
1122 1577 1205 1643 ad
1243 1580 1617 1645 obeundum
1654 1594 1790 1645 tam
1838 1582 2265 1645 honorificum
2318 1576 2321 1585 '

313 1683 550 1725 munus
597 1683 800 1744 aeque
844 1663 1077 1728 saltem
1116 1666 1391 1731 anim0si
1435 1668 1569 1731 sint
1613 1688 1687 1730 ac
1732 1674 2123 1732 constantes.

480 1747 688 1812 Porro
736 1768 931 1831 quam
978 1750 1192 1816 fidelis
1239 1774 1311 1817 ac
1362 1753 1592 1818 dexter
1637 1752 1876 1817 fuerim
1921 1754 2262 1835 interpres,

313 1835 688 1917 praedicare
728 1856 861 1898 non
904 1848 1005 1901 est
1037 1858 1278 1902 meum.
1344 1838 1538 1903 Certe
1574 1840 1948 1903 fructuosus
1985 1840 2051 1902 in
2091 1858 2265 1903 com·

314 1941 525 1993 mune,
568 1936 644 1985 ut
677 1941 888 2004 spero,
932 1924 1057 1987 erit
1093 1922 1290 1988 labor.
1360 1923 1550 2005 Quod
1588 1926 1641 1988 si
1680 1936 1940 2007 gustum
1983 1924 2265 2007 aliquem

315 2024 539 2087 capere
564 2026 701 2071 non
725 2007 1109 2090 gravabitur
1139 2022 1250 2073 tua
1272 2010 1603 2083 Maiestas,
1642 2012 1698 2074 ei
1740 2031 1992 2093 quoque
2028 2032 2268 2074 munus

316 2091 431 2156 hoc
476 2114 613 2156 non
659 2093 997 2176 ingratum
1043 2096 1180 2159 fore
1224 2096 1492 2161 confido.
1569 2096 1885 2160 Dominus
1932 2108 2267 2178 praestan-

316 2178 639 2243 tissimum
678 2179 929 2262 Regem
975 2194 1229 2263 patrem
1274 2190 1463 2247 tuum
1508 2193 1576 2247 et
1615 2194 1678 2247 te
1724 2204 1857 2247 una
1901 2181 2268 2247 diutissime

317 2276 531 2329 servet
576 2264 962 2343 incolumes,
1022 2267 1415 2349 prudentiae
1472 2279 1540 2333 et
1582 2268 1985 2333 fortitudinis
2030 2269 2267 2351 spiritu

316 2370 427 2413 vos
484 2350 863 2434 gubernare
920 2362 1185 2436 pergat,
1264 2355 1440 2418 omni
1498 2354 2025 2420 benedictionum
2084 2354 2270 2437 copia

314 2438 517 2521 magis
576 2458 654 2503 ac
698 2440 909 2521 magis
965 2438 1345 2522 locupletet,
1407 2462 1481 2506 ac
1541 2440 1661 2506 sub
1722 2454 1937 2505 vestro
1996 2441 2268 2523 imperio

319 2518 629 2587 ditionem
688 2544 946 2607 semper
1007 2526 1427 2608 tranquillam
1500 2527 1847 2592 contineat.
1950 2526 2268 2591 Genevae

316 2620 546 2675 octavo
595 2608 921 2675 calendae
968 2612 1311 2677 Februarii
1368 2618 1543 2677 1351.

1202 3230 1395 3298 1902.

780 3386 902 3450 ER
914 3384 1123 3451 BIUS
1170 3386 1801 3451 BULLINGERO.

316 3642 377 3708 d·
486 3557 877 3726 mercem
922 3557 1163 3622 homine
1207 3558 1329 3622 sabi
1388 3559 1633 3623 omnino
1676 3557 1875 3641 iynoto
1912 3558 2109 3640 plura
2151 3580 2264 3622 au-

356 3665 445 3710 tre
671 3693 683 3705 .

316 3815 675 3882 (Excerptum
723 3833 787 3868 ex
838 3823 1062 3883 autogr-a
1103 3816 1171 3869 ho
1219 3817 1384 3868 Arch.
1428 3818 1603 3870 Turie.
1652 3817 1791 3870 Plut.
1844 3817 1934 3870 vl.
1982 3817 2098 3870 Vol.
2154 3816 2261 3878 176,

520 3887 648 3936 olim
690 3886 825 3953 hipp.
864 3885 1011 3937 Tem.
1086 3884 1132 3950 7,
1169 3885 1258 3938 sol.
1302 3884 1415 3938 181.
1454 3915 1521 3926 —
1557 3887 1752 3940 Simler
1789 3885 1913 3938 Vol.
1949 3886 2060 3952 81.)

314 4055 714 4123 Doctissimo
772 4075 847 4122 ac
890 4058 1128 4139 pietate
1174 4057 1591 4123 celeberrimo
1637 4055 1721 4120 D.
1768 4057 2057 4123 Henrico
2102 4058 2266 4122 Bul-

315 4140 568 4227 lingero
613 4142 1025 4208 ecclesiastae
1071 4145 1407 4226 Tigurino‚
1463 4144 1724 4207 domino
1783 4156 1850 4207 ct
1894 4144 2083 4208 fratri
2129 4164 2264 4208 suo.

317 4317 2263 4330 ——..-—--—-————-——.--—.——.--—0—-

486 4367 687 4447 Quod
733 4364 814 4431 de
861 4366 1109 4432 Serveto
1166 4368 1444 4449 quodam
1501 4386 1540 4430 a
1585 4369 1837 4432 Satana
1893 4367 2266 4431 dementato

319 4451 575 4530 scribis,
649 4452 730 4516 de
789 4454 927 4518 eius
977 4463 1150 4516 certe
1205 4456 1467 4518 nomine
1524 4454 1640 4517 vix
1702 4453 1889 4518 nobis
1951 4454 2267 4519 hactenus

319 4539 673 4623 quidquam
718 4539 1033 4617 consistit,
1079 4561 1205 4621 quo
1251 4541 1345 4616 fit,
1390 4551 1462 4604 ut
1504 4539 1584 4604 de
1629 4539 1803 4603 illius
1851 4541 2065 4621 impiis
2109 4538 2268 4622 dog-

318 4623 601 4691 matibus
639 4625 835 4709 plane
880 4625 1045 4689 nihil
1090 4626 1397 4700 sciamus,
1456 4628 1753 4707 cupimus
1798 4637 2019 4690 tamen
2064 4625 2144 4688 de
2187 4625 2269 4688 iis

322 4731 360 4774 a
401 4723 465 4775 te
510 4713 824 4776 certiores
867 4711 1028 4777 fieri.
1068 4747 2269 4758 ----------
2319 4727 2324 4794 Ι

3253 635 3444 707 1⁹⁰3.

2892 771 3363 840 OALVIN'US
3406 774 3776 842 VIRETO.

2550 942 2725 1024 Quod
2775 942 2974 1009 Orbae
3015 943 3179 1010 nihil
3219 945 3386 1027 effici
3431 950 3710 1028 potuerit
3759 948 4102 1015 dolendum.
4198 950 4330 1015 Ge-

2372 1048 2562 1093 nevae
2616 1029 2891 1095 solennis
2948 1030 3366 1097 reconciliatio
3432 1033 3625 1114 facta.
3720 1033 4128 1101 Baldichonii
4183 1056 4327 1102 cum

2374 1112 2644 1179 Perrino
2683 1114 3058 1196 disceptatio.

2373 1285 2486 1348 (Ex
2521 1286 2858 1355 autographo
2894 1286 3024 1341 Ood.
3079 1287 3282 1343 GeneV.
3324 1288 3476 1355 1072,
3522 1290 3616 1343 fol.
3664 1288 3748 1344 66.
3821 1290 4002 1344 Prima
4048 1299 4133 1345 est
4178 1294 4326 1348 inter

2372 1372 2465 1408 eas
2512 1371 2646 1422 quas
2683 1356 2898 1409 Marcus
2933 1356 3207 1409 Robertus
3250 1358 3513 1411 Gilchrist
3562 1375 3628 1411 ex
3665 1358 3788 1413 Iulii
3839 1359 4068 1414 Bonneti
4113 1362 4328 1416 schedis

2370 1423 2581 1493 anglice
2619 1424 2785 1476 vertit
2830 1432 2886 1477 ct
2921 1425 3092 1477 edidit
3128 1426 3540 1495 Philadelphiae
3577 1444 3619 1479 s.
3656 1446 3702 1480 a.
3739 1426 3906 1491 [1858
3939 1430 4006 1495 ῩΙ,
4047 1430 4122 1481 ita
4159 1436 4218 1483 ut
4254 1434 4330 1484 sit

2492 1493 2829 1546 continuatio
2864 1494 3115 1548 editionis
3152 1495 3597 1563 Edinbnrgensis.
3673 1496 3828 1550 Tom.
3867 1498 3963 1550 111.
4001 1515 4053 1566 p.
4095 1497 4197 1563 15.)

2370 1664 2636 1728 Eximio
2696 1665 2850 1730 Iesu
2908 1666 3157 1731 Christi
3215 1688 3407 1732 servo
3465 1670 3662 1733 Petro
3709 1668 3969 1745 virete,
4029 1670 4330 1734 Lausan-

2371 1751 2598 1814 nensis
2657 1752 2965 1817 ecclesiae
3023 1752 3153 1851 fido
3212 1755 3487 1854 pastori,
3549 1755 3742 1818 fratri
3798 1763 3865 1819 et
3920 1763 4330 1839 symmystae

3127 1850 3568 1923 integerrime.

2544 1974 2612 2039 S.
2663 1973 3073 2051 Successum,
3111 1976 3296 2040 cuius
3334 1990 3515 2040 certa
3537 1997 3686 2058 spes
3725 2000 3763 2040 a
3799 1978 3984 2042 nobis
4015 1989 4329 2060 concepta

2374 2068 2535 2137 erat,
2582 2059 2864 2125 defuisse
2899 2070 3012 2125 tuo
3050 2061 3254 2125 labori
3281 2061 3329 2143 ¹)
3356 2061 3547 2125 valde
3587 2061 3938 2127 dolendum
3975 2074 4101 2128 est:
4151 2062 4329 2144 Quia

2372 2156 2593 2211 tamen
2641 2167 2963 2211 remoram
3010 2146 3179 2211 hanc
3225 2170 3356 2211 non
3402 2148 3538 2211 fore
3576 2147 3959 2212 diuturnam
3996 2149 4329 2231 probabile

2375 2250 2503 2307 est,
2571 2233 2893 2314 patienter
2959 2233 3261 2298 feramus.
3365 2232 3738 2299 Mercedem
3808 2234 3967 2299 adeo
4035 2235 4330 2317 iniquam

2372 2318 2490 2383 tibi
2537 2318 2820 2400 persolvi
2865 2318 2946 2382 ab
2991 2340 3068 2382 ea
3111 2330 3295 2402 parte
3342 2340 3507 2400 quae
3544 2318 3774 2385 saltem
3823 2320 4068 2403 aliquid
4114 2321 4330 2386 solatii

2372 2405 2608 2469 afferre
2652 2403 2991 2475 debuerat,
3053 2405 3167 2468 tibi
3215 2404 3486 2468 minime
3532 2427 3775 2469 novum
3821 2420 3936 2470 est.
4028 2404 4330 2472 Sufficiat

2371 2490 2640 2555 coelesti
2685 2490 3116 2572 agonothetae
3173 2492 3436 2571 probari
3503 2508 3728 2555 nostra
3772 2494 4158 2569 certamina,
4218 2497 4331 2575 qui

2370 2599 2503 2640 non
2564 2575 2752 2639 modo
2796 2576 2865 2639 in
2912 2576 3078 2640 dura
3123 2577 3375 2649 militia,
3438 2575 3550 2641 sed
3596 2577 3794 2640 etiam
3843 2598 4077 2658 parum
4124 2580 4332 2643 hono-

2370 2663 2554 2726 rifica
2615 2684 2730 2725 nos
2790 2672 3081 2739 exercet,
3143 2683 3226 2725 ne
3286 2663 3366 2725 ab
3427 2661 3802 2725 hominibus
3861 2664 4162 2745 plausum
4225 2664 4328 2727 vel

2371 2768 2677 2812 coronam
2735 2760 3051 2829 petamus.
3151 2749 3234 2811 In
3299 2748 3488 2811 rebus
3546 2751 3788 2812 nostris
3845 2748 4172 2814 nihildum
4230 2762 4332 2814 est

2371 2834 2820 2913 compositum.
2927 2834 3325 2907 Privatim²›
3389 2834 3846 2898 reconciliatus
3905 2836 3998 2897 fui
4065 2834 4333 2899 Pero-ino

2370 2932 2440 2984 et
2503 2919 2807 2983 Vendelio.
2877 2920 3191 2984 Proximo
3236 2919 3340 2984 die
3385 2919 3581 2983 lunae
3627 2921 3694 2983 in
3743 2941 4006 2984 arenam
4058 2920 4327 2984 descen-

2372 3007 2527 3069 dere
2563 3027 2824 3070 necesse
2860 3007 3001 3070 erit.
3028 3010 3081 3081 ³)
3161 3004 3436 3088 syndici
3472 3010 3668 3070 creati
3720 3020 3877 3070 sunt
3920 3005 4323 3070 Amblardus

2375 3092 2670 3169 Gorneas,
2717 3092 2957 3158 Petrus
3009 3093 3250 3168 Textor,
3299 3090 3610 3156 Claudius
3664 3090 3988 3166 Panum,
4037 3090 4324 3157 Michael

2371 3179 2746 3244 Arclmrius.
2773 3183 2823 3256 ⁴)
2890 3179 2971 3242 In
3008 3190 3275 3243 senatus
3314 3179 3587 3242 lectione
3631 3178 3796 3243 nihil
3843 3195 3942 3242 est
3987 3190 4322 3243 novatum.

2371 3264 2608 3330 Ioanni
2666 3264 3079 3329 Baldiohonio
3103 3265 3154 3349 ⁵)
3213 3265 3447 3329 accidit
3502 3284 3676 3328 nova
3729 3264 4048 3329 molestia.
4151 3263 4324 3327 Nam

2314 3385 2319 3396 ·
2370 3354 2444 3416 in
2479 3351 2728 3415 curiam
2766 3350 2962 3414 biduo
2998 3361 3151 3414 ante
3187 3350 3450 3415 comitia
3489 3361 3774 3424 vocatus,
3821 3359 3894 3414 ut
3936 3351 4005 3413 in
4043 3351 4322 3433 gratiam

2372 3457 2522 3502 cum
2571 3437 2837 3501 Perrino
2880 3435 3141 3510 rediret,
3188 3456 3476 3517 eousque
3524 3445 3869 3517 provectus
3913 3452 4014 3500 est
4055 3447 4325 3499 conten-

2369 3523 2568 3586 tionis
2610 3520 2874 3596 ardore,
2933 3535 3006 3586 ut
3049 3524 3249 3586 atroci
3295 3522 3689 3586 contumelia
3732 3541 3865 3585 non
3913 3521 4325 3586 abstinuerit.

2314 3619 2319 3654 ⁵
2369 3609 2537 3674 Heri
2581 3628 2777 3673 causa
2820 3608 3220 3672 tumultuose
3280 3610 3527 3689 agitata
3579 3608 3724 3670 fuit.
3816 3605 3990 3687 Quia
4046 3609 4112 3670 in
4174 3628 4324 3689 per-

2316 3717 2319 3728 ·
2369 3717 2532 3761 sona
2610 3693 2803 3777 primi
2881 3692 3137 3776 syndici
3211 3693 3388 3757 laesa
3464 3707 3606 3757 erat
3669 3703 3937 3756 senatus
4013 3692 4322 3776 dignitas,

2369 3784 2591 3847 iussus
2657 3789 2759 3844 est
2815 3800 3034 3843 coram
3105 3779 3401 3843 ducentis
3465 3780 3722 3842 veniam
3782 3787 4030 3858 petere,
4101 3795 4322 3842 tamen

2371 3868 2616 3948 absque
2665 3865 3044 3948 ignominia.
3124 3867 3345 3943 Quum
3391 3864 3655 3926 Pmino
3695 3862 3964 3926 daretur
4007 3864 4322 3946 quidquid

2374 3953 2571 4019 vellet
2614 3951 2870 4016 facilem
2915 3972 2985 4016 se
3028 3951 3344 4033 praebuit.
3416 3950 3620 4014 Porro
3643 3949 3749 4014 hic
3774 3953 3827 4024 ⁰)
3858 3949 3942 4013 ad
3989 3963 4049 4012 te
4096 3953 4324 4014 uxoris

2371 4037 2693 4123 petendae
2736 4056 2935 4102 causa
2979 4036 3436 4119 proficiscitur:
3483 4034 3642 4100 dicit
3687 4055 3827 4098 cum
3875 4056 4094 4099 sorore
4121 4034 4323 4099 Prae-

2369 4279 2552 4334 1003.
2583 4278 2640 4340 1)
2685 4277 2862 4332 Orbae
2897 4276 3335 4340 reformationem
3367 4275 3581 4343 publice
3615 4273 3943 4342 stabiliendi.

2575 4346 2631 4410 2)
2674 4345 2786 4401 Cur
2818 4346 3080 4413 privatim
3119 4345 3177 4400 id
3189 4345 3396 4409 factum
3432 4342 3785 4425 fuissede‘cat
3820 4359 3928 4398 non
3965 4342 4322 4412 assequimur,

2370 4432 2537 4488 quum
2644 4421 2857 4469 mente
2892 4420 3089 4469 senatu
3123 4430 3213 4467 res
3248 4419 3532 4468 &amacio
3567 4419 3654 4466 set.

2570 4431 2643 4547 ἒς
2672 4482 2762 4537 De
2795 4483 2899 4537 tali
2932 4485 3080 4539 lucta
3114 4484 3176 4537 in
3213 4481 3368 4538 Actis
3401 4482 3558 4536 noea.

2578 4553 2637 4618 4)
2682 4552 2914 4606 Gallice.-
2955 4551 3130 4605 Corne
3165 4568 3205 4604 8.
3233 4550 3464 4616 Gortuae,
3513 4549 3705 4615 Tissot,
3742 4549 3818 4601 du
3840 4549 3986 4614 Pan,
4024 4548 4090 4601 de
4108 4545 4327 4600 FAx-che

2377 4623 2619 4690 (Angla-3
2653 4622 2880 4676 nomina
2915 4621 3121 4676 Textor
3156 4627 3206 4675 et
3241 4620 3464 4674 Micaire
3500 4620 3692 4687 effert).
3754 4617 3898 4698 Quos
3937 4632 4099 4685 quum
4120 4614 4327 4669 Noster

2373 4691 3688 4828 tztwt‘m?‘m..-'.55⁶22⁶?.i2.3.“‘3{:2553
3705 4685 4328 4823 2'05132‘3P20225'535232‘.

322 4831 402 4845 ···
446 4833 531 4842 -
586 4837 647 4842 -’
684 4795 1136 4863 RisshenVfflflss
1182 4802 1238 4861 8·
1280 4796 1417 4862 Gal·
1467 4796 1811 4862 Februarii
1838 4799 2033 4861 Anno
2086 4801 2265 4860 ¹554·
2319 4811 2325 4902 Ι
2374 4831 2538 4898 plane
2554 4830 2713 4882 aliter
2731 4829 3007 4895 sentiebat,
3046 4828 3112 4882 de
3147 4845 3252 4898 quo
3272 4826 3576 4891 Bonivard,
3603 4822 3940 4892 P01.p.116:
3978 4822 4096 4876 Une
4115 4822 4325 4891 grande

1500 4935 1792 5000 Mathias
1835 4932 2096 4998 Erbius.

537 5472 757 5526 δαῖσαι·
786 5487 969 5540 opera.
1048 5471 1164 5526 Vol.
1207 5466 1266 5520 X
1280 5468 1333 5521 V.

2320 4937 2325 4950 .
2376 4899 2554 4969 partie
2591 4898 2662 4950 du
2701 4898 2904 4953 conseil
2950 4899 3174 4950 estroict
3222 4897 3463 4966 questoit
3509 4895 3604 4947 des
3651 4909 3783 4960 gens
3836 4892 3904 4944 de
3951 4891 4075 4943 bien
4127 4908 4192 4944 en
4240 4891 4326 4943 sut

2320 4953 2326 5030 ἓ
2377 4967 2595 5031 demine,
2633 4976 2690 5019 et
2727 4967 2828 5020 mis
2864 4982 2932 5019 en
2967 4967 3084 5019 leur
3120 4967 3272 5034 place
3300 4966 3396 5018 des
3426 4966 3788 5016 iouvenceaux
3828 4977 4024 5028 parens
4060 4976 4129 5012 ou
4166 4960 4324 5013 alliez

2376 5038 2445 5091 de
2491 5037 2688 5089 Perrin
2741 5053 2811 5088 ou
2857 5035 3086 5088 Wandel
3133 5043 3234 5087 etc.
3293 5041 3349 5087 et
3403 5034 3482 5084 sut
3531 5039 3707 5084 toutte
3760 5031 3814 5083 la
3857 5029 4018 5083 chose
4063 5029 4328 5099 publique

2378 5113 2533 5160 entre
2557 5107 2701 5159 leurs
2739 5104 2925 5169 mains,
2963 5104 3067 5155 don
3088 5103 3284 5156 Pei-rin
3308 5102 3518 5157 sesleva
3553 5107 3606 5152 et
3642 5099 3784 5153 enfla
3819 5100 3939 5168 plus
4014 5114 4082 5151 ne
4118 5098 4325 5151 iamaiu.

2581 5175 2641 5235 ὁ)
2684 5173 2994 5227 Baudichon
3040 5173 3109 5226 d·
3142 5174 3196 5226 la
3231 5171 3640 5225 Maisonneufve
3683 5168 3776 5221 hai·
3820 5175 3994 5221 morte
4038 5173 4221 5221 ement
4256 5166 4328 5220 do

2378 5244 2573 5296 Pei-rin
2608 5241 2929 5302 (Bonivard
2959 5259 3012 5309 p.
3049 5239 3194 5304 126).
4256 5307 4264 5315 ·

2498 5380 2511 5393 ⁶
2582 5310 2641 5376 6)
2677 5311 3007 5372 tabellarius,
3052 5327 3160 5364 non
3211 5325 3335 5364 vero
3376 5307 3644 5362 Pomm
3677 5321 3831 5376 quem
3867 5307 4084 5374 Anqlus
4116 5305 4205 5360 hie
4241 5320 4330 5358 tn-

3885 5463 3912 5510 2
