4850 6200
352 424 469 486 2⁵8
2081 428 2246 487 1554
2284 420 2610 489 ΟΟΤΟΒ.
4218 428 4348 491 254

1222 609 1418 681 2⁰21.

497 763 909 832 VIRE'I'US
952 763 1436 832 MINISTRJS
1481 765 2154 835 BERNENSIBUS.

521 936 654 1002 Suo
717 944 776 1003 et
840 936 1213 1020 coueyarum
1277 940 1523 1004 nornine
1578 938 2007 1005 Bonnensibus
2060 939 2303 1022 oolleyis

355 1021 606 1091 calvini
647 1025 904 1108 indique
945 1023 1281 1090 calumniis
1315 1025 1578 1105 impetiti
1611 1045 1870 1089 causam
1903 1026 2298 1103 commendat,

351 1130 506 1190 quae
539 1110 785 1261 αρε-δίζω
852 1115 922 1174 ut
977 1111 1063 1176 ad
1117 1114 1305 1175 totam
1372 1111 1688 1177 ecelesiam
1733 1112 2057 1192 pertinens
2111 1112 2299 1178 aesti-

2406 611 2637 676 multis
2681 612 2768 676 sit
2810 612 3097 676 invisum
3157 612 3390 693 quibus
3449 612 3853 677 carissimum
3902 633 4044 678 esse
4088 628 4356 694 oportu-

2405 705 2578 775 erat,
2636 718 2785 761 eum
2840 719 3045 762 unum
3101 696 3481 780 delegerunt
3540 718 3658 779 per
3699 699 3883 763 cuius
3924 699 4094 762 latus
4137 700 4356 764 confo-

2405 785 2592 848 diant
2613 783 2742 848 Dei
2765 783 3127 848 veritatem.
3194 783 3427 865 Itaque
3462 782 3649 847 illum
3687 784 3932 848 audent
3952 785 4357 851 haereticum

2405 880 2474 934 et
2526 868 3011 934 Antichristum
3070 889 3328 947 vocare,
3401 868 3561 933 adeo
3635 878 3706 932 ut
3760 871 3866 933 vir
3932 872 4215 953 optimus
4285 882 4357 934 et

2405 958 2687 1019 eximius
2731 952 2861 1019 Dei
2906 976 3138 1019 servus
3196 976 3325 1018 non
3384 955 3580 1019 aliam
3637 955 3705 1017 in
3750 954 3856 1019 his
3900 956 4058 1021 locis
4100 956 4351 1020 infiniti

2405 1041 2646 1107 laboris
2690 1041 3055 1107 mercedem
3101 1044 3355 1115 referat,
3404 1062 3597 1121 quam
3643 1042 3915 1105 istorum
3956 1041 4357 1106 nebulonum

2403 1126 2767 1203 maledicta,
2815 1128 3052 1209 quibus
3088 1140 3306 1190 tamen
3353 1127 3618 1208 impune
3654 1126 3805 1190 licet
3842 1128 3962 1191 hoc
4007 1140 4355 1209 praetextu

2348 1222 2353 1233 ⁴
2405 1226 2610 1277 totam
2656 1213 3017 1277 doctrinam
3064 1213 3507 1295 evangelicam
3558 1224 3870 1289 evertere,
3917 1234 4117 1294 quum
4164 1214 4354 1279 nobis

2403 1322 2476 1365 os
2540 1301 2628 1363 sit
2691 1299 3039 1365 occlusum.
3150 1297 3322 1361 Nam
3388 1300 3444 1361 si
3508 1301 4000 1373 mutiverimus,
4064 1299 4357 1364 dicemur

351 1367 464 1430 (nx
512 1366 644 1420 eod.
693 1368 1052 1422 bibliothecae
1102 1371 1303 1422 civicae
1350 1369 1654 1436 Ber-nensis„
1705 1371 1844 1423 siat.
1891 1371 2032 1423 hav.
2081 1369 2175 1422 111.
2213 1368 2298 1436 34,
2347 1342 2354 1437 ἰ

478 1435 571 1489 fol.
609 1434 729 1504 178,
767 1437 925 1491 inser.
965 1443 1022 1490 et
1056 1439 1256 1492 subscr.
1294 1445 1503 1509 autogr.
1540 1469 1604 1479 —
1644 1440 1857 1493 Simler.
1897 1439 2014 1491 Vol.
2053 1438 2167 1502 83.)
2406 1386 2633 1451 turbas
2690 1386 3145 1461 oommOViffie'
3205 1385 3309 1448 vel
3367 1385 3660 1466 privatas
3720 1386 4119 1461 inimicitia&
4190 1405 4353 1466 qua8

2347 1480 2353 1569 ὲ
2403 1486 2627 1537 tamen
2675 1472 2891 1536 nullas
2950 1492 3091 1535 esse
3136 1471 3319 1535 Deus
3378 1472 3589 1546 novit,
3650 1470 3768 1535 sub
3824 1470 4086 1552 pietatis
4139 1471 4350 1551 specie

514 1607 922 1675 marisgimis
981 1611 1137 1676 viris
1193 1611 1552 1677 Beruensis
1612 1612 1918 1677 ecelesiae
1979 1612 2296 1676 ministris
2347 1590 2352 1685 Ξ
2403 1559 2723 1640 persequi.
2794 1557 3014 1638 Atqui,
3053 1558 3352 1639 quamvis
3377 1557 3657 1619 libenter
3684 1558 4000 1621 fateamur
4026 1555 4354 1620 Calvinum

339 1704 407 1759 ct
447 1696 929 1778 professoribus
1009 1697 1320 1763 fratribus
1363 1719 1395 1762 s
1441 1719 1575 1762 mm
1627 1700 1743 1762 stis
1787 1696 2142 1781 plurimum
2190 1717 2295 1762 co—
2347 1726 2352 1743 ·
2403 1656 2669 1742 prm-'ter
2722 1644 3113 1742 excellentes
3160 1642 3285 1739 in
3344 1642 3555 1742 dotes,
3617 1664 3853 1740 ⁰95q¹¹⁰
3910 1664 4135 1741 omnes
4193 1664 4355 1723 ‘1⁰⁰⁵

341 1778 554 1845 lendis
597 1795 665 1845 et
707 1748 1150 1848 observ’andis.
1395 1722 1435 1783 Υ
1580 1721 1623 1782 y
2347 1758 2353 1787 ι
2403 1751 2712 1794 novimus
2756 1749 3010 1793 sincera
3053 1740 3449 1794 conscientia
3493 1750 3562 1792 111
3610 1751 3802 1792 vinea
3845 1730 4114 1793 Domini
4160 1750 4352 1793 exco-

2347 1812 2352 1877 ἕ
2401 1816 2597 1879 lenda
2642 1813 2954 1892 laborare,
3016 1836 3056 1877 a
3113 1814 3296 1879 nobis
3341 1836 3595 1878 summo
3640 1814 3859 1878 studio
3904 1814 4087 1895 diligi
4129 1828 4194 1878 et
4237 1816 4353 1878 ob-

2347 1904 2352 1961 ἰ
2405 1902 2676 1979 servari,
2738 1910 2959 1964 tamen
3005 1902 3060 1963 si
3104 1922 3209 1964 res
3254 1902 3379 1964 ista
3426 1921 3577 1963 eum
3624 1902 3932 1981 privatim
3978 1900 4351 1981 attingeret,

344 1988 646 2052 Gratiam
707 2002 776 2052 et
818 2009 1043 2072 pacem
1102 2008 1142 2052 a
1187 1991 1470 2054 Domino
1527 2000 1752 2054 nostro
1811 1990 1964 2054 Iesu
2008 1990 2294 2055 Christo.
2346 2036 2349 2053 .
2402 2007 2616 2069 neque
2660 2009 2779 2051 nos
2816 1986 2938 2051 hac
2975 1985 3055 2050 de
3090 2008 3286 2051 causa
3322 1986 3403 2049 ad
3446 2006 3561 2050 vos
3596 1987 4097 2067 scripsissemus,
4142 2008 4353 2068 neque

1363 2128 1375 2140 .
1719 2128 1730 2140 .
1946 2131 1957 2141 .
2345 2122 2351 2155 ,
2401 2073 2513 2138 ille
2570 2073 2691 2139 hoc
2747 2096 2786 2136 a
2841 2073 3027 2137 nobis
3069 2072 3539 2148 contendisset,
3608 2074 3791 2136 cuius
3857 2072 4241 2153 patientiam
4306 2072 4357 2134 ii

509 2125 733 2222 caum}
777 2146 942 2225 ‘1⁰²5’
979 2148 1099 2227 ¹¹⁰9
1135 2126 1219 2192 ad
1253 2126 1667 2227 ⁸9r¹l³endum
1714 2128 2011 2226 impelht’
2057 2131 2295 2194 fratres
2345 2174 2352 2279 ⁴
2403 2162 2668 2225 demum
2726 2160 2968 2235 sciunt,
3030 2159 3140 2241 qui
3197 2170 3470 2239 quantas
3511 2159 3783 2221 iniurias
3828 2156 4114 2239 quotidie
4161 2172 4227 2221 et
4271 2158 4353 2223 ab

341 2210 935 2311 ⁰b⁸.e¹'v²¹.²d³⁸⁶¹m¹’
972 2235 1124 2295 qma
1147 2213 1397 2279 Chrffin
1429 2226 1546 2312 ‘³⁸¹2’
1587 2212 1785 2290 V0b132
1826 2225 1899 2277 ut
1933 2236 2293 2314 Spemnffus’
2403 2250 2693 2311 externis
2739 2246 3015 2329 papistis
3061 2257 3125 2308 et
3170 2268 3208 2309 a
3264 2244 3445 2307 falsis
3490 2244 3803 2308 fratribus
3848 2245 4041 2315 ferat,
4089 2245 4355 2325 penitus

343 2306 498 2362 “ms
554 2308 682 2361 ent
726 2299 1199 2365 commendata·
1301 2301 1692 2365 Pmammus
1753 2310 1970 2364 tamen
2013 2303 2296 2365 officmm
2345 2284 2351 2375 l
2400 2344 2664 2398 norunt.
2751 2332 2885 2396 Sed
2933 2333 3105 2413 quia,
3168 2342 3242 2395 ut
3299 2342 3451 2393 ante
3505 2330 3809 2407 diximus,
3863 2328 4197 2396 Calvinum
4241 2331 4351 2394 isti

335 2393 639 2448 nostrum
685 2385 1015 2466 postulare
1050 2398 1124 2451 ut
1169 2408 1296 2451 non
1335 2386 1479 2451 sine
1519 2386 1725 2485 literis
1771 2388 2296 2468 permitteremus
2344 2382 2350 2437 ἶ
2403 2420 2665 2483 nomine
2712 2427 2969 2482 tantum
3039 2415 3397 2480 doctrinam
3445 2426 3663 2480 autem
3734 2438 3928 2498 quam
3976 2438 4093 2480 „03
4138 2414 4352 2481 adhue

336 2467 516 2534 hunc
577 2468 846 2534 fratrem
879 2476 924 2547 ¹)
981 2484 1279 2537 nostrum
1336 2472 1749 2537 Genevensis
1808 2472 2115 2539 ecclesiae
2171 2474 2294 2537 mi·
2343 2506 2349 2593 ἕ
2401 2503 2740 2569 docuimus
2784 2515 2849 2567 et
2894 2470 3114 2567 no'gtro
3161 2504 3481 2583 sanguiue
3535 2468 3788 2565 sanaim
3848 2503 4057 2582 parati
4103 2523 4351 2577 sumus,

337 2564 643 2631 mStrum’
705 2556 788 2620 ad
836 2579 949 2622 VOS
995 2578 1355 2640 pervemre·
1447 2558 1616 2622 Nam
1665 2566 1838 2623 sumt
1881 2581 2078 2624 “ausa
2118 2580 2294 2625 ⁰⁰¹⁰·
2343 2600 2348 2653 2
2400 2612 2629 2655 revera
2674 2602 2999 2654 conantur
3042 2602 3364 2661 evertere,
3424 2607 3727 2669 rogamus
3776 2609 3908 2663 vos,
3968 2588 4222 2661 fratrem,
4284 2598 4351 2649 et

335 2662 561 2707 mumfl
605 2649 709 2707 &St
745 2652 943 2708 tonus
978 2644 1306 2720 ‘³⁰⁰¹‘33130’
1351 2655 1445 2708 lm
1480 2666 1821 2709 mmmmm
1860 2654 2292 2726 patmfflmum
2342 2660 2348 2737 i
2401 2688 2588 2741 tanta
2641 2677 3051 2741 contentione
3098 2698 3135 2739 a
3186 2675 3362 2739 vobis
3424 2674 3704 2752 petimus
3763 2688 4005 2754 quanta
4061 2673 4354 2737 maxima

335 2728 612 2811 flagitat·
704 2726 894 2809 QUOd
938 2729 1315 2795 incendium
1362 2731 1468 2795 mo
1504 2729 1788 2794 adventu
1833 2751 1953 2795 ⁸¹³⁰
1995 2731 2296 2796 eminuit
2342 2746 2348 2827 l
2399 2764 2543 2827 fieri
2586 2770 2831 2845 potest,
2891 2760 3057 2825 detis
3116 2781 3381 2841 operam
3440 2780 3559 2841 pro
3619 2766 3837 2822 vestra
3892 2759 4241 2822 autoritate
4283 2766 4352 2822 et

1845 1870 2121 1934 Ber-nae.

338 2812 774 2898 Hieronymus
816 2815 925 2879 ille
963 2817 1076 2899 qui
1123 2817 1399 2880 Tononii
1461 2815 1729 2895 habitat,
1791 2838 1909 2881 vos
1953 2817 2292 2882 nobiscum
2343 2830 2348 2875 ε

2399 2848 2776 2931 prudentia,
2836 2856 2906 2911 ut
2964 2848 3191 2929 optimi
3250 2847 3594 2928 principes,
3656 2845 3712 2908 si
3773 2866 3901 2907 non
3957 2845 4117 2908 istos
4158 2864 4352 2908 canes

335 2902 569 2964 testari
615 2902 909 2984 PotesstiS⁹
954 2901 1036 2966 ad
1081 2922 1245 2984 ‘1⁰⁰⁸
1282 2902 1501 2983 aliqua
1535 2901 1732 2967 hume
1769 2902 2106 2967 m⁰¹e⁸ti³3
2144 2923 2294 2986 pars
2341 2944 2348 2997 l
2400 2936 2626 3017 procul
2672 2934 2871 2999 semel
2917 2934 3203 3017 abigant,
3249 2942 3316 2994 at
3359 2944 3533 2995 certe
3572 2950 3801 2994 eorum
3844 2928 4090 2994 rabiem
4136 2930 4353 3011 aliqua

334 2987 660 3068 pervenit.
685 2988 740 3072 ²)
803 2985 1135 3067 Quantam
1179 3009 1445 3072 operam
1491 2986 1862 3052 dederimus
1905 3010 2024 3072 pro
2071 3000 2296 3053 nostra

333 3072 531 3152 virili,
571 3082 649 3138 ut
684 3073 789 3139 his
825 3075 1287 3141 controversiis
1315 3084 1568 3140 mature
1604 3090 2073 3153 occurreretur,
2111 3074 2295 3140 vobis

333 3179 592 3243 quoque
646 3162 806 3225 satis
861 3171 961 3224 est
1019 3174 1446 3244 perspectum.
1550 3159 1729 3242 Quia
1787 3173 2027 3240 tamen,
2090 3172 2164 3227 ut
2217 3176 2293 3226 tu

334 3247 639 3330 inprimis
683 3246 878 3325 nosti,
922 3247 1006 3312 D.
1057 3247 1343 3326 Hallere,
1400 3248 1470 3311 in
1514 3247 1870 3329 superioris
1914 3250 2072 3312 anni
2116 3249 2292 3331 capi-

335 3333 508 3408 tulis,
523 3332 592 3417 ξ)
636 3353 804 3416 quae
832 3343 1083 3412 vocant,
1120 3333 1364 3418 placuit
1399 3333 2073 3418 magnificentissimis
2108 3336 2292 3417 prin-

335 3419 622 3501 cipibus,
680 3427 756 3484 ut
810 3419 1071 3483 silentio
1128 3420 1345 3504 potius
1390 3441 1585 3502 quam
1632 3421 2072 3503 disputatione
2117 3419 2289 3485 istud

335 3503 716 3570 incendium
777 3506 1129 3587 sopiretur,
1199 3526 1317 3571 nos
1370 3505 1525 3572 huic
1580 3507 1888 3572 mandato
1943 3507 2296 3588 obsequuti

335 3611 586 3669 sumus,
646 3599 714 3656 et
756 3602 1073 3673 quantum
1127 3593 1198 3656 in
1258 3591 1443 3657 nobis
1497 3592 1623 3657 fuit
1665 3592 2075 3659 concordiam
2119 3592 2294 3657 alere

337 3696 409 3742 ac
463 3677 642 3742 tueri
698 3679 1088 3743 studuimus.
1189 3678 1362 3744 Ecce
1422 3699 1607 3756 vero,
1675 3677 1829 3743 dum
1898 3699 2020 3744 nos
2085 3679 2296 3743 multa

335 3760 858 3840 dissimulamus,
919 3773 1176 3828 tantum
1221 3763 1403 3829 abest
1445 3775 1520 3829 ut
1563 3765 1863 3829 nonnulli
1908 3764 2080 3830 idem
2124 3767 2292 3829 fece-

333 3849 489 3928 rint,
553 3856 633 3914 ut
689 3859 916 3915 contra
971 3850 1042 3914 in
1101 3851 1225 3916 hac
1284 3850 1446 3915 urbe
1500 3873 1633 3915 non
1694 3850 1861 3915 desit
1917 3853 2027 3933 qui
2071 3850 2291 3934 palam

330 3933 618 4001 liberum
663 3936 1005 4001 arbitrium
1051 3949 1325 4013 asserat,
1347 3941 1403 4012 ⁴)
1462 3944 1530 4000 et
1578 3947 1870 4001 nostram
1927 3935 2294 4001 doctrinam

333 4021 542 4087 libere
565 4020 1026 4105 reprehendat,
1072 4022 1227 4088 alibi
1249 4041 1408 4087 vero
1453 4030 1678 4106 aperte
1719 4023 1789 4086 in
1833 4021 2094 4106 publica
2137 4043 2292 4088 con-

331 4108 520 4172 cione
565 4107 834 4191 quidam
880 4130 1015 4173 non
1050 4108 1174 4174 alio
1211 4108 1480 4173 nomine
1514 4129 1712 4192 quam
1749 4108 2293 4174 sceleratissimae

331 4191 687 4259 haerescos
753 4191 924 4261 hanc
996 4194 1359 4260 doctrinam
1423 4194 1497 4258 in
1565 4194 1858 4259 maxima
1924 4194 2294 4276 frequentia

332 4300 464 4344 non
510 4280 734 4344 minus
776 4280 997 4363 inepte
1041 4300 1236 4361 quam
1282 4287 1525 4345 temere
1569 4289 1635 4345 et
1676 4280 2092 4364 impudenter
2135 4279 2293 4344 insi·

333 4366 577 4431 mulet:
647 4366 788 4448 ipse
843 4388 998 4432 vero
1058 4366 1487 4448 Hieronymus
1543 4377 1610 4432 et
1667 4366 1869 4432 libros
1925 4365 2169 4431 scribat
2228 4376 2295 4431 et

333 4459 642 4516 ostentet.
747 4449 884 4517 Sed
940 4463 1019 4517 ut
1068 4451 1194 4517 hoc
1248 4453 1494 4516 factum
1552 4460 1895 4531 excusent,
1950 4464 2295 4535 propterea

333 4536 514 4620 quod
557 4534 799 4602 diaboli
840 4535 1177 4603 fraudibus
1221 4535 1471 4604 factum
1504 4550 1607 4605 est
1650 4547 1725 4603 ut
1763 4536 2010 4605 Galvim’
2054 4558 2295 4604 nomen

332 4811 522 4868 2021.
553 4810 612 4873 1)
651 4810 735 4865 Io.
776 4811 957 4866 Fabri
1002 4811 1155 4876 (vide
1196 4812 1446 4881 praeced.
1493 4817 1604 4867 noe.
1655 4812 1799 4878 ult).
1871 4811 2019 4867 Sane
2066 4813 2296 4868 Calvino

331 4891 529 4937 auore
556 4881 769 4946 foetam
804 4886 884 4934 est
916 4885 979 4934 nt
994 4887 1046 4935 a
1064 4880 1493 4936 Lamnum&
1508 4895 1643 4936 onas
1678 4883 1740 4935 in
1766 4881 1871 4936 leae
1903 4896 2074 4937 caasa
2105 4890 2297 4952 portes

468 4955 599 5089 ωε2)
636 5017 768 5073 Huc
812 5017 1071 5073 trahendi
1125 5019 1213 5073 ali
1255 5018 1483 5073 articulo·
1523 5034 1660 5089 quon
1707 5020 1822 5073 iam
1869 5035 1939 5076 ιι.
1987 5019 2296 5074 Februario

334 5093 679 5158 suompte·
712 5103 886 5157 supra
923 5085 999 5142 N.
1037 5085 1172 5141 190⁷
1208 5087 1564 5170 exhibuimus.
1616 5085 1698 5142 Et
1730 5087 1845 5141 ian·
1879 5105 1946 5142 n.
1977 5087 2124 5169 Ialp‘o
2159 5086 2298 5143 1553

331 5243 464 5285 eu-
495 5227 677 5294 ίαν-ω
708 5156 1355 5293 (ΝἼΟΙῆἔὲἽΊῗίῖιίω’
1401 5171 1536 5211 ⁸⁰,oe
1761 5172 1951 5212 mm
2214 5173 2295 5211 ω·

544 5295 606 5434 8433
641 5295 935 5434 gna-w}
961 5293 1067 5349 496
1102 5292 1180 5361 (Ἰ.
1216 5297 1358 5365 Δις.
1393 5293 1574 5362 1⁶⁶3).

2399 3020 2749 3085 severitate
2815 3032 3243 3102 compescant.
3348 3018 3477 3081 Nos
3545 3014 3835 3098 quidem,
3904 3025 4220 3097 quantum
4277 3015 4352 3078 in

2399 3108 2588 3172 nobis
2652 3108 2796 3184 erit,
2863 3108 3295 3188 quiescemus,
3380 3125 3588 3186 neque
3657 3124 3939 3184 unquam
4009 3100 4353 3166 maledicta

2398 3193 2766 3258 maledictis
2826 3192 3272 3275 pensabimus:
3334 3188 3447 3254 sed
3506 3190 3849 3254 veritatem
3905 3185 4030 3252 Dei
4089 3186 4350 3252 silentio

2403 3293 2627 3344 nostro
2687 3279 2992 3362 prodere,
3052 3291 3113 3341 et
3175 3276 3509 3342 ecclesiam
3555 3296 3721 3357 quae
3766 3274 4040 3338 eandem
4086 3294 4352 3356 prorsus

2401 3365 2763 3432 doctrinam
2830 3375 3023 3446 atque
3092 3386 3207 3427 nos
3280 3364 3628 3447 profitetur
3689 3361 3903 3424 sinere
3968 3358 4208 3423 diutius
4269 3360 4349 3425 ab

2398 3453 2544 3518 istis
2587 3450 2885 3535 opprimi,
2942 3450 3064 3514 hoc
3112 3470 3264 3514 vero
3304 3469 3535 3530 neque,
3585 3456 3655 3511 ut
3699 3445 4072 3530 opinamur,
4120 3444 4352 3528 optimi

2400 3540 2607 3602 nostri
2656 3537 2982 3620 principes
3026 3555 3317 3616 unquam
3364 3557 3401 3598 a
3445 3534 3630 3597 nobis
3671 3530 4081 3615 flagitabunt,
4143 3552 4355 3613 neque

2403 3645 2517 3689 vos
2559 3637 2764 3700 certe,
2824 3624 2881 3688 si
2920 3621 2989 3685 id
3034 3621 3414 3696 faceremus,
3474 3623 3715 3683 sactum
3777 3629 4071 3682 nostrum
4116 3637 4355 3700 appro-

2400 3708 2658 3774 baretis.
2750 3708 2894 3774 Hoc
2938 3708 3142 3790 igitur
3186 3709 3421 3770 iterum
3469 3727 3507 3769 a
3550 3704 3735 3768 vobis
3778 3704 4077 3787 petimus,
4124 3703 4355 3785 optimi

2400 3807 2466 3859 et
2508 3794 2945 3860 colendissimi
3005 3795 3269 3870 fratres,
3330 3802 3404 3855 ut
3461 3791 3615 3873 quia
3674 3789 3956 3872 proximi
4000 3787 4133 3853 illis
4195 3790 4355 3853 estis

2400 3902 2676 3966 quorum
2734 3881 3024 3962 imperiO,
3086 3878 3211 3944 nisi
3262 3876 3425 3942 haec
3469 3877 3688 3941 omnia
3745 3889 4003 3940 mature
4063 3895 4354 3957 compes-

2398 3977 2652 4047 cantur,
2696 3966 2840 4031 fieri
2884 3987 3019 4030 non
3063 3972 3276 4048 potest
3319 3962 3476 4045 quin
3534 3962 3942 4046 gravissimis
3988 3960 4199 4025 turbis
4248 3979 4353 4026 ec-

2400 4053 2635 4120 clesiae
2678 4061 2942 4118 nostrae
2985 4050 3423 4134 exagitentur,
3468 4048 3643 4130 quod
3690 4049 3834 4113 sine
3874 4067 4132 4112 summo
4177 4067 4354 4112 moe-

2401 4160 2548 4203 rore
2570 4160 2839 4205 cernere
2861 4160 2996 4203 non
3032 4157 3384 4220 possemus,
3423 4135 3623 4199 huius
3660 4154 3889 4199 causae
3919 4131 4355 4216 patrocinium

2400 4225 2798 4307 suscipiatis,
2875 4233 3197 4307 quatenus
3250 4223 3365 4287 toti
3430 4221 3736 4286 ecclesiae
3803 4227 3905 4284 est
3969 4218 4350 4285 communis.

2401 4311 2573 4375 Nam
2621 4312 2743 4375 hoc
2788 4333 2989 4375 unum
3035 4311 3316 4393 petimus
3360 4317 3436 4372 ut
3482 4306 3583 4373 vel
3627 4327 3860 4371 veram
3907 4302 4157 4371 Christi
4202 4302 4351 4367 ‹loc-

2402 4397 2642 4461 trinam
2686 4395 2874 4461 nobis
2917 4397 3237 4460 adversus
3271 4395 3430 4459 istos
3467 4414 3758 4458 asserere
3794 4391 4001 4466 liceat,
4048 4391 4152 4454 vel
4194 4390 4353 4452 isto·

2401 4505 2549 4548 rum
2612 4482 2974 4566 petulantia
3033 4491 3439 4558 coerceatur,
3500 4489 3572 4543 ut
3627 4478 3815 4543 nobis
3861 4475 4029 4541 nihil
4084 4493 4351 4539 necesse

2401 4570 2490 4635 sit
2532 4569 2848 4637 adversus
2892 4591 3002 4634 eos
3045 4566 3458 4644 contendere,
3502 4564 3610 4630 vol
3655 4571 3833 4630 certe
3878 4562 3988 4627 isti
4033 4581 4154 4626 nos
4194 4560 4354 4625 hae-

2402 4656 2636 4722 reticos
2682 4676 2814 4720 non
2858 4662 3119 4719 tantum
3177 4651 3461 4717 clament
3504 4649 3618 4716 sed
3663 4649 3862 4714 etiam
3909 4645 4131 4712 solidis
4176 4648 4352 4711 testi-

2401 4742 2642 4807 moniis
2681 4742 3095 4816 convincant,
3140 4752 3217 4803 ut
3251 4759 3472 4803 errore
3509 4735 3839 4801 intellecto
3874 4733 4351 4814 resipiscamus.

2402 4827 2633 4911 Neque
2677 4828 2874 4906 enim,
2918 4846 3003 4891 ne
3048 4826 3370 4903 nesciatis,
3417 4823 3497 4887 de
3542 4822 3677 4887 solo
3720 4819 3834 4884 illo
3879 4821 4092 4902 capite
4136 4837 4354 4916 repro-

2401 4913 2684 4980 bationis
2752 4914 3001 4997 agitur,
3066 4912 3183 4976 sed
3245 4908 3473 4993 religio
3537 4907 3619 4972 ab
3683 4905 3843 4990 ipsis
3908 4902 4354 5001 fundamentis

2404 5000 2743 5078 evertitur,
2789 5001 2959 5064 sicut
3001 5019 3075 5063 re
3116 4999 3257 5080 ipsa
3295 4993 3713 5078 cognoscetis,
3773 4993 3830 5058 si
3873 4989 4075 5057 semel
4118 4988 4353 5054 infelix

2403 5086 2515 5152 ille
2578 5087 2771 5150 huius
2826 5082 3198 5169 tragoediae
3258 5093 3447 5146 autor
3505 5100 3546 5145 a
3604 5079 3787 5143 vobis
3840 5075 4161 5141 audiatur.
4263 5074 4351 5138 In

2402 5194 2663 5239 summa
2698 5173 2789 5238 sic
2819 5171 3080 5237 habete:
3126 5168 3278 5233 Non
3305 5165 3640 5231 Calvinum
3685 5161 3882 5249 (quod
3921 5171 4138 5228 tamen
4177 5169 4355 5259 certe

2402 5257 2749 5344 indignum
2786 5265 2987 5335 esset)
3024 5254 3137 5322 sed
3174 5264 3433 5319 nostras
3468 5250 3778 5318 ecclesias
3802 5248 4055 5316 Calvini
4087 5267 4353 5313 nomme

2403 5345 2487 5412 ab
2529 5345 2678 5412 istis
2698 5343 2986 5412 Satanae
3029 5339 3383 5410 emissariis
3424 5340 3593 5424 peti:
3650 5356 3764 5406 eas
3790 5336 3997 5423 igitur
4039 5350 4352 5420 rogamus
