4850 6200
530 456 659 517 4⁷5

538 637 757 705 subita
796 658 991 721 quam
1014 639 1371 704 necessaria
1408 649 1549 703 erat
1585 639 1889 722 migratio
1934 662 2018 705 ex
2051 635 2467 724 inhosp[itali

541 721 865 812 Tub]inga
921 770 1357 789 ........
1402 725 1853 807 intercipiente
1909 725 2145 811 hyeme
2200 746 2469 808 cogerer

538 809 682 876 eine
725 808 915 875 domo
958 809 1040 874 ad
1062 809 1256 875 finem
1294 830 1494 892 usque
1528 811 1699 875 veris
1742 814 2074 894 sequentis
2106 831 2467 884 remanere,

538 896 793 962 conscio
835 904 902 959 et
943 892 1393 960 dissimulante
1437 897 1640 977 prinei
1727 947 1742 974 ,
1786 898 1897 979 qui
1939 898 2069 962 iam
2115 896 2198 962 ad
2241 895 2467 962 turbas

538 979 837 1046 vitandas
869 979 1079 1045 locum
1118 981 1277 1045 mihi
1316 1004 1354 1046 a
1389 981 1566 1045 Maio
1604 917 1832 1046 ultimo
1869 981 1974 1047 hic
2021 991 2385 1065 paraverat.
2414 986 2466 1062 ¹)

536 1065 688 1132 Non
727 1066 1031 1132 timebam
1088 1066 1250 1130 mihi
1296 1089 1335 1132 a
1388 1066 1594 1132 turbis
1654 1067 1768 1133 sed
1812 1068 2108 1151 principi,
2168 1068 2290 1133 hoc
2348 1076 2466 1146 est,

535 1173 622 1217 ne
656 1152 812 1235 ipse,
855 1151 1027 1234 quod
1069 1173 1184 1235 per
1227 1173 1379 1217 suos
1425 1154 1638 1227 tacite,
1699 1152 1959 1218 tandem
2010 1163 2252 1236 aperte,
2312 1174 2465 1219 con-

535 1247 936 1321 quereretur.
979 1246 1219 1301 statum
1264 1260 1422 1303 suae
1467 1240 1729 1321 potioris
1773 1240 1952 1304 urbis
2006 1261 2121 1323 per
2164 1260 2268 1304 me
2328 1250 2464 1303 tur-

533 1321 689 1388 bari.
780 1321 1141 1388 Vincebam
1179 1323 1381 1399 facile,
1428 1336 1493 1388 et
1550 1345 1680 1388 non
1725 1324 1917 1389 modo
1973 1326 2294 1390 saniorem
2351 1324 2465 1389 sed

533 1409 847 1475 maiorem
883 1409 1078 1472 etiam
1115 1409 1505 1475 scholarium
1533 1420 1783 1491 partem
1822 1431 2073 1476 mecum
2122 1411 2464 1476 habebam:

533 1494 649 1560 sed
693 1494 1082 1577 professores
1104 1513 1331 1560 omnes
1365 1504 1432 1559 et
1474 1493 1738 1560 ditiores
1771 1496 1949 1561 cives
1984 1518 2130 1562 cum
2168 1497 2468 1561 omnibus

535 1580 760 1646 aulicis
802 1588 868 1643 et
909 1580 1043 1645 fere
1087 1581 1402 1645 ministris
1446 1591 1672 1646 contra
1716 1603 1817 1646 me
1862 1592 2066 1646 erant.
2159 1582 2247 1646 Et
2283 1603 2467 1646 vere-

532 1665 652 1730 bar
695 1687 777 1729 ne
800 1667 926 1730 iam
954 1665 1235 1748 gliscens
1257 1666 1588 1748 tragoedia
1632 1668 1696 1731 in
1723 1670 2084 1749 graviorem
2121 1669 2465 1733 scissuram

535 1751 865 1827 (inchoato
921 1752 1140 1815 fructu
1195 1754 1459 1827 amisso)
1517 1753 1742 1829 exiret,
1798 1753 1852 1817 si
1908 1754 2036 1817 iam
2095 1775 2134 1817 a
2175 1754 2468 1837 principe

535 1834 879 1902 derelictus
898 1839 954 1920 2)
998 1837 1340 1901 manifeste
1374 1838 1748 1920 expellerer.
1816 1839 2046 1922 Itaque
2089 1842 2467 1922 praevenire

532 1922 755 1999 malui,
801 1944 997 2005 quum
1043 1922 1240 1986 etiam
1295 1945 1419 1987 non
1470 1923 1680 1988 solum
1726 1923 2226 1990 advenientibus
2281 1924 2466 1990 audi-

535 2007 806 2084 toribus,
850 2006 962 2073 sed
1009 2010 1202 2071 etiam
1264 2010 1709 2093 typographis,
1769 2032 1885 2094 pro
1933 2012 2169 2094 quibus
2229 2012 2468 2076 frustra

536 2112 761 2158 mense
802 2093 995 2157 Iunio
1041 2106 1104 2157 et
1131 2093 1299 2159 Iulio
1336 2094 1691 2161 fideiubere
1729 2097 1923 2173 volui,
1970 2099 2147 2162 locus
2185 2097 2465 2180 denega-

532 2186 734 2244 retur.
821 2180 913 2243 Et
955 2180 1219 2243 interim
1262 2181 1558 2245 futurum
1602 2194 1742 2246 erat
1783 2191 1860 2246 ut
1901 2184 2469 2265 interpretationes

533 2283 720 2329 meae
773 2264 1137 2348 analyticae
1194 2265 1275 2329 ab
1347 2267 1492 2331 aliis
1556 2267 1916 2350 suppilatae
1972 2269 2467 2345 excuderentur,

534 2360 610 2414 ut
664 2350 796 2415 iam
853 2352 1090 2433 partim
1156 2360 1455 2434 coeptum
1512 2364 1627 2418 est.
1652 2358 1709 2423 ⁸)
1829 2355 1974 2419 Non
2044 2364 2185 2419 erat
2248 2355 2469 2418 fervor

533 2436 676 2501 miti
765 2445 887 2513 tus,
943 2437 1059 2502 sed
1119 2440 1511 2521 temporaria
1567 2439 1896 2522 hypocrisi
1956 2442 2156 2505 semel
2211 2442 2468 2505 velatus

531 2521 604 2586 in
646 2544 689 2586 u
718 2523 875 2586 tima
910 2524 1311 2606 promotione
1370 2524 1565 2588 biduo
1620 2525 1997 2608 priusquam
2054 2525 2468 2602 discederem,

533 2616 609 2671 ut
673 2608 870 2672 etiam
949 2608 1030 2673 D.
1099 2608 1472 2676 Isemamms
1491 2615 1545 2689 ⁴)
1613 2610 1774 2676 mihi
1837 2609 2033 2688 dixit,
2113 2613 2259 2677 illos
2338 2634 2469 2676 non

534 2702 766 2777 sponte
809 2694 1038 2771 fucere,
1086 2695 1199 2760 sod
1245 2711 1545 2761 verentes
1585 2697 1832 2762 abitum
1869 2721 2107 2776 meum,
2153 2700 2283 2762 iam
2319 2709 2471 2763 ante

534 2779 864 2845 octiduum
912 2780 1305 2865 evulgatum,
1353 2782 1422 2846 in
1467 2804 1689 2848 eorum
1734 2784 2068 2850 infamiam
2113 2806 2228 2867 per
2267 2794 2470 2850 totam

534 2864 958 2930 Germaniam
1015 2866 1400 2932 redundare.
1498 2869 1589 2932 Et
1652 2890 1808 2935 vero
1881 2868 1916 2949 ἦ
1985 2871 2294 2957 παῤῥησία
2356 2871 2474 2949 po&

533 2958 759 3017 contra
802 2951 1085 3016 schisma
1124 2962 1191 3016 et
1234 2951 1683 3035 ubiquitatem,
1706 2958 1756 3033 ⁸)
1801 2966 1866 3021 et
1910 2958 2207 3041 apologia
2249 2977 2395 3021 mea
2416 2956 2470 3040 ⁸)

533 3035 687 3116 πρὸς
728 3035 827 3098 τὸν
869 3037 1148 3120 Ἄρχοντα
1196 3038 1369 3103 feriis
1425 3040 1702 3123 paschae
1757 3042 1829 3107 in
1872 3063 2066 3109 causa
2121 3044 2243 3108 fuit
2288 3053 2358 3108 ut
2415 3043 2471 3109 is

535 3124 768 3187 volens
824 3124 895 3187 in
960 3125 1172 3189 causis
1236 3133 1493 3190 tantum
1558 3148 1705 3191 mea
1759 3150 1954 3211 opera
2012 3131 2125 3208 uti,
2181 3131 2306 3195 hac
2365 3151 2470 3195 me

537 3206 927 3284 destinaret,
997 3219 1065 3273 et
1126 3212 1459 3292 coeperint
1523 3213 1716 3277 aulici
1785 3215 2034 3280 consilii
2093 3216 2471 3299 principalis

535 3302 878 3376 praetextu
921 3295 1193 3360 infinitis
1242 3298 1710 3378 λεπτογημᾰτοις,
1736 3305 1767 3338 '⁸'
1822 3322 2026 3385 usque
2079 3300 2162 3366 ad
2222 3301 2472 3368 libellos

536 3400 573 3444 e
617 3379 846 3463 gallico
892 3380 960 3444 in
1004 3381 1282 3447 latinum
1330 3384 1690 3462 vertendos,
1733 3385 2042 3453 intricare
2078 3399 2153 3453 ut
2202 3407 2242 3452 a
2284 3410 2471 3454 seve-

539 3464 820 3530 rioribus
865 3487 1189 3532 avocarer.
1279 3469 1386 3534 Ab
1428 3470 1607 3536 exitu
1653 3474 1901 3554 patriae
1945 3496 2076 3539 non
2119 3487 2250 3538 tam
2305 3475 2472 3539 laete

536 3549 818 3617 iucunde
863 3563 928 3616 et
975 3552 1326 3619 salubriter
1392 3556 1688 3622 habitavi
1751 3565 1824 3623 ut
1891 3559 2088 3639 hic‚'¹)
2153 3583 2271 3627 nec
2338 3570 2473 3625 tam

537 3637 816 3702 solidum
861 3638 1059 3704 habui
1102 3642 1324 3705 otium.
1429 3642 1571 3708 Hac
1628 3645 1693 3709 in
1739 3665 1811 3709 re
1858 3657 2125 3729 uterque
2169 3648 2471 3730 princeps

535 3722 822 3820 pollicita
865 3724 1238 3807 plenissime
1280 3731 1763 3811 praestiterunt,
1809 3732 2073 3815 reliquis
2117 3734 2471 3815 potioribus

529 3828 604 3873 m
662 3830 852 3874 auras
914 3812 1450 3878 evanescentibus
1510 3827 1638 3880 tam
1699 3817 1779 3881 de
1834 3817 2085 3884 familia
2138 3840 2331 3902 quam
2391 3819 2471 3884 de

535 3979 618 3993 ὀ-

536 4080 719 4137 2184.
741 4085 796 4148 1)
835 4085 1027 4140 Etiam
1060 4086 1188 4142 hinc
1222 4089 1420 4154 efficies
1456 4097 1694 4144 autorem
1727 4093 1877 4146 Vitae
1899 4092 2170 4147 Molinaei
2202 4093 2305 4158 (N.
2330 4093 2469 4148 2129

530 4161 645 4207 not.
678 4152 736 4220 5)
783 4155 844 4206 in
890 4160 1185 4224 temporum
1231 4162 1445 4224 ratione
1497 4161 1860 4227 compatiendo
1906 4177 2130 4216 masse.
2215 4163 2470 4231 Haaqsus

528 4235 569 4275 ο
602 4236 729 4276 vero
761 4224 976 4289 loaysae
1023 4227 1185 4279 etiam
1231 4227 1380 4280 abest
1495 4245 1582 4281 um
1654 4229 1986 4285 Melinum
2036 4249 2102 4286 m.
2160 4232 2317 4287 Maio
2362 4232 2468 4287 Tu·

525 4289 697 4427 {tinga
727 4295 1016 4348 secessim
1047 4300 1097 4347 et
1136 4293 1355 4350 Octobri·
1456 4298 1839 4366 onbelyardam
1870 4300 2144 4370 appulisse
2176 4300 2309 4357 dicit
2342 4301 2468 4369 (IV.

735 4428 797 4492 2)
890 4430 1002 4485 uod
1032 4446 1092 4485 er
1194 4449 1309 4502 epse
1345 4449 1541 4503 nouare
1572 4437 1771 4506 nequit.

736 4497 797 4581 3.)
853 4570 865 4581 ο
900 4501 1018 4554 obis
1043 4449 1227 4582 pai-es
1272 4502 1558 4558 Tractatns
1602 4505 1854 4576 analytici
1907 4512 1957 4562 et
1991 4506 2224 4563 Consilia
2281 4518 2339 4563 et
2383 4525 2467 4563 re·

528 4579 728 4636 sponsa
763 4584 896 4621 iuris
931 4571 1204 4640 analytica
1233 4571 1700 4640 Molinaei'stanie
1735 4574 1870 4630 1556
1902 4582 2112 4648 κίσσῃ.
2145 4593 2347 4635 mcum
2379 4579 2465 4632 ia-

523 4643 832 4693 notuerunt.

731 4703 792 4772 4)
835 4706 1313 4775 Saevo-Halesum,
1332 4708 1762 4779 Brenn-{iconem
1786 4720 1973 4782 poema
2016 4714 2468 4783 mundns
2577 4760 2629 4766 --

525 4775 798 4841 amalis
842 4774 1212 4861 Tubiqunsio,
1245 4794 1311 4860 α..
1333 4776 1472 4832 15⁷4
1502 4781 1627 4844 fato
1657 4783 1898 4863 functas.
2062 4852 2074 4864 ο
2209 4853 2219 4863 ·
2371 4855 2381 4865 .

669 4913 677 4922 ι
732 4843 1398 4996 5);Ιῖἕοῖωοᾝ2ειιιια
1446 4851 1902 5002 “petulantiam
1962 4858 2246 4920 ammom
2315 4851 2468 4908 Vuae

579 5117 589 5127 .
732 4981 795 5114 ξ)
815 4989 1101 5132 ,abusu-bolom
1041 4987 1892 5140 Ἢᾶξιοῗωιξὺοφῖξηῖεακοῖἇῗι
1917 5003 2272 5112 xviima-vnctus
2291 5058 2469 5139 fuisse

527 5117 744 5239 vedetur&
718 5121 1105 5252 ωὲιωῗῖἐοέο
1117 5124 1615 5274 mazaram
1648 5125 1909 5193 audoene,
2071 5141 2186 5179 eam
2215 5143 2283 5179 m.
2306 5126 2467 5180 Maso

707 5257 958 5340 Autome
1001 5276 1122 5314 cun
1157 5260 1443 5317 lauderico
1641 5269 1839 5345 oracio
1883 5266 1999 5317 dus
2045 5279 2293 5345 sororem·
2318 5264 2466 5319 Bar·

522 5321 712 5407 brana
752 5324 961 5449 (ξυνα
1035 5329 1647 5455 mm&
1685 5331 2042 5389 nachon-ztan·
2086 5333 2326 5399 deducu,
2369 5335 2469 5390 ubo·

2029 446 2550 517 EPIS'POLAE
2597 449 3016 511 2134-2135

1632 5195 2465 5264 eaCasoells-sfuiueperhfflet
2568 5215 2733 5256 cem

4380 450 4508 510 476

2571 634 2822 711 schola,
2890 655 3084 720 quam
3143 635 3223 702 de
3290 634 3740 722 typographia.
3831 635 4005 724 [Iam
4030 639 4084 719 ⁸)
4138 638 4313 705 clare
4360 637 4508 704 vide

2568 721 2729 787 istos
2773 722 3096 805 principes
3131 719 3197 785 id
3242 743 3435 807 agere
3479 730 3553 788 ut
3595 722 3964 806 sepeliatur,
4012 733 4088 789 ut
4128 723 4250 789 sub
4295 722 4508 790 modio

2570 805 2927 872 occultetur
2969 812 3210 889 ἐναργία
3230 810 3286 886 ⁹)
3330 807 3445 874 illa
3485 830 3679 891 quam
3729 808 3893 873 mihi
3950 806 4131 874 dedit
4179 806 4388 886 Deus,
4441 816 4510 875 et

2569 892 2908 959 ostendere
2971 895 3148 975 cupit
3215 893 3540 977 Tubinga:
3610 905 3677 959 et
3754 917 3905 960 suas
3968 906 4228 960 tantum
4281 915 4509 962 causas

2569 977 2891 1044 ferentem
2933 978 3231 1063 indigent
3273 990 3348 1043 nt
3391 991 3542 1043 ante
3588 984 3667 1043 30
3726 1001 3933 1045 annos
3990 1001 4169 1046 eram
4213 981 4504 1046 Parisiis.

2568 1064 2799 1147 Itaque
2844 1084 3074 1131 rursus
3119 1085 3453 1149 emergere
3496 1066 3727 1144 enitor,
3786 1066 3992 1132 falsus
4036 1088 4111 1131 ca
4171 1086 4368 1151 quam
4428 1066 4507 1133 de

2570 1151 2663 1215 eis
2706 1151 3072 1232 opinionem
3114 1171 3537 1234 conceperam
3573 1152 3970 1217 Lausannae
4005 1174 4087 1217 ex
4124 1152 4509 1218 Tridentina

2569 1233 3018 1321 confessione}
3130 1234 3352 1317 Quare
3406 1238 3617 1302 tribus
3670 1236 4093 1303 hebdomadis
4165 1248 4508 1322 postquam

2570 1320 2805 1387 Comes
2849 1324 3034 1387 venit
3076 1334 3262 1387 sexto
3308 1321 3575 1388 Galend.
3619 1322 3897 1389 Martias
3942 1323 4180 1389 diserte
4226 1333 4507 1390 tractare

2570 1409 2748 1489 coepi
2793 1416 2861 1471 et
2905 1406 2983 1471 de
3030 1408 3270 1491 scripto
3308 1406 3453 1472 dedi
3493 1409 3779 1474 rationes
3815 1408 4050 1492 quibus
4086 1408 4510 1475 dimittendus

2571 1514 2715 1558 sum
2762 1502 2835 1556 ut
2877 1493 3315 1575 Argentinam
3362 1505 3668 1577 repetam,
3715 1496 3844 1571 ubi,
3901 1495 4162 1578 quando
4216 1495 4325 1561 hic
4384 1516 4509 1561 non

2570 1579 2739 1655 licet,
2784 1600 2931 1644 cum
2980 1598 3132 1644 voce
3169 1582 3321 1644 viva
3367 1581 3901 1663 typographicam
3947 1582 4234 1665 iungam.
4337 1582 4508 1647 Tum

2570 1685 2704 1728 non
2750 1664 3097 1747 profitebor
3139 1664 3271 1730 illic
3315 1686 3558 1730 annum
3606 1667 3763 1749 quin
3802 1678 4069 1732 senatus
4149 1688 4219 1730 ro
4261 1666 4511 1732 familia

2570 1748 2856 1815 eruenda
2914 1758 3067 1830 agat
3122 1772 3267 1817 cum
3326 1751 3526 1835 Rege.
3580 1754 3685 1834 qui
3748 1774 3879 1817 non
3934 1688 4194 1817 audebit
4246 1774 4329 1818 ne
4491 1804 4505 1817 .

2572 1837 2736 1900 Eam
2783 1837 2911 1900 iam
2960 1835 3260 1901 haberem
3306 1839 3361 1901 si
3402 1837 3587 1901 illinc
3622 1859 3749 1903 non
3795 1837 4250 1903 discessissem.
4395 1860 4510 1922 pes

2571 1942 2740 2004 quae
2779 1942 2884 1985 me
2932 1936 3379 1987 transversum
3423 1925 3556 2004 egit
3612 1945 3686 1987 eo
3732 1945 3835 1988 me
3894 1934 4174 1990 revocat.
4280 1922 4510 1990 Sentio

2576 2005 2930 2072 Marlacum
2996 2017 3062 2071 et
3130 2006 3518 2073 Fraxineum
3575 2007 3849 2074 Curiae‘
3884 2010 4322 2075 Rhaetorum:
4395 2008 4510 2075 sed

2572 2091 2882 2176 quidquid
2928 2092 3136 2158 aulice
3180 2098 3448 2176 spirent,
3494 2096 3547 2159 si
3595 2118 3709 2159 rex
3756 2097 4068 2172 iussisset,
4115 2117 4263 2160 cum
4302 2095 4512 2161 libera

2574 2179 2890 2243 bonorum
2931 2180 3280 2256 evectione,
3346 2181 3531 2246 facile
3589 2201 3758 2245 uxor
3806 2181 4017 2247 vellet.
4046 2185 4131 2253 ¹⁰)
4234 2181 4325 2246 Et
4379 2183 4508 2247 scio

2572 2278 2781 2328 artem
2826 2286 2953 2347 qua
3000 2265 3326 2330 volentem
3374 2267 3475 2330 vel
3520 2268 3795 2331 invitam
3840 2266 4273 2332 extraherem.
4333 2267 4509 2348 Quid

2570 2352 2744 2414 enim
2791 2360 2967 2414 vetat-
3010 2352 3359 2433 quominus
3397 2373 3542 2416 mea
3577 2374 3693 2434 per
3727 2363 4213 2436 procuratorem
4258 2352 4361 2418 vel
4406 2374 4510 2420 me

2571 2436 2805 2518 ipsum,
2868 2437 2921 2501 si
2978 2458 3138 2519 opus
3195 2444 3381 2517 esset,
3442 2436 3787 2503 venderem
3850 2446 3915 2503 et
3968 2439 4205 2505 liberos
4263 2440 4511 2505 abstra-

2572 2521 2843 2585 herem?
2956 2521 3133 2602 Quid
3192 2532 3331 2588 tum
3387 2523 3499 2587 illa
3555 2524 3739 2588 sola?
3839 2524 3973 2590 Sed
4032 2525 4184 2608 quia
4238 2523 4320 2589 ab
4377 2524 4508 2603 illa,

2572 2630 2700 2672 non
2737 2607 2936 2691 regia,
2982 2607 3094 2672 sed
3141 2609 3646 2676 connestabiliea
3689 2624 3754 2674 et
3796 2610 4207 2675 cardinalitia
4249 2610 4513 2694 repulsa

2574 2694 2893 2776 desperat,
2938 2694 3029 2758 sic
3076 2695 3355 2777 loquitur
3417 2711 3479 2759 et
3523 2697 3615 2759 sic
3659 2696 3922 2760 interim
3967 2697 4246 2761 afficitur
4303 2710 4513 2761 muta-

2576 2780 2724 2845 bilis
2768 2780 3007 2863 pagina
3049 2781 3330 2844 inversa.
3406 2781 3466 2845 N
3470 2802 3556 2846 on
3601 2780 3794 2847 debes
3838 2790 3976 2846 tam
4022 2783 4206 2848 facile
4249 2781 4515 2848 credere

2576 2865 2835 2931 aulicis:
2881 2887 3042 2949 quos
3085 2866 3250 2930 scire
3296 2865 3488 2932 debes
3533 2888 3674 2932 esse
3718 2868 4104 2951 compositos
4145 2868 4227 2933 ad
4272 2880 4515 2933 stoma·

2576 2951 2772 3018 chum
2827 2972 3052 3017 eorum
3110 2952 3222 3034 qui
3281 2964 3558 3036 regnant
3616 2954 3685 3018 in
3745 2953 3912 3031 aula,
3970 2965 4084 3019 aut
4138 2954 4369 3019 saltem
4425 2956 4519 3021 sic

2576 3037 2768 3122 loqui,
2812 3038 3047 3122 quibus
3093 3039 3306 3104 exitus
3343 3038 3454 3104 ille
3498 3061 3630 3105 non
3662 3039 3906 3124 placet:
3954 3038 4125 3124 qnod
4164 3040 4287 3107 nisi
4327 3040 4519 3106 time-

2578 3136 2725 3190 rent
2780 3137 3127 3200 eventum,
3196 3147 3323 3189 non
3393 3124 3832 3192 detrectarent
3888 3128 4171 3211 experiri
4238 3126 4521 3196 liberum

2576 3211 2778 3276 semel
2824 3208 3235 3277 concedendo
3280 3212 3549 3276 exitum.
3638 3213 3809 3277 'Pum
3848 3212 3970 3276 hoc
4012 3233 4317 3279 concesso
4361 3211 4517 3297 quid

2577 3296 2843 3361 dubium
2888 3297 3043 3379 quin
3089 3298 3225 3378 ipse
3270 3298 3469 3361 semel
3509 3318 3761 3379 possem
3799 3298 4001 3364 libere
4044 3299 4138 3366 ire
4181 3307 4249 3364 et
4286 3298 4519 3364 redire.

2748 3383 2977 3447 Mense
3046 3381 3237 3447 Iunio
3264 3385 3347 3454 ιι)
3416 3383 3743 3450 Martinus
3813 3383 4072 3450 Frectus
4141 3383 4518 3451 licentiatus

2575 3466 2939 3533 ordinarius
2989 3467 3326 3552 theologus
3378 3471 3773 3553 farraginem
3804 3472 3885 3548 12)
3940 3470 4122 3537 illam
4164 3471 4328 3536 mihi
4382 3480 4519 3535 tra-

2577 3552 2741 3618 didit
2784 3575 3021 3638 rogans
3068 3563 3142 3618 ut
3183 3555 3488 3638 legerem,
3535 3571 3601 3620 et
3645 3554 3797 3639 quid
3845 3557 4154 3623 sentirem
4212 3555 4516 3623 dicerem.

2575 3639 3039 3723 Sperabatme
3082 3640 3152 3705 in
3176 3660 3318 3704 eam
3364 3643 3753 3707 sententiam
3776 3643 4055 3722 flectere,
4101 3651 4215 3707 aut
4256 3643 4517 3721 amicos,

2575 3735 2642 3791 et
2697 3726 2893 3809 paulo
2959 3735 3306 3810 antequam
3364 3727 3760 3795 discederem
3829 3730 3884 3793 ei
3953 3728 4225 3806 reddidi,
4292 3728 4520 3795 dicens

2577 3812 2846 3895 probare
2888 3833 2993 3876 me
3037 3833 3114 3877 ea
3155 3832 3320 3895 quae
3366 3812 3536 3880 linea
3594 3813 3940 3899 marginali
3992 3827 4309 3894 notatam,
4362 3813 4518 3879 reli·

2574 3919 2703 3982 qua
2748 3919 2958 3983 nugas
3003 3905 3070 3962 et
3110 3903 3469 3979 λογομαχίας
3513 3898 3762 3966 ducere.
3852 3897 4095 3965 Audivi
4132 3900 4315 3966 illum
4361 3919 4516 3965 con·

2575 3995 2955 4068 querentem
3003 4003 3072 4049 se
3114 3985 3374 4051 audisse
3417 3983 3744 4066 ἀντιλογίαν
3777 4006 3816 4050 a
3860 3995 3924 4052 te
3960 3988 4194 4069 parari,
4241 3993 4306 4053 et
4341 3985 4517 4070 quod

2573 4068 2727 4135 inde
2774 4070 3053 4135 multum
3100 4070 3346 4136 nomini
3407 4081 3517 4136 tuo
3577 4071 3953 4137 detraheres
4007 4071 4073 4136 in
4135 4072 4515 4137 Germania.

2574 4153 2710 4221 Sed
2749 4155 3030 4221 falletur.
3098 4156 3366 4222 Veritas
3407 4158 3645 4235 vincet,
3689 4167 3757 4223 et
3791 4158 3923 4223 scio
3967 4158 4292 4243 principes
4312 4158 4519 4224 etiam

2571 4242 2953 4325 praecipuos
2998 4242 3411 4321 Germaniae,
3457 4243 3566 4326 qui
3612 4242 3772 4308 mihi
3815 4245 3986 4311 circa
4026 4243 4270 4328 pascha
4305 4244 4517 4327 scrip-

2571 4335 2801 4392 serunt
2843 4327 3015 4410 quod
3038 4328 3349 4393 sentirem
3374 4338 3567 4408 recte,
3613 4327 3728 4396 sed
3751 4329 4044 4394 nondum
4067 4339 4511 4413 tempusesse.

2573 4411 2981 4478 Pharaonem
3030 4423 3340 4480 verentur
3382 4417 3511 4499 qui,
3567 4435 3763 4498 quam
3809 4434 3941 4481 non
3985 4425 4198 4499 potest
4248 4416 4519 4481 omnino

2572 4495 2901 4599 subige[re
2946 4546 3757 4566 ..............
3762 4498 3790 4588 ]
3868 4502 4049 4566 niam
4127 4522 4212 4565 ex
4277 4500 4518 4567 ultimo

2573 4581 2783 4668 elogio
2824 4585 3008 4668 impii
3057 4583 3408 4651 Granvellii
3449 4597 3517 4654 et
3559 4588 3857 4672 exemplo
3900 4599 4234 4670 apostatae
4268 4585 4519 4654 Iuliani

2838 4759 2977 4766 -ῳ

2773 4855 2836 4922 8)
2870 4857 3024 4940 Haec
3055 4860 3118 4913 in
3155 4861 3400 4927 momine
3435 4875 3603 4914 manu
3632 4863 3878 4931 propria.

2739 4924 2836 5061 13}
2873 4942 3026 5051 runem
3058 4998 3196 5050 eatis
3229 4995 3451 5061 confuse
3483 5003 3533 5050 et
3566 4998 3789 5053 obscure
3822 4999 3986 5053 dicta.
4058 4995 4317 5056 Brodeau
4350 5015 4402 5068 p.
4438 4998 4519 5053 29

2569 5069 2731 5118 autor
2764 5071 2859 5129 est,
2893 5080 3118 5119 uxorem
3155 5064 3488 5120 Ludovicam
3525 5065 3593 5120 de
3620 5066 3843 5130 Βεὶάοη,
3880 5084 4020 5137 quae
4053 5082 4222 5139 usque
4261 5067 4521 5123 Lutetiae

2567 5139 2935 5202 remanserat,
2984 5134 3037 5188 ei
3087 5133 3401 5202 scripsisse.-
3476 5133 3673 5204 Regem
3722 5136 3953 5190 reditum
4005 5137 4229 5192 ubam
4281 5139 4335 5190 ei
4382 5153 4519 5192 eon-

2734 5215 2834 5332 ᾖ.)
2874 5267 3024 5324 1554
3101 5269 3366 5326 stacam
3411 5288 3463 5326 a.
3513 5269 3649 5326 1550
3692 5278 3909 5330 creatus
3946 5274 4135 5342 fuerat
4170 5274 4317 5344 prof.
4353 5274 4525 5331 theol.

2578 5335 2857 5475 Minlqff
2883 5339 3204 5477 gezem
3235 5339 3704 5409 stipendiatus-um.
