<?xml version="1.0" encoding="UTF-8"?>
<!DOCTYPE html PUBLIC "-//W3C//DTD XHTML 1.0 Transitional//EN"
    "http://www.w3.org/TR/xhtml1/DTD/xhtml1-transitional.dtd">
<html xmlns="http://www.w3.org/1999/xhtml" xml:lang="en" lang="en">
 <head>
  <title>
</title>
<meta http-equiv="Content-Type" content="text/html;charset=utf-8" />
  <meta name='ocr-system' content='tesseract 3.04.00' />
  <meta name='ocr-capabilities' content='ocr_page ocr_carea ocr_par ocr_line ocrx_word'/>
</head>
<body>
  <div class='ocr_page' id='page_1' title='image "./ioanniscalvinio09unkngoog_0046.png"; bbox 0 0 4850 6200; ppageno 0'>
   <div class='ocr_carea' id='block_1_1' title="bbox 22 114 43 2133">
    <p class='ocr_par' dir='ltr' id='par_1_1' title="bbox 22 114 43 2133">
     <span class='ocr_line' id='line_1_1' title="bbox 22 114 43 2133; baseline 0 0"><span class='ocrx_word' id='word_1_1' title='bbox 22 114 43 2133; x_wconf 95' lang='lat' dir='ltr'><strong> </strong></span> 
     </span>
    </p>
   </div>
   <div class='ocr_carea' id='block_1_2' title="bbox 541 461 4552 537">
    <p class='ocr_par' dir='ltr' id='par_1_2' title="bbox 541 461 4552 537">
     <span class='ocr_line' id='line_1_2' title="bbox 541 461 4552 537; baseline -0.002 -1"><span class='ocrx_word' id='word_1_2' title='bbox 541 474 623 537; x_wconf 77' lang='lat'><strong>87</strong></span> <span class='ocrx_word' id='word_1_3' title='bbox 2030 461 2557 531; x_wconf 78' lang='lat' dir='ltr'>EPISTOLAE</span> <span class='ocrx_word' id='word_1_4' title='bbox 2609 467 3026 530; x_wconf 82' lang='lat'>1932—1934</span> <span class='ocrx_word' id='word_1_5' title='bbox 4467 468 4552 531; x_wconf 78' lang='lat'><strong>88</strong></span> 
     </span>
    </p>
   </div>
   <div class='ocr_carea' id='block_1_3' title="bbox 537 649 2502 2455">
    <p class='ocr_par' dir='ltr' id='par_1_3' title="bbox 537 649 2502 2455">
     <span class='ocr_line' id='line_1_3' title="bbox 537 649 2500 739; baseline -0.007 -11"><span class='ocrx_word' id='word_1_6' title='bbox 537 663 758 728; x_wconf 77' lang='lat' dir='ltr'><strong>forum</strong></span> <span class='ocrx_word' id='word_1_7' title='bbox 775 709 792 738; x_wconf 88' lang='lat'>‚</span> <span class='ocrx_word' id='word_1_8' title='bbox 855 658 1065 726; x_wconf 92' lang='lat' dir='ltr'><strong>donec</strong></span> <span class='ocrx_word' id='word_1_9' title='bbox 1127 655 1415 723; x_wconf 90' lang='lat' dir='ltr'><strong>ministri</strong></span> <span class='ocrx_word' id='word_1_10' title='bbox 1474 652 1690 739; x_wconf 87' lang='lat' dir='ltr'><strong>palam</strong></span> <span class='ocrx_word' id='word_1_11' title='bbox 1750 652 2160 720; x_wconf 87' lang='lat' dir='ltr'><strong>declararent</strong></span> <span class='ocrx_word' id='word_1_12' title='bbox 2209 672 2279 718; x_wconf 90' lang='lat' dir='ltr'><strong>se</strong></span> <span class='ocrx_word' id='word_1_13' title='bbox 2322 649 2500 716; x_wconf 86' lang='lat' dir='ltr'><strong>nolle</strong></span> 
     </span>
     <span class='ocr_line' id='line_1_4' title="bbox 538 735 2499 831; baseline -0.007 -17"><span class='ocrx_word' id='word_1_14' title='bbox 538 746 828 831; x_wconf 88' lang='lat' dir='ltr'><strong>amplius</strong></span> <span class='ocrx_word' id='word_1_15' title='bbox 870 745 1045 811; x_wconf 89' lang='lat' dir='ltr'><strong>alere</strong></span> <span class='ocrx_word' id='word_1_16' title='bbox 1098 742 1411 821; x_wconf 87' lang='lat' dir='ltr'><strong>schisma,</strong></span> <span class='ocrx_word' id='word_1_17' title='bbox 1481 737 1600 806; x_wconf 91' lang='lat' dir='ltr'><strong>sed</strong></span> <span class='ocrx_word' id='word_1_18' title='bbox 1662 760 1892 806; x_wconf 87' lang='lat' dir='ltr'><strong>omnes</strong></span> <span class='ocrx_word' id='word_1_19' title='bbox 1951 744 2203 805; x_wconf 83' lang='lat' dir='ltr'><strong>vestras</strong></span> <span class='ocrx_word' id='word_1_20' title='bbox 2261 735 2499 802; x_wconf 88' lang='lat' dir='ltr'><strong>admit-</strong></span> 
     </span>
     <span class='ocr_line' id='line_1_5' title="bbox 542 823 2501 917; baseline -0.007 -17"><span class='ocrx_word' id='word_1_21' title='bbox 542 842 683 900; x_wconf 90' lang='lat' dir='ltr'><strong>tere</strong></span> <span class='ocrx_word' id='word_1_22' title='bbox 715 851 877 917; x_wconf 86' lang='lat' dir='ltr'><strong>quas</strong></span> <span class='ocrx_word' id='word_1_23' title='bbox 896 832 1225 915; x_wconf 86' lang='lat' dir='ltr'><strong>professus</strong></span> <span class='ocrx_word' id='word_1_24' title='bbox 1245 847 1396 893; x_wconf 87' lang='lat' dir='ltr'><strong>sum</strong></span> <span class='ocrx_word' id='word_1_25' title='bbox 1430 872 1814 892; x_wconf 91' lang='grc'><strong>.......</strong></span> <span class='ocrx_word' id='word_1_26' title='bbox 1825 823 1902 911; x_wconf 79' lang='lat'><strong>⁹),</strong></span> <span class='ocrx_word' id='word_1_27' title='bbox 1923 844 2046 891; x_wconf 88' lang='lat' dir='ltr'><strong>nec</strong></span> <span class='ocrx_word' id='word_1_28' title='bbox 2067 844 2174 889; x_wconf 89' lang='lat' dir='ltr'><strong>me</strong></span> <span class='ocrx_word' id='word_1_29' title='bbox 2209 843 2501 906; x_wconf 88' lang='lat' dir='ltr'><strong>unquam</strong></span> 
     </span>
     <span class='ocr_line' id='line_1_6' title="bbox 538 908 2501 995; baseline -0.006 -10"><span class='ocrx_word' id='word_1_30' title='bbox 538 919 692 985; x_wconf 88' lang='lat' dir='ltr'><strong>illas</strong></span> <span class='ocrx_word' id='word_1_31' title='bbox 774 915 1269 995; x_wconf 89' lang='lat' dir='ltr'><strong>damnaturum,</strong></span> <span class='ocrx_word' id='word_1_32' title='bbox 1348 922 1416 979; x_wconf 90' lang='lat' dir='ltr'><strong>et</strong></span> <span class='ocrx_word' id='word_1_33' title='bbox 1495 911 1900 980; x_wconf 87' lang='lat' dir='ltr'><strong>contrarium</strong></span> <span class='ocrx_word' id='word_1_34' title='bbox 1991 908 2283 976; x_wconf 88' lang='lat' dir='ltr'><strong>dicentes</strong></span> <span class='ocrx_word' id='word_1_35' title='bbox 2357 929 2501 974; x_wconf 85' lang='lat' dir='ltr'><strong>esse</strong></span> 
     </span>
     <span class='ocr_line' id='line_1_7' title="bbox 549 1003 1011 1072; baseline -0.019 1"><span class='ocrx_word' id='word_1_36' title='bbox 549 1003 1011 1072; x_wconf 84' lang='lat' dir='ltr'><strong>schismaticos.</strong></span> 
     </span>
     <span class='ocr_line' id='line_1_8' title="bbox 717 1077 2502 1171; baseline -0.006 -17"><span class='ocrx_word' id='word_1_37' title='bbox 717 1087 826 1154; x_wconf 80' lang='lat' dir='ltr'><strong>Ad</strong></span> <span class='ocrx_word' id='word_1_38' title='bbox 872 1083 1179 1171; x_wconf 86' lang='lat' dir='ltr'><strong>querulas</strong></span> <span class='ocrx_word' id='word_1_39' title='bbox 1221 1083 1450 1150; x_wconf 89' lang='lat' dir='ltr'><strong>literas</strong></span> <span class='ocrx_word' id='word_1_40' title='bbox 1510 1083 1722 1149; x_wconf 89' lang='lat' dir='ltr'><strong>Ducis</strong></span> <span class='ocrx_word' id='word_1_41' title='bbox 1790 1081 1874 1148; x_wconf 91' lang='lat' dir='ltr'><strong>ad</strong></span> <span class='ocrx_word' id='word_1_42' title='bbox 1932 1077 2387 1165; x_wconf 69' lang='lat' dir='ltr'><strong>Veryerimnw)</strong></span> <span class='ocrx_word' id='word_1_43' title='bbox 2432 1086 2502 1145; x_wconf 89' lang='lat' dir='ltr'><strong>et</strong></span> 
     </span>
     <span class='ocr_line' id='line_1_9' title="bbox 542 1165 2502 1250; baseline -0.006 -10"><span class='ocrx_word' id='word_1_44' title='bbox 542 1195 651 1240; x_wconf 92' lang='lat' dir='ltr'><strong>me</strong></span> <span class='ocrx_word' id='word_1_45' title='bbox 706 1173 941 1239; x_wconf 88' lang='lat' dir='ltr'><strong>missas</strong></span> <span class='ocrx_word' id='word_1_46' title='bbox 996 1169 1312 1238; x_wconf 87' lang='lat' dir='ltr'><strong>acerrime</strong></span> <span class='ocrx_word' id='word_1_47' title='bbox 1371 1180 1440 1236; x_wconf 89' lang='lat' dir='ltr'><strong>et</strong></span> <span class='ocrx_word' id='word_1_48' title='bbox 1494 1169 1824 1235; x_wconf 88' lang='lat' dir='ltr'><strong>liberrime</strong></span> <span class='ocrx_word' id='word_1_49' title='bbox 1881 1165 2185 1250; x_wconf 79' lang='lat' dir='ltr'>respondi</span> <span class='ocrx_word' id='word_1_50' title='bbox 2200 1216 2217 1245; x_wconf 95' lang='lat'><strong>,</strong></span> <span class='ocrx_word' id='word_1_51' title='bbox 2272 1166 2370 1230; x_wconf 89' lang='lat' dir='ltr'><strong>ita</strong></span> <span class='ocrx_word' id='word_1_52' title='bbox 2425 1171 2502 1230; x_wconf 98' lang='grc' dir='ltr'><strong>ιιι</strong></span> 
     </span>
     <span class='ocr_line' id='line_1_10' title="bbox 588 1250 2498 1428; baseline -0.005 -18"><span class='ocrx_word' id='word_1_53' title='bbox 588 1260 846 1411; x_wconf 61' lang='lat' dir='ltr'><strong>m*</strong></span> <span class='ocrx_word' id='word_1_54' title='bbox 883 1255 1384 1428; x_wconf 52' lang='grc' dir='ltr'><strong>ἑῗιῖἰῶἒωῗὲἓ</strong></span> <span class='ocrx_word' id='word_1_55' title='bbox 1425 1252 2059 1424; x_wconf 45' lang='grc' dir='ltr'><strong>ἓξθῖἓιέἓῗῃῗζῗ</strong></span> <span class='ocrx_word' id='word_1_56' title='bbox 2094 1250 2498 1403; x_wconf 54' lang='grc' dir='ltr'>ἳιᾮᾞὲθὲἑ</span> 
     </span>
     <span class='ocr_line' id='line_1_11' title="bbox 545 1422 2497 1514; baseline -0.005 -17"><span class='ocrx_word' id='word_1_57' title='bbox 545 1430 673 1498; x_wconf 88' lang='lat' dir='ltr'><strong>alio</strong></span> <span class='ocrx_word' id='word_1_58' title='bbox 715 1431 1071 1514; x_wconf 90' lang='lat' dir='ltr'><strong>migrarem</strong></span> <span class='ocrx_word' id='word_1_59' title='bbox 1105 1436 1292 1506; x_wconf 81' lang='lat' dir='ltr'><strong>(sunt</strong></span> <span class='ocrx_word' id='word_1_60' title='bbox 1334 1427 1511 1492; x_wconf 91' lang='lat' dir='ltr'><strong>enim</strong></span> <span class='ocrx_word' id='word_1_61' title='bbox 1544 1426 1657 1492; x_wconf 89' lang='lat' dir='ltr'><strong>ubi</strong></span> <span class='ocrx_word' id='word_1_62' title='bbox 1704 1425 1956 1491; x_wconf 88' lang='lat' dir='ltr'><strong>maiora</strong></span> <span class='ocrx_word' id='word_1_63' title='bbox 2002 1426 2087 1491; x_wconf 89' lang='lat' dir='ltr'><strong>sti</strong></span> <span class='ocrx_word' id='word_1_64' title='bbox 2174 1423 2330 1489; x_wconf 87' lang='lat' dir='ltr'><strong>ndia</strong></span> <span class='ocrx_word' id='word_1_65' title='bbox 2377 1422 2497 1488; x_wconf 88' lang='lat' dir='ltr'><strong>ha-</strong></span> 
     </span>
     <span class='ocr_line' id='line_1_12' title="bbox 541 1512 2500 1600; baseline -0.005 -17"><span class='ocrx_word' id='word_1_66' title='bbox 541 1517 695 1583; x_wconf 87' lang='lat' dir='ltr'><strong>bere</strong></span> <span class='ocrx_word' id='word_1_67' title='bbox 751 1536 1022 1600; x_wconf 88' lang='lat' dir='ltr'><strong>possum</strong></span> <span class='ocrx_word' id='word_1_68' title='bbox 1071 1523 1140 1579; x_wconf 89' lang='lat' dir='ltr'><strong>et</strong></span> <span class='ocrx_word' id='word_1_69' title='bbox 1196 1513 1310 1579; x_wconf 92' lang='lat' dir='ltr'><strong>ubi</strong></span> <span class='ocrx_word' id='word_1_70' title='bbox 1365 1514 1471 1579; x_wconf 89' lang='lat' dir='ltr'><strong>ius</strong></span> <span class='ocrx_word' id='word_1_71' title='bbox 1514 1512 1901 1579; x_wconf 90' lang='lat' dir='ltr'><strong>canonicum</strong></span> <span class='ocrx_word' id='word_1_72' title='bbox 1944 1531 2086 1577; x_wconf 93' lang='lat' dir='ltr'><strong>com</strong></span> <span class='ocrx_word' id='word_1_73' title='bbox 2133 1517 2354 1575; x_wconf 87' lang='lat' dir='ltr'><strong>ustum</strong></span> <span class='ocrx_word' id='word_1_74' title='bbox 2398 1516 2500 1574; x_wconf 88' lang='lat' dir='ltr'><strong>est</strong></span> 
     </span>
     <span class='ocr_line' id='line_1_13' title="bbox 541 1594 2498 1683; baseline -0.004 -15"><span class='ocrx_word' id='word_1_75' title='bbox 541 1612 611 1668; x_wconf 90' lang='lat' dir='ltr'><strong>et</strong></span> <span class='ocrx_word' id='word_1_76' title='bbox 651 1601 844 1668; x_wconf 84' lang='lat' dir='ltr'><strong>valde</strong></span> <span class='ocrx_word' id='word_1_77' title='bbox 879 1597 1260 1683; x_wconf 73' lang='lat' dir='ltr'><strong>desideret),</strong></span> <span class='ocrx_word' id='word_1_78' title='bbox 1295 1599 1602 1677; x_wconf 54' lang='lat' dir='ltr'><strong>miserit?</strong></span> <span class='ocrx_word' id='word_1_79' title='bbox 1633 1598 1922 1681; x_wconf 83' lang='lat' dir='ltr'><strong>inquam,</strong></span> <span class='ocrx_word' id='word_1_80' title='bbox 1957 1596 2273 1681; x_wconf 86' lang='lat' dir='ltr'><strong>magistro</strong></span> <span class='ocrx_word' id='word_1_81' title='bbox 2308 1594 2498 1661; x_wconf 87' lang='lat' dir='ltr'><strong>aulae</strong></span> 
     </span>
     <span class='ocr_line' id='line_1_14' title="bbox 543 1680 2499 1771; baseline -0.005 -17"><span class='ocrx_word' id='word_1_82' title='bbox 543 1708 652 1754; x_wconf 89' lang='lat' dir='ltr'><strong>me</strong></span> <span class='ocrx_word' id='word_1_83' title='bbox 684 1687 1039 1771; x_wconf 88' lang='lat' dir='ltr'><strong>placatum,</strong></span> <span class='ocrx_word' id='word_1_84' title='bbox 1074 1695 1141 1751; x_wconf 90' lang='lat' dir='ltr'><strong>et</strong></span> <span class='ocrx_word' id='word_1_85' title='bbox 1174 1684 1440 1752; x_wconf 88' lang='lat' dir='ltr'><strong>iusserit</strong></span> <span class='ocrx_word' id='word_1_86' title='bbox 1473 1682 1637 1750; x_wconf 89' lang='lat' dir='ltr'><strong>mihi</strong></span> <span class='ocrx_word' id='word_1_87' title='bbox 1671 1683 1828 1750; x_wconf 89' lang='lat' dir='ltr'><strong>dare</strong></span> <span class='ocrx_word' id='word_1_88' title='bbox 1852 1682 2139 1760; x_wconf 90' lang='lat' dir='ltr'><strong>domum,</strong></span> <span class='ocrx_word' id='word_1_89' title='bbox 2162 1680 2271 1747; x_wconf 83' lang='lat' dir='ltr'><strong>vel</strong></span> <span class='ocrx_word' id='word_1_90' title='bbox 2294 1702 2499 1746; x_wconf 88' lang='lat' dir='ltr'><strong>unam</strong></span> 
     </span>
     <span class='ocr_line' id='line_1_15' title="bbox 546 1766 2498 1925; baseline -0.005 0"><span class='ocrx_word' id='word_1_91' title='bbox 546 1766 2498 1925; x_wconf 51' lang='grc' dir='ltr'><strong>ῙέἔιῖῗῗζὲἓέἓὲοᾶὲῗῗῑῶᾚῗέιΜέἓῗᾰοὲἷθέἱῗοέιῗῗ</strong></span> 
     </span>
     <span class='ocr_line' id='line_1_16' title="bbox 544 1937 2498 2028; baseline -0.003 -19"><span class='ocrx_word' id='word_1_92' title='bbox 544 1944 832 2028; x_wconf 85' lang='lat' dir='ltr'><strong>alioquin</strong></span> <span class='ocrx_word' id='word_1_93' title='bbox 878 1942 1295 2011; x_wconf 73' lang='lat' dir='ltr'><strong>discederem.</strong></span> <span class='ocrx_word' id='word_1_94' title='bbox 1385 1940 1520 2008; x_wconf 81' lang='lat' dir='ltr'><strong>Sed</strong></span> <span class='ocrx_word' id='word_1_95' title='bbox 1562 1948 1665 2008; x_wconf 90' lang='lat' dir='ltr'><strong>est</strong></span> <span class='ocrx_word' id='word_1_96' title='bbox 1706 1937 1877 2024; x_wconf 88' lang='lat' dir='ltr'><strong>quod</strong></span> <span class='ocrx_word' id='word_1_97' title='bbox 1916 1941 2209 2025; x_wconf 87' lang='lat' dir='ltr'><strong>papistae</strong></span> <span class='ocrx_word' id='word_1_98' title='bbox 2253 1949 2319 2005; x_wconf 90' lang='lat' dir='ltr'><strong>et</strong></span> <span class='ocrx_word' id='word_1_99' title='bbox 2362 1939 2498 2004; x_wconf 90' lang='lat' dir='ltr'><strong>Lu-</strong></span> 
     </span>
     <span class='ocr_line' id='line_1_17' title="bbox 544 2023 2499 2096; baseline -0.004 0"><span class='ocrx_word' id='word_1_100' title='bbox 544 2029 809 2096; x_wconf 84' lang='lat' dir='ltr'><strong>therani</strong></span> <span class='ocrx_word' id='word_1_101' title='bbox 840 2029 1119 2095; x_wconf 90' lang='lat' dir='ltr'><strong>timeant</strong></span> <span class='ocrx_word' id='word_1_102' title='bbox 1152 2048 1235 2094; x_wconf 90' lang='lat' dir='ltr'><strong>ne</strong></span> <span class='ocrx_word' id='word_1_103' title='bbox 1268 2048 1499 2094; x_wconf 86' lang='lat' dir='ltr'><strong>eorum</strong></span> <span class='ocrx_word' id='word_1_104' title='bbox 1520 2027 1718 2094; x_wconf 84' lang='lat' dir='ltr'><strong>factio</strong></span> <span class='ocrx_word' id='word_1_105' title='bbox 1741 2026 2057 2092; x_wconf 89' lang='lat' dir='ltr'><strong>damnum</strong></span> <span class='ocrx_word' id='word_1_106' title='bbox 2085 2023 2499 2092; x_wconf 84' lang='lat' dir='ltr'><strong>luculentum</strong></span> 
     </span>
     <span class='ocr_line' id='line_1_18' title="bbox 550 2109 2497 2200; baseline -0.004 -20"><span class='ocrx_word' id='word_1_107' title='bbox 550 2116 749 2182; x_wconf 82' lang='lat' dir='ltr'><strong>faciat</strong></span> <span class='ocrx_word' id='word_1_108' title='bbox 789 2115 946 2200; x_wconf 88' lang='lat' dir='ltr'><strong>quia</strong></span> <span class='ocrx_word' id='word_1_109' title='bbox 986 2136 1140 2181; x_wconf 81' lang='lat' dir='ltr'><strong>mox</strong></span> <span class='ocrx_word' id='word_1_110' title='bbox 1185 2135 1412 2180; x_wconf 85' lang='lat' dir='ltr'><strong>omnes</strong></span> <span class='ocrx_word' id='word_1_111' title='bbox 1456 2112 1773 2180; x_wconf 78' lang='lat' dir='ltr'><strong>doctiores</strong></span> <span class='ocrx_word' id='word_1_112' title='bbox 1802 2119 1869 2177; x_wconf 90' lang='lat' dir='ltr'><strong>et</strong></span> <span class='ocrx_word' id='word_1_113' title='bbox 1893 2111 2286 2197; x_wconf 79' lang='lat' dir='ltr'><strong>insigniores</strong></span> <span class='ocrx_word' id='word_1_114' title='bbox 2311 2109 2497 2177; x_wconf 89' lang='lat' dir='ltr'><strong>audi-</strong></span> 
     </span>
     <span class='ocr_line' id='line_1_19' title="bbox 538 2197 2495 2283; baseline -0.003 -16"><span class='ocrx_word' id='word_1_115' title='bbox 538 2212 721 2267; x_wconf 89' lang='lat' dir='ltr'><strong>tores</strong></span> <span class='ocrx_word' id='word_1_116' title='bbox 763 2200 938 2267; x_wconf 90' lang='lat' dir='ltr'><strong>domi</strong></span> <span class='ocrx_word' id='word_1_117' title='bbox 997 2220 1181 2266; x_wconf 88' lang='lat' dir='ltr'><strong>meae</strong></span> <span class='ocrx_word' id='word_1_118' title='bbox 1229 2207 1305 2266; x_wconf 89' lang='lat' dir='ltr'><strong>ut</strong></span> <span class='ocrx_word' id='word_1_119' title='bbox 1351 2201 1423 2265; x_wconf 91' lang='lat' dir='ltr'><strong>in</strong></span> <span class='ocrx_word' id='word_1_120' title='bbox 1466 2198 1735 2283; x_wconf 87' lang='lat' dir='ltr'><strong>collegio</strong></span> <span class='ocrx_word' id='word_1_121' title='bbox 1777 2197 2125 2264; x_wconf 91' lang='lat' dir='ltr'><strong>domestico</strong></span> <span class='ocrx_word' id='word_1_122' title='bbox 2168 2197 2495 2281; x_wconf 74' lang='lat' dir='ltr'><strong>recipiam.</strong></span> 
     </span>
     <span class='ocr_line' id='line_1_20' title="bbox 543 2283 2499 2363; baseline -0.004 -10"><span class='ocrx_word' id='word_1_123' title='bbox 543 2287 809 2353; x_wconf 71' lang='lat' dir='ltr'><strong>&#39;l&#39;iment</strong></span> <span class='ocrx_word' id='word_1_124' title='bbox 866 2308 950 2352; x_wconf 92' lang='lat' dir='ltr'><strong>ne</strong></span> <span class='ocrx_word' id='word_1_125' title='bbox 1009 2287 1082 2351; x_wconf 92' lang='lat' dir='ltr'><strong>in</strong></span> <span class='ocrx_word' id='word_1_126' title='bbox 1141 2307 1357 2351; x_wconf 88' lang='lat' dir='ltr'><strong>meam</strong></span> <span class='ocrx_word' id='word_1_127' title='bbox 1415 2284 1811 2351; x_wconf 90' lang='lat' dir='ltr'><strong>sententiam</strong></span> <span class='ocrx_word' id='word_1_128' title='bbox 1873 2284 2173 2363; x_wconf 85' lang='lat' dir='ltr'><strong>veniant,</strong></span> <span class='ocrx_word' id='word_1_129' title='bbox 2232 2283 2336 2351; x_wconf 86' lang='lat' dir='ltr'><strong>vel</strong></span> <span class='ocrx_word' id='word_1_130' title='bbox 2389 2302 2499 2347; x_wconf 91' lang='lat' dir='ltr'><strong>me</strong></span> 
     </span>
     <span class='ocr_line' id='line_1_21' title="bbox 548 2369 2385 2455; baseline -0.003 -17"><span class='ocrx_word' id='word_1_131' title='bbox 548 2371 940 2439; x_wconf 51' lang='lat' dir='ltr'><strong>discedere!</strong></span> <span class='ocrx_word' id='word_1_132' title='bbox 1024 2371 1196 2439; x_wconf 87' lang='lat' dir='ltr'><strong>Vale</strong></span> <span class='ocrx_word' id='word_1_133' title='bbox 1239 2371 1679 2455; x_wconf 83' lang='lat' dir='ltr'><strong>integerrime.</strong></span> <span class='ocrx_word' id='word_1_134' title='bbox 1771 2373 1874 2434; x_wconf 88' lang='lat'><strong>21.</strong></span> <span class='ocrx_word' id='word_1_135' title='bbox 1918 2369 2156 2436; x_wconf 85' lang='lat' dir='ltr'><strong>Martis</strong></span> <span class='ocrx_word' id='word_1_136' title='bbox 2208 2373 2385 2433; x_wconf 82' lang='lat'><strong>1554.</strong></span> 
     </span>
    </p>
   </div>
   <div class='ocr_carea' id='block_1_4' title="bbox 1602 2506 2322 2658">
    <p class='ocr_par' dir='ltr' id='par_1_4' title="bbox 1602 2506 2322 2658">
     <span class='ocr_line' id='line_1_22' title="bbox 1674 2506 2239 2572; baseline -0.002 -1"><span class='ocrx_word' id='word_1_137' title='bbox 1674 2506 1859 2572; x_wconf 73' lang='lat' dir='ltr'><strong>Tuus</strong></span> <span class='ocrx_word' id='word_1_138' title='bbox 1903 2526 1984 2570; x_wconf 83' lang='lat' dir='ltr'><strong>ex</strong></span> <span class='ocrx_word' id='word_1_139' title='bbox 2020 2506 2239 2571; x_wconf 90' lang='lat' dir='ltr'><strong>animo</strong></span> 
     </span>
     <span class='ocr_line' id='line_1_23' title="bbox 1602 2590 2322 2658; baseline -0.003 0"><span class='ocrx_word' id='word_1_140' title='bbox 1602 2591 1881 2658; x_wconf 77' lang='lat' dir='ltr'><strong>Carolus</strong></span> <span class='ocrx_word' id='word_1_141' title='bbox 1938 2590 2322 2657; x_wconf 83' lang='lat' dir='ltr'><strong>Molinaeus.</strong></span> 
     </span>
    </p>
   </div>
   <div class='ocr_carea' id='block_1_5' title="bbox 543 2777 2499 3634">
    <p class='ocr_par' dir='ltr' id='par_1_5' title="bbox 543 2777 2499 3634">
     <span class='ocr_line' id='line_1_24' title="bbox 715 2777 2498 2860; baseline -0.002 -12"><span class='ocrx_word' id='word_1_142' title='bbox 715 2783 975 2860; x_wconf 82' lang='lat' dir='ltr'><strong>Mox¹¹)</strong></span> <span class='ocrx_word' id='word_1_143' title='bbox 1022 2790 1099 2847; x_wconf 88' lang='lat' dir='ltr'><strong>ut</strong></span> <span class='ocrx_word' id='word_1_144' title='bbox 1140 2782 1251 2849; x_wconf 88' lang='lat' dir='ltr'><strong>hic</strong></span> <span class='ocrx_word' id='word_1_145' title='bbox 1292 2788 1326 2821; x_wconf 76' lang='lat'><strong>¹*</strong></span> <span class='ocrx_word' id='word_1_146' title='bbox 1371 2782 1580 2846; x_wconf 83' lang='lat' dir='ltr'><strong>fixero</strong></span> <span class='ocrx_word' id='word_1_147' title='bbox 1622 2780 1864 2859; x_wconf 87' lang='lat' dir='ltr'><strong>sedem,</strong></span> <span class='ocrx_word' id='word_1_148' title='bbox 1911 2780 2020 2846; x_wconf 84' lang='lat' dir='ltr'><strong>vel</strong></span> <span class='ocrx_word' id='word_1_149' title='bbox 2061 2800 2216 2845; x_wconf 82' lang='lat' dir='ltr'><strong>mox</strong></span> <span class='ocrx_word' id='word_1_150' title='bbox 2263 2786 2336 2843; x_wconf 89' lang='lat' dir='ltr'><strong>ut</strong></span> <span class='ocrx_word' id='word_1_151' title='bbox 2385 2777 2498 2844; x_wconf 90' lang='lat' dir='ltr'><strong>do·</strong></span> 
     </span>
     <span class='ocr_line' id='line_1_25' title="bbox 543 2864 2498 2949; baseline -0.003 -14"><span class='ocrx_word' id='word_1_152' title='bbox 543 2890 727 2935; x_wconf 90' lang='lat' dir='ltr'><strong>mum</strong></span> <span class='ocrx_word' id='word_1_153' title='bbox 784 2868 1073 2935; x_wconf 78' lang='lat' dir='ltr'><strong>habuero</strong></span> <span class='ocrx_word' id='word_1_154' title='bbox 1130 2877 1196 2932; x_wconf 90' lang='lat' dir='ltr'><strong>et</strong></span> <span class='ocrx_word' id='word_1_155' title='bbox 1249 2869 1657 2944; x_wconf 81' lang='lat' dir='ltr'><strong>instruxero,</strong></span> <span class='ocrx_word' id='word_1_156' title='bbox 1720 2866 1778 2930; x_wconf 88' lang='lat' dir='ltr'><strong>si</strong></span> <span class='ocrx_word' id='word_1_157' title='bbox 1842 2866 1990 2949; x_wconf 88' lang='lat' dir='ltr'><strong>quis</strong></span> <span class='ocrx_word' id='word_1_158' title='bbox 2044 2871 2073 2929; x_wconf 96' lang='lat' dir='ltr'><strong>t</strong></span> <span class='ocrx_word' id='word_1_159' title='bbox 2119 2864 2498 2949; x_wconf 88' lang='lat' dir='ltr'><strong>pographus</strong></span> 
     </span>
     <span class='ocr_line' id='line_1_26' title="bbox 544 2950 2499 3107; baseline -0.003 -86"><span class='ocrx_word' id='word_1_160' title='bbox 544 2956 789 3107; x_wconf 49' lang='lat' dir='ltr'><strong>§nuper</strong></span> <span class='ocrx_word' id='word_1_161' title='bbox 837 2954 956 3104; x_wconf 62' lang='lat' dir='ltr'><strong>quli³</strong></span> <span class='ocrx_word' id='word_1_162' title='bbox 1006 2954 1116 3103; x_wconf 61' lang='lat' dir='ltr'><strong>hif</strong></span> <span class='ocrx_word' id='word_1_163' title='bbox 1173 2962 1315 3105; x_wconf 61' lang='lat' dir='ltr'><strong>endt</strong></span> <span class='ocrx_word' id='word_1_164' title='bbox 1371 2951 1496 3018; x_wconf 91' lang='lat' dir='ltr'><strong>hac</strong></span> <span class='ocrx_word' id='word_1_165' title='bbox 1540 2950 1946 3102; x_wconf 60' lang='lat' dir='ltr'><strong>lffibdomade</strong></span> <span class='ocrx_word' id='word_1_166' title='bbox 1974 2950 2177 3102; x_wconf 47' lang='grc' dir='ltr'>ειὶιιὶι)</span> <span class='ocrx_word' id='word_1_167' title='bbox 2221 2956 2304 3101; x_wconf 65' lang='lat' dir='ltr'><strong>ml</strong></span> <span class='ocrx_word' id='word_1_168' title='bbox 2340 2958 2499 3016; x_wconf 89' lang='lat' dir='ltr'><strong>sunt</strong></span> 
     </span>
     <span class='ocr_line' id='line_1_27' title="bbox 548 3046 2497 3209; baseline -0.002 -17"><span class='ocrx_word' id='word_1_169' title='bbox 548 3061 818 3192; x_wconf 47' lang='lat'><strong>1:333&amp;</strong></span> <span class='ocrx_word' id='word_1_170' title='bbox 846 3061 915 3141; x_wconf 69' lang='lat'><strong>¹³¹</strong></span> <span class='ocrx_word' id='word_1_171' title='bbox 956 3058 1141 3192; x_wconf 60' lang='lat' dir='ltr'><strong>¹321,ss</strong></span> <span class='ocrx_word' id='word_1_172' title='bbox 1143 3046 1510 3209; x_wconf 53' lang='lat' dir='ltr'><strong>“agrsssssuf&#39;t’</strong></span> <span class='ocrx_word' id='word_1_173' title='bbox 1522 3056 1665 3189; x_wconf 59' lang='grc' dir='ltr'><strong>γε,ὓ3</strong></span> <span class='ocrx_word' id='word_1_174' title='bbox 1703 3054 2497 3190; x_wconf 48' lang='lat' dir='ltr'><strong>xxttzfifftffi</strong></span> 
     </span>
     <span class='ocr_line' id='line_1_28' title="bbox 546 3206 2496 3292; baseline -0.002 -15"><span class='ocrx_word' id='word_1_175' title='bbox 546 3211 797 3279; x_wconf 89' lang='lat' dir='ltr'><strong>Omnes</strong></span> <span class='ocrx_word' id='word_1_176' title='bbox 837 3210 1289 3276; x_wconf 82' lang='lat' dir='ltr'><strong>immunitates</strong></span> <span class='ocrx_word' id='word_1_177' title='bbox 1341 3206 1708 3275; x_wconf 88' lang='lat' dir='ltr'><strong>academiae</strong></span> <span class='ocrx_word' id='word_1_178' title='bbox 1765 3216 1873 3287; x_wconf 90' lang='lat' dir='ltr'><strong>(ut</strong></span> <span class='ocrx_word' id='word_1_179' title='bbox 1914 3208 1997 3275; x_wconf 90' lang='lat' dir='ltr'><strong>de</strong></span> <span class='ocrx_word' id='word_1_180' title='bbox 2041 3210 2336 3292; x_wconf 90' lang='lat' dir='ltr'><strong>corpore)</strong></span> <span class='ocrx_word' id='word_1_181' title='bbox 2376 3208 2496 3274; x_wconf 87' lang='lat' dir='ltr'><strong>ha-</strong></span> 
     </span>
     <span class='ocr_line' id='line_1_29' title="bbox 543 3293 2492 3379; baseline -0.001 -17"><span class='ocrx_word' id='word_1_182' title='bbox 543 3296 745 3363; x_wconf 88' lang='lat' dir='ltr'><strong>bebit.</strong></span> <span class='ocrx_word' id='word_1_183' title='bbox 831 3298 925 3364; x_wconf 84' lang='lat' dir='ltr'><strong>Et</strong></span> <span class='ocrx_word' id='word_1_184' title='bbox 967 3316 1297 3379; x_wconf 87' lang='lat' dir='ltr'><strong>nunquam</strong></span> <span class='ocrx_word' id='word_1_185' title='bbox 1343 3294 1551 3361; x_wconf 89' lang='lat' dir='ltr'><strong>deerit</strong></span> <span class='ocrx_word' id='word_1_186' title='bbox 1584 3294 1645 3360; x_wconf 90' lang='lat' dir='ltr'><strong>ei</strong></span> <span class='ocrx_word' id='word_1_187' title='bbox 1688 3294 1964 3360; x_wconf 86' lang='lat' dir='ltr'><strong>materia</strong></span> <span class='ocrx_word' id='word_1_188' title='bbox 1998 3293 2208 3378; x_wconf 88' lang='lat' dir='ltr'><strong>quoad</strong></span> <span class='ocrx_word' id='word_1_189' title='bbox 2252 3295 2492 3360; x_wconf 82' lang='lat' dir='ltr'><strong>vivam.</strong></span> 
     </span>
     <span class='ocr_line' id='line_1_30' title="bbox 544 3379 2496 3468; baseline -0.004 -16"><span class='ocrx_word' id='word_1_190' title='bbox 544 3381 726 3464; x_wconf 75' lang='lat' dir='ltr'><strong>Quin</strong></span> <span class='ocrx_word' id='word_1_191' title='bbox 781 3382 1085 3468; x_wconf 82' lang='lat' dir='ltr'><strong>expensis</strong></span> <span class='ocrx_word' id='word_1_192' title='bbox 1140 3382 1304 3447; x_wconf 88' lang='lat' dir='ltr'><strong>meis</strong></span> <span class='ocrx_word' id='word_1_193' title='bbox 1351 3379 1455 3447; x_wconf 82' lang='lat' dir='ltr'><strong>vel</strong></span> <span class='ocrx_word' id='word_1_194' title='bbox 1489 3380 1938 3447; x_wconf 88' lang='lat' dir='ltr'><strong>communibus</strong></span> <span class='ocrx_word' id='word_1_195' title='bbox 1951 3433 1967 3461; x_wconf 92' lang='lat'><strong>,</strong></span> <span class='ocrx_word' id='word_1_196' title='bbox 2015 3380 2096 3446; x_wconf 90' lang='lat' dir='ltr'><strong>ad</strong></span> <span class='ocrx_word' id='word_1_197' title='bbox 2140 3380 2284 3446; x_wconf 88' lang='lat' dir='ltr'><strong>eius</strong></span> <span class='ocrx_word' id='word_1_198' title='bbox 2327 3379 2496 3446; x_wconf 90' lang='lat' dir='ltr'><strong>elec-</strong></span> 
     </span>
     <span class='ocr_line' id='line_1_31' title="bbox 543 3466 2495 3634; baseline -0.002 -100"><span class='ocrx_word' id='word_1_199' title='bbox 543 3470 1128 3634; x_wconf 41' lang='lat' dir='ltr'><strong>&amp;eggrlg’mssmper</strong></span> <span class='ocrx_word' id='word_1_200' title='bbox 1169 3466 1402 3533; x_wconf 82' lang='lat' dir='ltr'><strong>excudi</strong></span> <span class='ocrx_word' id='word_1_201' title='bbox 1445 3466 1680 3532; x_wconf 87' lang='lat' dir='ltr'><strong>faciam</strong></span> <span class='ocrx_word' id='word_1_202' title='bbox 1720 3479 2039 3550; x_wconf 88' lang='lat' dir='ltr'><strong>quantum</strong></span> <span class='ocrx_word' id='word_1_203' title='bbox 2085 3466 2325 3550; x_wconf 90' lang='lat' dir='ltr'><strong>poterit</strong></span> <span class='ocrx_word' id='word_1_204' title='bbox 2380 3488 2495 3532; x_wconf 84' lang='lat' dir='ltr'><strong>ex-</strong></span> 
     </span>
    </p>
   </div>
   <div class='ocr_carea' id='block_1_6' title="bbox 1002 3960 2063 4186">
    <p class='ocr_par' dir='ltr' id='par_1_6' title="bbox 1002 3960 2063 4186">
     <span class='ocr_line' id='line_1_32' title="bbox 1422 3960 1612 4031; baseline -0.011 0"><span class='ocrx_word' id='word_1_205' title='bbox 1422 3960 1612 4031; x_wconf 69' lang='lat'><strong>1⁹88.</strong></span> 
     </span>
     <span class='ocr_line' id='line_1_33' title="bbox 1002 4115 2063 4186; baseline -0.005 0"><span class='ocrx_word' id='word_1_206' title='bbox 1002 4117 1484 4186; x_wconf 73' lang='lat' dir='ltr'>TOSSANUS</span> <span class='ocrx_word' id='word_1_207' title='bbox 1529 4115 2063 4186; x_wconf 81' lang='lat' dir='ltr'><strong>BLAURERO.</strong></span> 
     </span>
    </p>
   </div>
   <div class='ocr_carea' id='block_1_7' title="bbox 542 4288 2496 4475">
    <p class='ocr_par' dir='ltr' id='par_1_7' title="bbox 542 4288 2496 4475">
     <span class='ocr_line' id='line_1_34' title="bbox 717 4288 2496 4373; baseline -0.001 -17"><span class='ocrx_word' id='word_1_208' title='bbox 717 4288 2496 4373; x_wconf 68' lang='lat' dir='ltr'><strong>Semetipsumdcolleyasvindicatafalsocrim‘me</strong></span> 
     </span>
     <span class='ocr_line' id='line_1_35' title="bbox 542 4374 2496 4475; baseline 0.003 -37"><span class='ocrx_word' id='word_1_209' title='bbox 542 4374 2496 4475; x_wconf 44' lang='lat' dir='ltr'><strong>homoquibusdmnmalevoliscisinustossimlque</strong></span> 
     </span>
    </p>
   </div>
   <div class='ocr_carea' id='block_1_8' title="bbox 546 4631 2498 4838">
    <p class='ocr_par' dir='ltr' id='par_1_8' title="bbox 546 4631 2498 4838">
     <span class='ocr_line' id='line_1_36' title="bbox 546 4631 2495 4702; baseline -0.002 -12"><span class='ocrx_word' id='word_1_210' title='bbox 546 4635 657 4702; x_wconf 75' lang='lat' dir='ltr'><strong>(Ex</strong></span> <span class='ocrx_word' id='word_1_211' title='bbox 958 4633 1030 4687; x_wconf 86' lang='lat' dir='ltr'><strong>ho</strong></span> <span class='ocrx_word' id='word_1_212' title='bbox 1065 4631 1193 4687; x_wconf 86' lang='lat' dir='ltr'><strong>Cod.</strong></span> <span class='ocrx_word' id='word_1_213' title='bbox 1230 4631 1461 4702; x_wconf 68' lang='lat' dir='ltr'><strong>Sangsn.</strong></span> <span class='ocrx_word' id='word_1_214' title='bbox 1493 4631 1580 4687; x_wconf 79' lang='lat'><strong>36.</strong></span> <span class='ocrx_word' id='word_1_215' title='bbox 1612 4632 1756 4702; x_wconf 72' lang='lat' dir='ltr'><strong>Dpp.</strong></span> <span class='ocrx_word' id='word_1_216' title='bbox 1792 4632 1918 4687; x_wconf 83' lang='lat' dir='ltr'><strong>Vn.</strong></span> <span class='ocrx_word' id='word_1_217' title='bbox 1956 4631 2215 4689; x_wconf 57' lang='lat' dir='ltr'><strong>Bonane.</strong></span> <span class='ocrx_word' id='word_1_218' title='bbox 2253 4658 2317 4671; x_wconf 91' lang='lat'>-</span> <span class='ocrx_word' id='word_1_219' title='bbox 2342 4634 2495 4701; x_wconf 80' lang='lat' dir='ltr'><strong>Apo·</strong></span> 
     </span>
     <span class='ocr_line' id='line_1_37' title="bbox 550 4698 2498 4838; baseline -0.001 -81"><span class='ocrx_word' id='word_1_220' title='bbox 550 4703 760 4775; x_wconf 73' lang='lat' dir='ltr'><strong>grapha</strong></span> <span class='ocrx_word' id='word_1_221' title='bbox 806 4703 1074 4771; x_wconf 79' lang='lat' dir='ltr'><strong>praebent</strong></span> <span class='ocrx_word' id='word_1_222' title='bbox 1116 4700 1475 4824; x_wconf 49' lang='lat' dir='ltr'><strong>Cosssfmnsst}</strong></span> <span class='ocrx_word' id='word_1_223' title='bbox 1500 4699 1832 4838; x_wconf 35' lang='grc' dir='ltr'>Ὲέωἱιθδῗξιιι</span> <span class='ocrx_word' id='word_1_224' title='bbox 1870 4700 2021 4756; x_wconf 82' lang='lat' dir='ltr'><strong>vm.</strong></span> <span class='ocrx_word' id='word_1_225' title='bbox 2064 4701 2156 4758; x_wconf 77' lang='lat' dir='ltr'><strong>fol.</strong></span> <span class='ocrx_word' id='word_1_226' title='bbox 2204 4698 2307 4755; x_wconf 67' lang='lat'><strong>68⁶2</strong></span> <span class='ocrx_word' id='word_1_227' title='bbox 2344 4718 2393 4753; x_wconf 81' lang='lat' dir='ltr'><strong>v.</strong></span> <span class='ocrx_word' id='word_1_228' title='bbox 2441 4707 2498 4755; x_wconf 77' lang='lat' dir='ltr'><strong>et</strong></span> 
     </span>
    </p>
   </div>
   <div class='ocr_carea' id='block_1_9' title="bbox 548 4894 957 4904">
    <p class='ocr_par' dir='ltr' id='par_1_9' title="bbox 548 4894 957 4904">
     <span class='ocr_line' id='line_1_38' title="bbox 548 4894 957 4904; baseline 0 0"><span class='ocrx_word' id='word_1_229' title='bbox 548 4894 957 4904; x_wconf 95' lang='lat' dir='ltr'><strong> </strong></span> 
     </span>
    </p>
   </div>
   <div class='ocr_carea' id='block_1_10' title="bbox 719 4975 2493 5115">
    <p class='ocr_par' dir='ltr' id='par_1_10' title="bbox 719 4975 2493 5115">
     <span class='ocr_line' id='line_1_39' title="bbox 719 4975 2493 5115; baseline 0.001 -19"><span class='ocrx_word' id='word_1_230' title='bbox 719 4975 814 5100; x_wconf 52' lang='lat'><strong>133</strong></span> <span class='ocrx_word' id='word_1_231' title='bbox 849 4977 1187 5114; x_wconf 53' lang='lat' dir='ltr'><strong>mog</strong></span> <span class='ocrx_word' id='word_1_232' title='bbox 1208 5048 1341 5101; x_wconf 67' lang='lat' dir='ltr'><strong>amc</strong></span> <span class='ocrx_word' id='word_1_233' title='bbox 1372 5045 1630 5115; x_wconf 67' lang='lat' dir='ltr'><strong>temporis</strong></span> <span class='ocrx_word' id='word_1_234' title='bbox 1661 5044 1817 5114; x_wconf 78' lang='lat' dir='ltr'><strong>apud</strong></span> <span class='ocrx_word' id='word_1_235' title='bbox 1844 5044 2346 5115; x_wconf 68' lang='lat' dir='ltr'><strong>Wiroenberaensee</strong></span> <span class='ocrx_word' id='word_1_236' title='bbox 2377 5057 2493 5097; x_wconf 69' lang='lat' dir='ltr'><strong>mu·</strong></span> 
     </span>
    </p>
   </div>
   <div class='ocr_carea' id='block_1_11' title="bbox 718 5181 2495 5331">
    <p class='ocr_par' dir='ltr' id='par_1_11' title="bbox 718 5155 2495 5331">
     <span class='ocr_line' id='line_1_40' title="bbox 718 5181 2495 5331; baseline -0.001 -25"><span class='ocrx_word' id='word_1_237' title='bbox 718 5181 815 5318; x_wconf 57' lang='lat'><strong>{33</strong></span> <span class='ocrx_word' id='word_1_238' title='bbox 850 5181 2163 5323; x_wconf 42' lang='lat' dir='ltr'><strong>mmmmm&amp;</strong></span> <span class='ocrx_word' id='word_1_239' title='bbox 2187 5181 2495 5331; x_wconf 48' lang='lat' dir='ltr'><strong>wc.-</strong></span> 
     </span>
    </p>
   </div>
   <div class='ocr_carea' id='block_1_12' title="bbox 544 5318 2494 5462">
    <p class='ocr_par' dir='ltr' id='par_1_12' title="bbox 544 5318 2494 5462">
     <span class='ocr_line' id='line_1_41' title="bbox 544 5318 2494 5462; baseline -0.002 -3"><span class='ocrx_word' id='word_1_240' title='bbox 544 5327 859 5459; x_wconf 44' lang='lat'><strong>&amp;5⁸5³</strong></span> <span class='ocrx_word' id='word_1_241' title='bbox 888 5319 2144 5462; x_wconf 48' lang='lat' dir='ltr'><strong>fffflffiss&#39;fflm</strong></span> <span class='ocrx_word' id='word_1_242' title='bbox 2177 5318 2494 5444; x_wconf 61' lang='lat' dir='ltr'><em>W</em></span> 
     </span>
    </p>
   </div>
   <div class='ocr_carea' id='block_1_13' title="bbox 546 5127 677 5168">
    <p class='ocr_par' dir='ltr' id='par_1_13' title="bbox 546 5127 677 5168">
     <span class='ocr_line' id='line_1_42' title="bbox 546 5127 677 5168; baseline -0.015 1"><span class='ocrx_word' id='word_1_243' title='bbox 546 5127 677 5168; x_wconf 61' lang='lat' dir='ltr'><strong>me</strong></span> 
     </span>
    </p>
   </div>
   <div class='ocr_carea' id='block_1_14' title="bbox 2543 654 2557 5430">
    <p class='ocr_par' dir='ltr' id='par_1_14' title="bbox 2543 654 2557 5430">
     <span class='ocr_line' id='line_1_43' title="bbox 2543 654 2557 5430; baseline 0 0"><span class='ocrx_word' id='word_1_244' title='bbox 2543 654 2557 5430; x_wconf 95' lang='lat' dir='ltr'><strong> </strong></span> 
     </span>
    </p>
   </div>
   <div class='ocr_carea' id='block_1_15' title="bbox 2604 650 4551 806">
    <p class='ocr_par' dir='ltr' id='par_1_15' title="bbox 2604 650 4551 806">
     <span class='ocr_line' id='line_1_44' title="bbox 2604 650 4551 721; baseline 0 -2"><span class='ocrx_word' id='word_1_245' title='bbox 2604 650 2982 720; x_wconf 83' lang='lat' dir='ltr'><strong>Clarissimo</strong></span> <span class='ocrx_word' id='word_1_246' title='bbox 3039 655 3181 720; x_wconf 77' lang='lat' dir='ltr'><strong>viro</strong></span> <span class='ocrx_word' id='word_1_247' title='bbox 3234 653 3498 720; x_wconf 91' lang='lat' dir='ltr'><strong>domino</strong></span> <span class='ocrx_word' id='word_1_248' title='bbox 3546 652 3883 721; x_wconf 82' lang='lat' dir='ltr'><strong>Ambrosio</strong></span> <span class='ocrx_word' id='word_1_249' title='bbox 3925 652 4250 721; x_wconf 87' lang='lat' dir='ltr'><strong>Blaurero</strong></span> <span class='ocrx_word' id='word_1_250' title='bbox 4286 654 4551 720; x_wconf 89' lang='lat' dir='ltr'><strong>domino</strong></span> 
     </span>
     <span class='ocr_line' id='line_1_45' title="bbox 3023 737 4123 806; baseline -0.001 0"><span class='ocrx_word' id='word_1_251' title='bbox 3023 760 3141 806; x_wconf 88' lang='lat' dir='ltr'><strong>suo</strong></span> <span class='ocrx_word' id='word_1_252' title='bbox 3183 750 3249 804; x_wconf 89' lang='lat' dir='ltr'><strong>et</strong></span> <span class='ocrx_word' id='word_1_253' title='bbox 3283 739 3475 805; x_wconf 86' lang='lat' dir='ltr'><strong>fratri</strong></span> <span class='ocrx_word' id='word_1_254' title='bbox 3514 737 4123 806; x_wconf 81' lang='lat' dir='ltr'><strong>observandissimo.</strong></span> 
     </span>
    </p>
   </div>
   <div class='ocr_carea' id='block_1_16' title="bbox 2597 874 4562 4143">
    <p class='ocr_par' dir='ltr' id='par_1_16' title="bbox 2597 874 4562 4143">
     <span class='ocr_line' id='line_1_46' title="bbox 2774 874 4552 960; baseline 0.002 -19"><span class='ocrx_word' id='word_1_255' title='bbox 2774 875 2845 941; x_wconf 79' lang='lat' dir='ltr'><strong>S.</strong></span> <span class='ocrx_word' id='word_1_256' title='bbox 2898 874 3150 959; x_wconf 79' lang='lat' dir='ltr'><strong>Scripsi</strong></span> <span class='ocrx_word' id='word_1_257' title='bbox 3203 876 3287 942; x_wconf 91' lang='lat' dir='ltr'><strong>ad</strong></span> <span class='ocrx_word' id='word_1_258' title='bbox 3342 885 3410 942; x_wconf 92' lang='lat' dir='ltr'><strong>te</strong></span> <span class='ocrx_word' id='word_1_259' title='bbox 3457 895 3699 960; x_wconf 87' lang='lat' dir='ltr'><strong>nuper,</strong></span> <span class='ocrx_word' id='word_1_260' title='bbox 3762 885 4045 960; x_wconf 88' lang='lat' dir='ltr'><strong>quatuor</strong></span> <span class='ocrx_word' id='word_1_261' title='bbox 4102 877 4249 943; x_wconf 82' lang='lat' dir='ltr'><strong>illos</strong></span> <span class='ocrx_word' id='word_1_262' title='bbox 4315 878 4552 944; x_wconf 84' lang='lat' dir='ltr'><strong>fratres</strong></span> 
     </span>
     <span class='ocr_line' id='line_1_47' title="bbox 2603 960 4551 1030; baseline 0.002 -3"><span class='ocrx_word' id='word_1_263' title='bbox 2603 971 2857 1027; x_wconf 89' lang='lat' dir='ltr'><strong>nostros</strong></span> <span class='ocrx_word' id='word_1_264' title='bbox 2877 962 3033 1027; x_wconf 87' lang='lat' dir='ltr'><strong>hinc</strong></span> <span class='ocrx_word' id='word_1_265' title='bbox 3052 962 3259 1028; x_wconf 87' lang='lat' dir='ltr'><strong>amice</strong></span> <span class='ocrx_word' id='word_1_266' title='bbox 3281 961 3584 1029; x_wconf 86' lang='lat' dir='ltr'><strong>dimissos</strong></span> <span class='ocrx_word' id='word_1_267' title='bbox 3616 982 3758 1028; x_wconf 90' lang='lat' dir='ltr'><strong>esse</strong></span> <span class='ocrx_word' id='word_1_268' title='bbox 3779 970 3848 1027; x_wconf 93' lang='lat' dir='ltr'><strong>et</strong></span> <span class='ocrx_word' id='word_1_269' title='bbox 3867 960 4122 1029; x_wconf 86' lang='lat' dir='ltr'><strong>abiisse.</strong></span> <span class='ocrx_word' id='word_1_270' title='bbox 4186 963 4390 1028; x_wconf 80' lang='lat' dir='ltr'><strong>Faxit</strong></span> <span class='ocrx_word' id='word_1_271' title='bbox 4410 964 4551 1030; x_wconf 93' lang='lat' dir='ltr'><strong>Do-</strong></span> 
     </span>
     <span class='ocr_line' id='line_1_48' title="bbox 2603 1046 4550 1134; baseline 0.001 -22"><span class='ocrx_word' id='word_1_272' title='bbox 2603 1047 2826 1112; x_wconf 88' lang='lat' dir='ltr'><strong>minus</strong></span> <span class='ocrx_word' id='word_1_273' title='bbox 2847 1046 3033 1113; x_wconf 90' lang='lat' dir='ltr'><strong>Deus</strong></span> <span class='ocrx_word' id='word_1_274' title='bbox 3075 1057 3151 1112; x_wconf 89' lang='lat' dir='ltr'><strong>ut</strong></span> <span class='ocrx_word' id='word_1_275' title='bbox 3184 1046 3279 1112; x_wconf 90' lang='lat' dir='ltr'><strong>illi</strong></span> <span class='ocrx_word' id='word_1_276' title='bbox 3317 1047 3474 1113; x_wconf 90' lang='lat' dir='ltr'><strong>alibi</strong></span> <span class='ocrx_word' id='word_1_277' title='bbox 3496 1055 3866 1133; x_wconf 83' lang='lat' dir='ltr'><strong>propagent</strong></span> <span class='ocrx_word' id='word_1_278' title='bbox 3885 1068 4167 1134; x_wconf 89' lang='lat' dir='ltr'><strong>regnum</strong></span> <span class='ocrx_word' id='word_1_279' title='bbox 4192 1047 4438 1114; x_wconf 84' lang='lat' dir='ltr'><strong>Christi</strong></span> <span class='ocrx_word' id='word_1_280' title='bbox 4480 1059 4550 1115; x_wconf 90' lang='lat' dir='ltr'><strong>et</strong></span> 
     </span>
     <span class='ocr_line' id='line_1_49' title="bbox 2604 1132 4552 1217; baseline 0.002 -18"><span class='ocrx_word' id='word_1_281' title='bbox 2604 1133 2769 1199; x_wconf 91' lang='lat' dir='ltr'><strong>bene</strong></span> <span class='ocrx_word' id='word_1_282' title='bbox 2803 1134 3239 1217; x_wconf 76' lang='lat' dir='ltr'><strong>prospiciatur</strong></span> <span class='ocrx_word' id='word_1_283' title='bbox 3271 1132 3426 1200; x_wconf 89' lang='lat' dir='ltr'><strong>huic</strong></span> <span class='ocrx_word' id='word_1_284' title='bbox 3464 1133 3788 1200; x_wconf 87' lang='lat' dir='ltr'><strong>ecclesiae.</strong></span> <span class='ocrx_word' id='word_1_285' title='bbox 3835 1132 4030 1215; x_wconf 74' lang='lat' dir='ltr'><strong>Quod</strong></span> <span class='ocrx_word' id='word_1_286' title='bbox 4064 1142 4285 1200; x_wconf 86' lang='lat' dir='ltr'><strong>autem</strong></span> <span class='ocrx_word' id='word_1_287' title='bbox 4318 1136 4552 1202; x_wconf 86' lang='lat' dir='ltr'><strong>scribis</strong></span> 
     </span>
     <span class='ocr_line' id='line_1_50' title="bbox 2603 1218 4552 1303; baseline 0.002 -19"><span class='ocrx_word' id='word_1_288' title='bbox 2603 1218 2916 1302; x_wconf 86' lang='lat' dir='ltr'><strong>quosdam</strong></span> <span class='ocrx_word' id='word_1_289' title='bbox 2940 1219 3155 1285; x_wconf 82' lang='lat' dir='ltr'><strong>vereri</strong></span> <span class='ocrx_word' id='word_1_290' title='bbox 3176 1239 3259 1284; x_wconf 93' lang='lat' dir='ltr'><strong>ne</strong></span> <span class='ocrx_word' id='word_1_291' title='bbox 3281 1221 3419 1284; x_wconf 88' lang='lat' dir='ltr'><strong>sint</strong></span> <span class='ocrx_word' id='word_1_292' title='bbox 3438 1220 3613 1285; x_wconf 88' lang='lat' dir='ltr'><strong>inter</strong></span> <span class='ocrx_word' id='word_1_293' title='bbox 3637 1240 3758 1285; x_wconf 93' lang='lat' dir='ltr'><strong>nos</strong></span> <span class='ocrx_word' id='word_1_294' title='bbox 3779 1221 3892 1303; x_wconf 89' lang='lat' dir='ltr'><strong>qui</strong></span> <span class='ocrx_word' id='word_1_295' title='bbox 3914 1222 4111 1287; x_wconf 87' lang='lat' dir='ltr'><strong>sectis</strong></span> <span class='ocrx_word' id='word_1_296' title='bbox 4133 1230 4201 1287; x_wconf 89' lang='lat' dir='ltr'><strong>et</strong></span> <span class='ocrx_word' id='word_1_297' title='bbox 4218 1220 4383 1286; x_wconf 82' lang='lat' dir='ltr'><strong>falsa</strong></span> <span class='ocrx_word' id='word_1_298' title='bbox 4399 1220 4552 1287; x_wconf 92' lang='lat' dir='ltr'><strong>doc—</strong></span> 
     </span>
     <span class='ocr_line' id='line_1_51' title="bbox 2599 1304 4557 1388; baseline 0.002 -19"><span class='ocrx_word' id='word_1_299' title='bbox 2599 1304 2779 1369; x_wconf 88' lang='lat' dir='ltr'><strong>trina</strong></span> <span class='ocrx_word' id='word_1_300' title='bbox 2799 1306 2937 1371; x_wconf 91' lang='lat' dir='ltr'><strong>sint</strong></span> <span class='ocrx_word' id='word_1_301' title='bbox 2954 1306 3196 1384; x_wconf 86' lang='lat' dir='ltr'><strong>infecti,</strong></span> <span class='ocrx_word' id='word_1_302' title='bbox 3219 1304 3581 1388; x_wconf 91' lang='lat' dir='ltr'><strong>respondeo</strong></span> <span class='ocrx_word' id='word_1_303' title='bbox 3604 1325 3823 1371; x_wconf 88' lang='lat' dir='ltr'><strong>coram</strong></span> <span class='ocrx_word' id='word_1_304' title='bbox 3843 1305 4149 1386; x_wconf 90' lang='lat' dir='ltr'><strong>Domino,</strong></span> <span class='ocrx_word' id='word_1_305' title='bbox 4195 1306 4344 1371; x_wconf 90' lang='lat' dir='ltr'><strong>illos</strong></span> <span class='ocrx_word' id='word_1_306' title='bbox 4366 1307 4557 1373; x_wconf 85' lang='lat' dir='ltr'><strong>nobis</strong></span> 
     </span>
     <span class='ocr_line' id='line_1_52' title="bbox 2602 1390 4554 1475; baseline 0.001 -19"><span class='ocrx_word' id='word_1_307' title='bbox 2602 1410 2745 1456; x_wconf 87' lang='lat' dir='ltr'><strong>esse</strong></span> <span class='ocrx_word' id='word_1_308' title='bbox 2785 1391 3088 1457; x_wconf 88' lang='lat' dir='ltr'><strong>iniurios:</strong></span> <span class='ocrx_word' id='word_1_309' title='bbox 3132 1390 3247 1457; x_wconf 93' lang='lat' dir='ltr'><strong>sed</strong></span> <span class='ocrx_word' id='word_1_310' title='bbox 3280 1403 3380 1457; x_wconf 91' lang='lat' dir='ltr'><strong>est</strong></span> <span class='ocrx_word' id='word_1_311' title='bbox 3413 1391 3524 1458; x_wconf 84' lang='lat' dir='ltr'><strong>hic</strong></span> <span class='ocrx_word' id='word_1_312' title='bbox 3558 1393 3857 1458; x_wconf 89' lang='lat' dir='ltr'><strong>minister</strong></span> <span class='ocrx_word' id='word_1_313' title='bbox 3888 1391 4152 1475; x_wconf 91' lang='lat' dir='ltr'><strong>quidam</strong></span> <span class='ocrx_word' id='word_1_314' title='bbox 4173 1413 4256 1458; x_wconf 83' lang='lat' dir='ltr'><strong>ex</strong></span> <span class='ocrx_word' id='word_1_315' title='bbox 4291 1393 4554 1471; x_wconf 87' lang='lat' dir='ltr'><strong>nostris,</strong></span> 
     </span>
     <span class='ocr_line' id='line_1_53' title="bbox 2602 1476 4555 1565; baseline 0.001 -21"><span class='ocrx_word' id='word_1_316' title='bbox 2602 1476 2834 1561; x_wconf 86' lang='lat' dir='ltr'><strong>capulo</strong></span> <span class='ocrx_word' id='word_1_317' title='bbox 2903 1478 3242 1560; x_wconf 82' lang='lat' dir='ltr'><strong>proximus</strong></span> <span class='ocrx_word' id='word_1_318' title='bbox 3260 1529 3275 1557; x_wconf 95' lang='lat'><strong>,</strong></span> <span class='ocrx_word' id='word_1_319' title='bbox 3351 1485 3578 1562; x_wconf 89' lang='lat' dir='ltr'><strong>utpote</strong></span> <span class='ocrx_word' id='word_1_320' title='bbox 3661 1477 4130 1562; x_wconf 89' lang='lat' dir='ltr'><strong>propemodum</strong></span> <span class='ocrx_word' id='word_1_321' title='bbox 4210 1490 4555 1565; x_wconf 87' lang='lat' dir='ltr'><strong>septuage-</strong></span> 
     </span>
     <span class='ocr_line' id='line_1_54' title="bbox 2602 1561 4556 1643; baseline 0.002 -16"><span class='ocrx_word' id='word_1_322' title='bbox 2602 1564 2844 1643; x_wconf 88' lang='lat' dir='ltr'><strong>narius,</strong></span> <span class='ocrx_word' id='word_1_323' title='bbox 2858 1568 2909 1642; x_wconf 86' lang='lat'><strong>¹)</strong></span> <span class='ocrx_word' id='word_1_324' title='bbox 2968 1563 3097 1629; x_wconf 88' lang='lat' dir='ltr'><strong>huc</strong></span> <span class='ocrx_word' id='word_1_325' title='bbox 3152 1563 3308 1628; x_wconf 92' lang='lat' dir='ltr'><strong>olim</strong></span> <span class='ocrx_word' id='word_1_326' title='bbox 3357 1584 3412 1629; x_wconf 89' lang='lat' dir='ltr'><strong>a.</strong></span> <span class='ocrx_word' id='word_1_327' title='bbox 3459 1564 3542 1629; x_wconf 92' lang='lat' dir='ltr'><strong>D.</strong></span> <span class='ocrx_word' id='word_1_328' title='bbox 3593 1561 3854 1630; x_wconf 72' lang='lat' dir='ltr'><strong>Calvino</strong></span> <span class='ocrx_word' id='word_1_329' title='bbox 3899 1586 4046 1631; x_wconf 89' lang='lat' dir='ltr'><strong>cum</strong></span> <span class='ocrx_word' id='word_1_330' title='bbox 4092 1563 4556 1632; x_wconf 86' lang='lat' dir='ltr'><strong>honestissimo</strong></span> 
     </span>
     <span class='ocr_line' id='line_1_55' title="bbox 2603 1649 4556 1734; baseline 0.002 -20"><span class='ocrx_word' id='word_1_331' title='bbox 2603 1650 2972 1714; x_wconf 85' lang='lat' dir='ltr'><strong>testimonio</strong></span> <span class='ocrx_word' id='word_1_332' title='bbox 3008 1651 3444 1734; x_wconf 87' lang='lat' dir='ltr'><strong>Argentorato</strong></span> <span class='ocrx_word' id='word_1_333' title='bbox 3487 1649 3745 1727; x_wconf 87' lang='lat' dir='ltr'><strong>missus,</strong></span> <span class='ocrx_word' id='word_1_334' title='bbox 3792 1651 4029 1734; x_wconf 89' lang='lat' dir='ltr'><strong>quique</strong></span> <span class='ocrx_word' id='word_1_335' title='bbox 4071 1650 4246 1734; x_wconf 89' lang='lat' dir='ltr'><strong>apud</strong></span> <span class='ocrx_word' id='word_1_336' title='bbox 4288 1673 4409 1717; x_wconf 92' lang='lat' dir='ltr'><strong>nos</strong></span> <span class='ocrx_word' id='word_1_337' title='bbox 4453 1653 4556 1717; x_wconf 91' lang='lat' dir='ltr'><strong>in·</strong></span> 
     </span>
     <span class='ocr_line' id='line_1_56' title="bbox 2603 1735 4557 1820; baseline 0.001 -20"><span class='ocrx_word' id='word_1_338' title='bbox 2603 1743 2785 1801; x_wconf 92' lang='lat' dir='ltr'><strong>terea</strong></span> <span class='ocrx_word' id='word_1_339' title='bbox 2827 1735 2908 1801; x_wconf 92' lang='lat' dir='ltr'><strong>ab</strong></span> <span class='ocrx_word' id='word_1_340' title='bbox 2935 1736 3124 1801; x_wconf 88' lang='lat' dir='ltr'><strong>annis</strong></span> <span class='ocrx_word' id='word_1_341' title='bbox 3168 1737 3425 1801; x_wconf 88' lang='lat' dir='ltr'><strong>circiter</strong></span> <span class='ocrx_word' id='word_1_342' title='bbox 3474 1740 3551 1799; x_wconf 89' lang='grc'><strong>14</strong></span> <span class='ocrx_word' id='word_1_343' title='bbox 3596 1737 3703 1820; x_wconf 91' lang='lat' dir='ltr'><strong>pie</strong></span> <span class='ocrx_word' id='word_1_344' title='bbox 3748 1744 3817 1800; x_wconf 86' lang='lat' dir='ltr'><strong>et</strong></span> <span class='ocrx_word' id='word_1_345' title='bbox 3858 1738 4238 1804; x_wconf 88' lang='lat' dir='ltr'><strong>innocenter</strong></span> <span class='ocrx_word' id='word_1_346' title='bbox 4278 1739 4454 1802; x_wconf 81' lang='lat' dir='ltr'><strong>vixit</strong></span> <span class='ocrx_word' id='word_1_347' title='bbox 4488 1744 4557 1802; x_wconf 86' lang='lat' dir='ltr'><strong>et</strong></span> 
     </span>
     <span class='ocr_line' id='line_1_57' title="bbox 2603 1819 4554 1907; baseline 0.001 -22"><span class='ocrx_word' id='word_1_348' title='bbox 2603 1819 2842 1886; x_wconf 88' lang='lat' dir='ltr'><strong>docuit.</strong></span> <span class='ocrx_word' id='word_1_349' title='bbox 2930 1821 2999 1887; x_wconf 92' lang='lat' dir='ltr'><strong>Is</strong></span> <span class='ocrx_word' id='word_1_350' title='bbox 3044 1842 3084 1887; x_wconf 86' lang='lat' dir='ltr'><strong>a</strong></span> <span class='ocrx_word' id='word_1_351' title='bbox 3127 1820 3390 1887; x_wconf 91' lang='lat' dir='ltr'><strong>doctore</strong></span> <span class='ocrx_word' id='word_1_352' title='bbox 3435 1820 3716 1905; x_wconf 88' lang='lat' dir='ltr'><strong>quodam</strong></span> <span class='ocrx_word' id='word_1_353' title='bbox 3752 1821 4128 1902; x_wconf 72' lang='lat' dir='ltr'><strong>sorbonico,</strong></span> <span class='ocrx_word' id='word_1_354' title='bbox 4175 1826 4284 1907; x_wconf 87' lang='lat' dir='ltr'><strong>qui</strong></span> <span class='ocrx_word' id='word_1_355' title='bbox 4321 1824 4390 1888; x_wconf 90' lang='lat' dir='ltr'><strong>in</strong></span> <span class='ocrx_word' id='word_1_356' title='bbox 4430 1824 4554 1888; x_wconf 87' lang='lat' dir='ltr'><strong>hac</strong></span> 
     </span>
     <span class='ocr_line' id='line_1_58' title="bbox 2602 1906 4551 1991; baseline 0.002 -20"><span class='ocrx_word' id='word_1_357' title='bbox 2602 1906 2850 1972; x_wconf 88' lang='lat' dir='ltr'><strong>ditione</strong></span> <span class='ocrx_word' id='word_1_358' title='bbox 2893 1907 3126 1991; x_wconf 85' lang='lat' dir='ltr'><strong>agebat</strong></span> <span class='ocrx_word' id='word_1_359' title='bbox 3169 1907 3484 1991; x_wconf 85' lang='lat' dir='ltr'><strong>privatim</strong></span> <span class='ocrx_word' id='word_1_360' title='bbox 3528 1918 3594 1974; x_wconf 91' lang='lat' dir='ltr'><strong>et</strong></span> <span class='ocrx_word' id='word_1_361' title='bbox 3636 1910 3708 1973; x_wconf 89' lang='lat' dir='ltr'><strong>in</strong></span> <span class='ocrx_word' id='word_1_362' title='bbox 3766 1908 3947 1975; x_wconf 89' lang='lat' dir='ltr'><strong>illius</strong></span> <span class='ocrx_word' id='word_1_363' title='bbox 4003 1908 4270 1975; x_wconf 89' lang='lat' dir='ltr'><strong>aedibus</strong></span> <span class='ocrx_word' id='word_1_364' title='bbox 4330 1911 4551 1977; x_wconf 84' lang='lat' dir='ltr'><strong>nescio</strong></span> 
     </span>
     <span class='ocr_line' id='line_1_59' title="bbox 2602 1993 4556 2080; baseline 0.003 -23"><span class='ocrx_word' id='word_1_365' title='bbox 2602 2013 2731 2075; x_wconf 90' lang='lat' dir='ltr'><strong>quo</strong></span> <span class='ocrx_word' id='word_1_366' title='bbox 2800 2002 2989 2076; x_wconf 91' lang='lat' dir='ltr'><strong>pacto</strong></span> <span class='ocrx_word' id='word_1_367' title='bbox 3047 1993 3120 2057; x_wconf 89' lang='lat' dir='ltr'><strong>in</strong></span> <span class='ocrx_word' id='word_1_368' title='bbox 3184 1993 3690 2078; x_wconf 87' lang='lat' dir='ltr'><strong>disputationem</strong></span> <span class='ocrx_word' id='word_1_369' title='bbox 3755 2003 4119 2079; x_wconf 87' lang='lat' dir='ltr'><strong>pertractus</strong></span> <span class='ocrx_word' id='word_1_370' title='bbox 4191 2006 4258 2061; x_wconf 92' lang='lat' dir='ltr'><strong>et</strong></span> <span class='ocrx_word' id='word_1_371' title='bbox 4328 2008 4556 2080; x_wconf 76' lang='lat' dir='ltr'><strong>postea</strong></span> 
     </span>
     <span class='ocr_line' id='line_1_60' title="bbox 2603 2078 4554 2164; baseline 0.004 -22"><span class='ocrx_word' id='word_1_372' title='bbox 2603 2078 2787 2143; x_wconf 86' lang='lat' dir='ltr'><strong>nulla</strong></span> <span class='ocrx_word' id='word_1_373' title='bbox 2861 2080 3151 2144; x_wconf 86' lang='lat' dir='ltr'><strong>fraterna</strong></span> <span class='ocrx_word' id='word_1_374' title='bbox 3228 2080 3674 2146; x_wconf 86' lang='lat' dir='ltr'><strong>admonitione</strong></span> <span class='ocrx_word' id='word_1_375' title='bbox 3729 2080 4186 2164; x_wconf 89' lang='lat' dir='ltr'><strong>praecedente,</strong></span> <span class='ocrx_word' id='word_1_376' title='bbox 4256 2083 4554 2149; x_wconf 81' lang='lat' dir='ltr'><strong>articulis</strong></span> 
     </span>
     <span class='ocr_line' id='line_1_61' title="bbox 2602 2163 4553 2253; baseline 0.003 -24"><span class='ocrx_word' id='word_1_377' title='bbox 2602 2185 2762 2247; x_wconf 88' lang='lat' dir='ltr'><strong>quos</strong></span> <span class='ocrx_word' id='word_1_378' title='bbox 2804 2163 3030 2229; x_wconf 86' lang='lat' dir='ltr'><strong>vidisti</strong></span> <span class='ocrx_word' id='word_1_379' title='bbox 3094 2166 3477 2249; x_wconf 86' lang='lat' dir='ltr'><strong>conscriptis</strong></span> <span class='ocrx_word' id='word_1_380' title='bbox 3495 2218 3510 2244; x_wconf 91' lang='lat'><strong>,</strong></span> <span class='ocrx_word' id='word_1_381' title='bbox 3568 2168 3794 2232; x_wconf 85' lang='lat' dir='ltr'><strong>statim</strong></span> <span class='ocrx_word' id='word_1_382' title='bbox 3854 2167 3935 2232; x_wconf 90' lang='lat' dir='ltr'><strong>ab</strong></span> <span class='ocrx_word' id='word_1_383' title='bbox 3980 2188 4056 2233; x_wconf 90' lang='lat' dir='ltr'><strong>eo</strong></span> <span class='ocrx_word' id='word_1_384' title='bbox 4100 2168 4274 2253; x_wconf 92' lang='lat' dir='ltr'><strong>apud</strong></span> <span class='ocrx_word' id='word_1_385' title='bbox 4317 2168 4553 2234; x_wconf 81' lang='lat' dir='ltr'><strong>fratres</strong></span> 
     </span>
     <span class='ocr_line' id='line_1_62' title="bbox 2604 2250 4553 2338; baseline 0.002 -22"><span class='ocrx_word' id='word_1_386' title='bbox 2604 2261 2965 2329; x_wconf 86' lang='lat' dir='ltr'><strong>accusatus,</strong></span> <span class='ocrx_word' id='word_1_387' title='bbox 3011 2250 3406 2334; x_wconf 84' lang='lat' dir='ltr'><strong>tandemque</strong></span> <span class='ocrx_word' id='word_1_388' title='bbox 3442 2273 3547 2317; x_wconf 90' lang='lat' dir='ltr'><strong>me</strong></span> <span class='ocrx_word' id='word_1_389' title='bbox 3618 2261 3846 2318; x_wconf 90' lang='lat' dir='ltr'><strong>autore</strong></span> <span class='ocrx_word' id='word_1_390' title='bbox 3912 2275 3952 2318; x_wconf 88' lang='lat' dir='ltr'><strong>a</strong></span> <span class='ocrx_word' id='word_1_391' title='bbox 4006 2254 4553 2338; x_wconf 88' lang='lat' dir='ltr'><strong>superintenden-</strong></span> 
     </span>
     <span class='ocr_line' id='line_1_63' title="bbox 2601 2335 4554 2407; baseline 0.003 -6"><span class='ocrx_word' id='word_1_392' title='bbox 2601 2336 2777 2402; x_wconf 88' lang='lat' dir='ltr'><strong>tibus</strong></span> <span class='ocrx_word' id='word_1_393' title='bbox 2811 2335 2893 2401; x_wconf 89' lang='lat' dir='ltr'><strong>ad</strong></span> <span class='ocrx_word' id='word_1_394' title='bbox 2948 2335 3350 2402; x_wconf 88' lang='lat' dir='ltr'><strong>reddendam</strong></span> <span class='ocrx_word' id='word_1_395' title='bbox 3407 2336 3558 2404; x_wconf 90' lang='lat' dir='ltr'><strong>fidei</strong></span> <span class='ocrx_word' id='word_1_396' title='bbox 3601 2360 3758 2404; x_wconf 88' lang='lat' dir='ltr'><strong>suae</strong></span> <span class='ocrx_word' id='word_1_397' title='bbox 3797 2341 4117 2406; x_wconf 89' lang='lat' dir='ltr'><strong>rationem</strong></span> <span class='ocrx_word' id='word_1_398' title='bbox 4160 2341 4232 2405; x_wconf 90' lang='lat' dir='ltr'><strong>in</strong></span> <span class='ocrx_word' id='word_1_399' title='bbox 4289 2342 4392 2406; x_wconf 88' lang='lat' dir='ltr'><strong>ius</strong></span> <span class='ocrx_word' id='word_1_400' title='bbox 4438 2363 4554 2407; x_wconf 80' lang='lat' dir='ltr'><strong>vo-</strong></span> 
     </span>
     <span class='ocr_line' id='line_1_64' title="bbox 2603 2422 4554 2512; baseline 0.003 -24"><span class='ocrx_word' id='word_1_401' title='bbox 2603 2430 2789 2488; x_wconf 90' lang='lat' dir='ltr'><strong>catus</strong></span> <span class='ocrx_word' id='word_1_402' title='bbox 2838 2422 3137 2507; x_wconf 90' lang='lat' dir='ltr'><strong>serioque</strong></span> <span class='ocrx_word' id='word_1_403' title='bbox 3178 2423 3598 2489; x_wconf 90' lang='lat' dir='ltr'><strong>iureiurando</strong></span> <span class='ocrx_word' id='word_1_404' title='bbox 3658 2426 3975 2509; x_wconf 84' lang='lat' dir='ltr'><strong>praestito</strong></span> <span class='ocrx_word' id='word_1_405' title='bbox 4018 2424 4099 2490; x_wconf 89' lang='lat' dir='ltr'><strong>ad</strong></span> <span class='ocrx_word' id='word_1_406' title='bbox 4144 2427 4406 2512; x_wconf 85' lang='lat' dir='ltr'><strong>singula</strong></span> <span class='ocrx_word' id='word_1_407' title='bbox 4450 2431 4554 2493; x_wconf 90' lang='lat' dir='ltr'><strong>in-</strong></span> 
     </span>
     <span class='ocr_line' id='line_1_65' title="bbox 2605 2508 4554 2595; baseline 0.004 -22"><span class='ocrx_word' id='word_1_408' title='bbox 2605 2516 2978 2593; x_wconf 87' lang='lat' dir='ltr'><strong>terrogatus</strong></span> <span class='ocrx_word' id='word_1_409' title='bbox 3021 2530 3171 2576; x_wconf 90' lang='lat' dir='ltr'><strong>cum</strong></span> <span class='ocrx_word' id='word_1_410' title='bbox 3213 2508 3527 2595; x_wconf 81' lang='lat' dir='ltr'><strong>lacrymis</strong></span> <span class='ocrx_word' id='word_1_411' title='bbox 3559 2512 3786 2576; x_wconf 86' lang='lat' dir='ltr'><strong>iurans</strong></span> <span class='ocrx_word' id='word_1_412' title='bbox 3832 2531 4050 2577; x_wconf 92' lang='lat' dir='ltr'><strong>coram</strong></span> <span class='ocrx_word' id='word_1_413' title='bbox 4086 2513 4370 2579; x_wconf 91' lang='lat' dir='ltr'><strong>Domino</strong></span> <span class='ocrx_word' id='word_1_414' title='bbox 4408 2513 4554 2580; x_wconf 88' lang='lat' dir='ltr'><strong>Deo</strong></span> 
     </span>
     <span class='ocr_line' id='line_1_66' title="bbox 2604 2592 4553 2684; baseline 0.003 -23"><span class='ocrx_word' id='word_1_415' title='bbox 2604 2592 2730 2661; x_wconf 88' lang='lat' dir='ltr'><strong>sibi</strong></span> <span class='ocrx_word' id='word_1_416' title='bbox 2773 2595 2916 2659; x_wconf 89' lang='lat' dir='ltr'><strong>fieri</strong></span> <span class='ocrx_word' id='word_1_417' title='bbox 2959 2595 3288 2674; x_wconf 86' lang='lat' dir='ltr'><strong>iniuriam,</strong></span> <span class='ocrx_word' id='word_1_418' title='bbox 3325 2597 3418 2661; x_wconf 92' lang='lat' dir='ltr'><strong>sic</strong></span> <span class='ocrx_word' id='word_1_419' title='bbox 3441 2617 3511 2661; x_wconf 88' lang='lat' dir='ltr'><strong>se</strong></span> <span class='ocrx_word' id='word_1_420' title='bbox 3541 2595 3834 2676; x_wconf 89' lang='lat' dir='ltr'><strong>testibus,</strong></span> <span class='ocrx_word' id='word_1_421' title='bbox 3858 2599 4016 2662; x_wconf 80' lang='lat' dir='ltr'><strong>viva</strong></span> <span class='ocrx_word' id='word_1_422' title='bbox 4041 2619 4197 2666; x_wconf 84' lang='lat' dir='ltr'><strong>voce</strong></span> <span class='ocrx_word' id='word_1_423' title='bbox 4219 2608 4284 2663; x_wconf 88' lang='lat' dir='ltr'><strong>et</strong></span> <span class='ocrx_word' id='word_1_424' title='bbox 4307 2601 4553 2684; x_wconf 89' lang='lat' dir='ltr'><strong>scripto</strong></span> 
     </span>
     <span class='ocr_line' id='line_1_67' title="bbox 2602 2680 4556 2768; baseline 0.004 -24"><span class='ocrx_word' id='word_1_425' title='bbox 2602 2681 2943 2765; x_wconf 79' lang='lat' dir='ltr'><strong>purgavit,</strong></span> <span class='ocrx_word' id='word_1_426' title='bbox 3001 2689 3075 2745; x_wconf 90' lang='lat' dir='ltr'><strong>ut</strong></span> <span class='ocrx_word' id='word_1_427' title='bbox 3115 2680 3362 2748; x_wconf 91' lang='lat' dir='ltr'><strong>iudices</strong></span> <span class='ocrx_word' id='word_1_428' title='bbox 3405 2702 3558 2747; x_wconf 90' lang='lat' dir='ltr'><strong>eum</strong></span> <span class='ocrx_word' id='word_1_429' title='bbox 3622 2683 3942 2748; x_wconf 86' lang='lat' dir='ltr'><strong>ministris</strong></span> <span class='ocrx_word' id='word_1_430' title='bbox 3996 2686 4556 2768; x_wconf 88' lang='lat' dir='ltr'><strong>acquiescentibus</strong></span> 
     </span>
     <span class='ocr_line' id='line_1_68' title="bbox 2602 2765 4556 2855; baseline 0.004 -25"><span class='ocrx_word' id='word_1_431' title='bbox 2602 2765 3017 2832; x_wconf 82' lang='lat' dir='ltr'><strong>absolverint.</strong></span> <span class='ocrx_word' id='word_1_432' title='bbox 3111 2765 3246 2833; x_wconf 83' lang='lat' dir='ltr'><strong>Sed</strong></span> <span class='ocrx_word' id='word_1_433' title='bbox 3287 2768 3541 2834; x_wconf 90' lang='lat' dir='ltr'><strong>interea</strong></span> <span class='ocrx_word' id='word_1_434' title='bbox 3583 2783 3800 2834; x_wconf 85' lang='lat' dir='ltr'><strong>tamen</strong></span> <span class='ocrx_word' id='word_1_435' title='bbox 3842 2771 4052 2852; x_wconf 87' lang='lat' dir='ltr'><strong>sparsi</strong></span> <span class='ocrx_word' id='word_1_436' title='bbox 4094 2780 4251 2836; x_wconf 90' lang='lat' dir='ltr'><strong>sunt</strong></span> <span class='ocrx_word' id='word_1_437' title='bbox 4284 2793 4404 2855; x_wconf 91' lang='lat' dir='ltr'><strong>per</strong></span> <span class='ocrx_word' id='word_1_438' title='bbox 4447 2793 4556 2838; x_wconf 90' lang='lat' dir='ltr'><strong>ec·</strong></span> 
     </span>
     <span class='ocr_line' id='line_1_69' title="bbox 2602 2851 4555 2942; baseline 0.003 -24"><span class='ocrx_word' id='word_1_439' title='bbox 2602 2851 2832 2918; x_wconf 91' lang='lat' dir='ltr'><strong>clesias</strong></span> <span class='ocrx_word' id='word_1_440' title='bbox 2889 2852 3151 2918; x_wconf 86' lang='lat' dir='ltr'><strong>articuli</strong></span> <span class='ocrx_word' id='word_1_441' title='bbox 3207 2852 3335 2932; x_wconf 91' lang='lat' dir='ltr'><strong>illi,</strong></span> <span class='ocrx_word' id='word_1_442' title='bbox 3382 2853 3566 2919; x_wconf 86' lang='lat' dir='ltr'><strong>velut</strong></span> <span class='ocrx_word' id='word_1_443' title='bbox 3621 2864 3874 2921; x_wconf 91' lang='lat' dir='ltr'><strong>certum</strong></span> <span class='ocrx_word' id='word_1_444' title='bbox 3916 2855 4175 2939; x_wconf 87' lang='lat' dir='ltr'><strong>aliquod</strong></span> <span class='ocrx_word' id='word_1_445' title='bbox 4220 2859 4555 2942; x_wconf 87' lang='lat' dir='ltr'><strong>specimen</strong></span> 
     </span>
     <span class='ocr_line' id='line_1_70' title="bbox 2602 2937 4558 3025; baseline 0.004 -23"><span class='ocrx_word' id='word_1_446' title='bbox 2602 2945 2670 3002; x_wconf 90' lang='lat' dir='ltr'><strong>et</strong></span> <span class='ocrx_word' id='word_1_447' title='bbox 2710 2937 3162 3004; x_wconf 86' lang='lat' dir='ltr'><strong>testimonium</strong></span> <span class='ocrx_word' id='word_1_448' title='bbox 3206 2937 3537 3005; x_wconf 88' lang='lat' dir='ltr'><strong>doctrinae</strong></span> <span class='ocrx_word' id='word_1_449' title='bbox 3578 2949 3859 3020; x_wconf 90' lang='lat' dir='ltr'><strong>nostrae,</strong></span> <span class='ocrx_word' id='word_1_450' title='bbox 3897 2962 4101 3025; x_wconf 89' lang='lat' dir='ltr'><strong>quum</strong></span> <span class='ocrx_word' id='word_1_451' title='bbox 4135 2950 4354 3010; x_wconf 89' lang='lat' dir='ltr'><strong>tamen</strong></span> <span class='ocrx_word' id='word_1_452' title='bbox 4390 2946 4558 3010; x_wconf 90' lang='lat' dir='ltr'><strong>sciat</strong></span> 
     </span>
     <span class='ocr_line' id='line_1_71' title="bbox 2598 3023 4557 3115; baseline 0.004 -26"><span class='ocrx_word' id='word_1_453' title='bbox 2598 3023 2929 3090; x_wconf 87' lang='lat' dir='ltr'><strong>Dominus</strong></span> <span class='ocrx_word' id='word_1_454' title='bbox 2970 3023 3174 3104; x_wconf 89' lang='lat' dir='ltr'><strong>Deus,</strong></span> <span class='ocrx_word' id='word_1_455' title='bbox 3233 3024 3492 3090; x_wconf 88' lang='lat' dir='ltr'><strong>nullum</strong></span> <span class='ocrx_word' id='word_1_456' title='bbox 3536 3046 3621 3090; x_wconf 88' lang='lat' dir='ltr'><strong>ex</strong></span> <span class='ocrx_word' id='word_1_457' title='bbox 3675 3025 3863 3092; x_wconf 88' lang='lat' dir='ltr'><strong>nobis</strong></span> <span class='ocrx_word' id='word_1_458' title='bbox 3905 3048 4075 3108; x_wconf 88' lang='lat' dir='ltr'><strong>esse,</strong></span> <span class='ocrx_word' id='word_1_459' title='bbox 4114 3030 4218 3096; x_wconf 92' lang='lat' dir='ltr'><strong>cui</strong></span> <span class='ocrx_word' id='word_1_460' title='bbox 4260 3050 4557 3115; x_wconf 89' lang='lat' dir='ltr'><strong>unquam</strong></span> 
     </span>
     <span class='ocr_line' id='line_1_72' title="bbox 2600 3110 4559 3199; baseline 0.004 -24"><span class='ocrx_word' id='word_1_461' title='bbox 2600 3110 2670 3175; x_wconf 94' lang='lat' dir='ltr'><strong>in</strong></span> <span class='ocrx_word' id='word_1_462' title='bbox 2733 3118 3024 3176; x_wconf 91' lang='lat' dir='ltr'><strong>mentem</strong></span> <span class='ocrx_word' id='word_1_463' title='bbox 3088 3111 3349 3177; x_wconf 82' lang='lat' dir='ltr'><strong>venerit</strong></span> <span class='ocrx_word' id='word_1_464' title='bbox 3401 3113 3604 3195; x_wconf 90' lang='lat' dir='ltr'><strong>impia</strong></span> <span class='ocrx_word' id='word_1_465' title='bbox 3660 3113 3775 3177; x_wconf 90' lang='lat' dir='ltr'><strong>illa</strong></span> <span class='ocrx_word' id='word_1_466' title='bbox 3835 3112 4142 3199; x_wconf 85' lang='lat' dir='ltr'><strong>dogmata</strong></span> <span class='ocrx_word' id='word_1_467' title='bbox 4155 3168 4171 3194; x_wconf 92' lang='lat'><strong><em>‚</em></strong></span> <span class='ocrx_word' id='word_1_468' title='bbox 4245 3125 4358 3182; x_wconf 85' lang='lat' dir='ltr'><strong>aut</strong></span> <span class='ocrx_word' id='word_1_469' title='bbox 4425 3116 4559 3183; x_wconf 87' lang='lat' dir='ltr'><strong>alia</strong></span> 
     </span>
     <span class='ocr_line' id='line_1_73' title="bbox 2598 3195 4557 3280; baseline 0.004 -18"><span class='ocrx_word' id='word_1_470' title='bbox 2598 3216 3022 3280; x_wconf 83' lang='lat' dir='ltr'><strong>quaecunque</strong></span> <span class='ocrx_word' id='word_1_471' title='bbox 3089 3195 3469 3263; x_wconf 87' lang='lat' dir='ltr'><strong>huiusmodi</strong></span> <span class='ocrx_word' id='word_1_472' title='bbox 3539 3197 3647 3264; x_wconf 85' lang='lat' dir='ltr'><strong>vel</strong></span> <span class='ocrx_word' id='word_1_473' title='bbox 3710 3198 3941 3265; x_wconf 90' lang='lat' dir='ltr'><strong>docere</strong></span> <span class='ocrx_word' id='word_1_474' title='bbox 3995 3200 4104 3266; x_wconf 86' lang='lat' dir='ltr'><strong>vel</strong></span> <span class='ocrx_word' id='word_1_475' title='bbox 4173 3204 4347 3268; x_wconf 85' lang='lat' dir='ltr'><strong>tueri</strong></span> <span class='ocrx_word' id='word_1_476' title='bbox 4361 3255 4375 3280; x_wconf 90' lang='lat'><strong>,</strong></span> <span class='ocrx_word' id='word_1_477' title='bbox 4436 3203 4557 3269; x_wconf 91' lang='lat' dir='ltr'><strong>sed</strong></span> 
     </span>
     <span class='ocr_line' id='line_1_74' title="bbox 2598 3281 4560 3363; baseline 0.004 -17"><span class='ocrx_word' id='word_1_478' title='bbox 2598 3281 2771 3347; x_wconf 84' lang='lat' dir='ltr'><strong>velle</strong></span> <span class='ocrx_word' id='word_1_479' title='bbox 2815 3302 2933 3348; x_wconf 91' lang='lat' dir='ltr'><strong>nos</strong></span> <span class='ocrx_word' id='word_1_480' title='bbox 2974 3302 3221 3363; x_wconf 88' lang='lat' dir='ltr'><strong>omnes,</strong></span> <span class='ocrx_word' id='word_1_481' title='bbox 3266 3281 3619 3350; x_wconf 85' lang='lat' dir='ltr'><strong>adiuvante</strong></span> <span class='ocrx_word' id='word_1_482' title='bbox 3642 3282 3935 3351; x_wconf 89' lang='lat' dir='ltr'><strong>Domino</strong></span> <span class='ocrx_word' id='word_1_483' title='bbox 3957 3286 4102 3353; x_wconf 91' lang='lat' dir='ltr'><strong>Deo</strong></span> <span class='ocrx_word' id='word_1_484' title='bbox 4128 3287 4211 3353; x_wconf 90' lang='lat' dir='ltr'><strong>ad</strong></span> <span class='ocrx_word' id='word_1_485' title='bbox 4254 3296 4560 3354; x_wconf 77' lang='lat' dir='ltr'><strong>extrema</strong></span> 
     </span>
     <span class='ocr_line' id='line_1_75' title="bbox 2597 3368 4558 3456; baseline 0.005 -24"><span class='ocrx_word' id='word_1_486' title='bbox 2597 3387 2804 3451; x_wconf 89' lang='lat' dir='ltr'><strong>usque</strong></span> <span class='ocrx_word' id='word_1_487' title='bbox 2865 3368 3151 3452; x_wconf 88' lang='lat' dir='ltr'><strong>suspiria</strong></span> <span class='ocrx_word' id='word_1_488' title='bbox 3205 3369 3275 3434; x_wconf 93' lang='lat' dir='ltr'><strong>in</strong></span> <span class='ocrx_word' id='word_1_489' title='bbox 3319 3388 3482 3436; x_wconf 88' lang='lat' dir='ltr'><strong>sana</strong></span> <span class='ocrx_word' id='word_1_490' title='bbox 3525 3369 3818 3437; x_wconf 91' lang='lat' dir='ltr'><strong>doctrina</strong></span> <span class='ocrx_word' id='word_1_491' title='bbox 3858 3392 4265 3456; x_wconf 88' lang='lat' dir='ltr'><strong>permanere.</strong></span> <span class='ocrx_word' id='word_1_492' title='bbox 4355 3373 4558 3456; x_wconf 74' lang='lat' dir='ltr'><strong>Quod</strong></span> 
     </span>
     <span class='ocr_line' id='line_1_76' title="bbox 2597 3454 4556 3544; baseline 0.005 -25"><span class='ocrx_word' id='word_1_493' title='bbox 2597 3473 2801 3537; x_wconf 89' lang='lat' dir='ltr'><strong>quum</strong></span> <span class='ocrx_word' id='word_1_494' title='bbox 2859 3455 2953 3518; x_wconf 91' lang='lat' dir='ltr'><strong>ita</strong></span> <span class='ocrx_word' id='word_1_495' title='bbox 3001 3454 3086 3521; x_wconf 88' lang='lat' dir='ltr'><strong>sit</strong></span> <span class='ocrx_word' id='word_1_496' title='bbox 3101 3506 3115 3531; x_wconf 89' lang='lat'><strong>,</strong></span> <span class='ocrx_word' id='word_1_497' title='bbox 3175 3462 3241 3520; x_wconf 89' lang='lat' dir='ltr'><strong>te</strong></span> <span class='ocrx_word' id='word_1_498' title='bbox 3296 3475 3416 3538; x_wconf 93' lang='lat' dir='ltr'><strong>per</strong></span> <span class='ocrx_word' id='word_1_499' title='bbox 3465 3455 3807 3522; x_wconf 85' lang='lat' dir='ltr'><strong>Christum</strong></span> <span class='ocrx_word' id='word_1_500' title='bbox 3850 3478 3963 3523; x_wconf 90' lang='lat' dir='ltr'><strong>oro</strong></span> <span class='ocrx_word' id='word_1_501' title='bbox 4003 3465 4199 3544; x_wconf 85' lang='lat' dir='ltr'><strong>atque</strong></span> <span class='ocrx_word' id='word_1_502' title='bbox 4240 3461 4556 3541; x_wconf 85' lang='lat' dir='ltr'><strong>obtestor,</strong></span> 
     </span>
     <span class='ocr_line' id='line_1_77' title="bbox 2599 3538 4557 3628; baseline 0.003 -21"><span class='ocrx_word' id='word_1_503' title='bbox 2599 3538 3054 3607; x_wconf 86' lang='lat' dir='ltr'><strong>colendissimo</strong></span> <span class='ocrx_word' id='word_1_504' title='bbox 3146 3540 3491 3621; x_wconf 78' lang='lat' dir='ltr'><strong>Elam-ere,</strong></span> <span class='ocrx_word' id='word_1_505' title='bbox 3585 3550 3661 3607; x_wconf 90' lang='lat' dir='ltr'><strong>ut</strong></span> <span class='ocrx_word' id='word_1_506' title='bbox 3750 3541 4081 3610; x_wconf 76' lang='lat' dir='ltr'><strong>Farellum</strong></span> <span class='ocrx_word' id='word_1_507' title='bbox 4095 3597 4112 3623; x_wconf 93' lang='lat'><strong>,</strong></span> <span class='ocrx_word' id='word_1_508' title='bbox 4195 3544 4557 3628; x_wconf 76' lang='lat' dir='ltr'><strong>Calvinum,</strong></span> 
     </span>
     <span class='ocr_line' id='line_1_78' title="bbox 2614 3624 4560 3712; baseline 0.005 -21"><span class='ocrx_word' id='word_1_509' title='bbox 2614 3624 2921 3704; x_wconf 57' lang='lat' dir='ltr'><strong>Vinctum,</strong></span> <span class='ocrx_word' id='word_1_510' title='bbox 2967 3645 3319 3710; x_wconf 87' lang='lat' dir='ltr'><strong>eorumque</strong></span> <span class='ocrx_word' id='word_1_511' title='bbox 3362 3627 3642 3712; x_wconf 87' lang='lat' dir='ltr'><strong>collegas</strong></span> <span class='ocrx_word' id='word_1_512' title='bbox 3675 3628 3910 3694; x_wconf 85' lang='lat' dir='ltr'><strong>fratres</strong></span> <span class='ocrx_word' id='word_1_513' title='bbox 3952 3630 4115 3695; x_wconf 92' lang='lat' dir='ltr'><strong>mihi</strong></span> <span class='ocrx_word' id='word_1_514' title='bbox 4153 3632 4223 3696; x_wconf 88' lang='lat' dir='ltr'><strong>in</strong></span> <span class='ocrx_word' id='word_1_515' title='bbox 4266 3633 4560 3701; x_wconf 89' lang='lat' dir='ltr'><strong>Domino</strong></span> 
     </span>
     <span class='ocr_line' id='line_1_79' title="bbox 2597 3710 4562 3800; baseline 0.005 -23"><span class='ocrx_word' id='word_1_516' title='bbox 2597 3710 3005 3777; x_wconf 84' lang='lat' dir='ltr'><strong>venerandos</strong></span> <span class='ocrx_word' id='word_1_517' title='bbox 3039 3732 3158 3797; x_wconf 92' lang='lat' dir='ltr'><strong>per</strong></span> <span class='ocrx_word' id='word_1_518' title='bbox 3199 3712 3423 3778; x_wconf 87' lang='lat' dir='ltr'><strong>literas</strong></span> <span class='ocrx_word' id='word_1_519' title='bbox 3457 3714 3809 3780; x_wconf 87' lang='lat' dir='ltr'><strong>admoneas</strong></span> <span class='ocrx_word' id='word_1_520' title='bbox 3844 3735 3928 3780; x_wconf 91' lang='lat' dir='ltr'><strong>ne</strong></span> <span class='ocrx_word' id='word_1_521' title='bbox 3962 3716 4118 3800; x_wconf 88' lang='lat' dir='ltr'><strong>quid</strong></span> <span class='ocrx_word' id='word_1_522' title='bbox 4163 3719 4429 3785; x_wconf 86' lang='lat' dir='ltr'><strong>sinistre</strong></span> <span class='ocrx_word' id='word_1_523' title='bbox 4474 3721 4562 3787; x_wconf 88' lang='lat' dir='ltr'><strong>de</strong></span> 
     </span>
     <span class='ocr_line' id='line_1_80' title="bbox 2597 3795 4562 3890; baseline 0.006 -29"><span class='ocrx_word' id='word_1_524' title='bbox 2597 3795 2782 3863; x_wconf 90' lang='lat' dir='ltr'><strong>nobis</strong></span> <span class='ocrx_word' id='word_1_525' title='bbox 2845 3799 3260 3880; x_wconf 87' lang='lat' dir='ltr'><strong>suspicentur</strong></span> <span class='ocrx_word' id='word_1_526' title='bbox 3274 3851 3290 3877; x_wconf 95' lang='lat'><strong>,</strong></span> <span class='ocrx_word' id='word_1_527' title='bbox 3379 3800 3494 3866; x_wconf 89' lang='lat' dir='ltr'><strong>sed</strong></span> <span class='ocrx_word' id='word_1_528' title='bbox 3579 3821 3698 3868; x_wconf 81' lang='lat' dir='ltr'><strong>nos</strong></span> <span class='ocrx_word' id='word_1_529' title='bbox 3781 3806 4206 3884; x_wconf 83' lang='lat' dir='ltr'><strong>quantumvis</strong></span> <span class='ocrx_word' id='word_1_530' title='bbox 4271 3808 4562 3890; x_wconf 86' lang='lat' dir='ltr'><strong>abjectos</strong></span> 
     </span>
     <span class='ocr_line' id='line_1_81' title="bbox 2597 3884 4559 3977; baseline 0.006 -29"><span class='ocrx_word' id='word_1_531' title='bbox 2597 3890 2666 3948; x_wconf 92' lang='lat' dir='ltr'><strong>et</strong></span> <span class='ocrx_word' id='word_1_532' title='bbox 2697 3885 2969 3951; x_wconf 90' lang='lat' dir='ltr'><strong>miseros</strong></span> <span class='ocrx_word' id='word_1_533' title='bbox 2999 3884 3483 3966; x_wconf 87' lang='lat' dir='ltr'><strong>homunciones,</strong></span> <span class='ocrx_word' id='word_1_534' title='bbox 3517 3889 3754 3953; x_wconf 88' lang='lat' dir='ltr'><strong>fratres</strong></span> <span class='ocrx_word' id='word_1_535' title='bbox 3788 3899 4163 3972; x_wconf 87' lang='lat' dir='ltr'><strong>agnoscant,</strong></span> <span class='ocrx_word' id='word_1_536' title='bbox 4195 3891 4559 3977; x_wconf 82' lang='lat' dir='ltr'><strong>favereque</strong></span> 
     </span>
     <span class='ocr_line' id='line_1_82' title="bbox 2598 3970 4555 4058; baseline 0.006 -24"><span class='ocrx_word' id='word_1_537' title='bbox 2598 3977 2669 4035; x_wconf 91' lang='lat' dir='ltr'><strong>et</strong></span> <span class='ocrx_word' id='word_1_538' title='bbox 2708 3970 3011 4054; x_wconf 88' lang='lat' dir='ltr'><strong>precibus</strong></span> <span class='ocrx_word' id='word_1_539' title='bbox 3046 3979 3122 4036; x_wconf 91' lang='grc' dir='ltr'><strong>ιιι</strong></span> <span class='ocrx_word' id='word_1_540' title='bbox 3147 3979 3340 4039; x_wconf 88' lang='lat' dir='ltr'><strong>antea</strong></span> <span class='ocrx_word' id='word_1_541' title='bbox 3366 3994 3524 4058; x_wconf 88' lang='lat' dir='ltr'><strong>erga</strong></span> <span class='ocrx_word' id='word_1_542' title='bbox 3564 3972 3926 4039; x_wconf 90' lang='lat' dir='ltr'><strong>Dominum</strong></span> <span class='ocrx_word' id='word_1_543' title='bbox 3965 3973 4185 4042; x_wconf 91' lang='lat' dir='ltr'><strong>Deum</strong></span> <span class='ocrx_word' id='word_1_544' title='bbox 4210 3976 4555 4045; x_wconf 83' lang='lat' dir='ltr'><strong>adiuvent.</strong></span> 
     </span>
     <span class='ocr_line' id='line_1_83' title="bbox 2599 4053 4227 4143; baseline 0.004 -24"><span class='ocrx_word' id='word_1_545' title='bbox 2599 4053 2868 4140; x_wconf 88' lang='lat' dir='ltr'><strong>Optime</strong></span> <span class='ocrx_word' id='word_1_546' title='bbox 2911 4055 3077 4122; x_wconf 84' lang='lat' dir='ltr'><strong>vale.</strong></span> <span class='ocrx_word' id='word_1_547' title='bbox 3167 4057 3725 4143; x_wconf 83' lang='lat' dir='ltr'><strong>Mombelgardiae</strong></span> <span class='ocrx_word' id='word_1_548' title='bbox 3768 4062 3870 4125; x_wconf 82' lang='lat'><strong>23.</strong></span> <span class='ocrx_word' id='word_1_549' title='bbox 3914 4060 4227 4141; x_wconf 77' lang='lat' dir='ltr'><strong>Martii.²)</strong></span> 
     </span>
    </p>
   </div>
   <div class='ocr_carea' id='block_1_17' title="bbox 3675 4179 4372 4249">
    <p class='ocr_par' dir='ltr' id='par_1_17' title="bbox 3675 4179 4372 4249">
     <span class='ocr_line' id='line_1_84' title="bbox 3675 4179 4372 4249; baseline 0.006 -4"><span class='ocrx_word' id='word_1_550' title='bbox 3675 4179 3859 4245; x_wconf 72' lang='lat' dir='ltr'><strong>Tuus</strong></span> <span class='ocrx_word' id='word_1_551' title='bbox 3904 4181 3978 4247; x_wconf 88' lang='lat' dir='ltr'><strong>P.</strong></span> <span class='ocrx_word' id='word_1_552' title='bbox 4026 4181 4372 4249; x_wconf 75' lang='lat' dir='ltr'><strong>Tossanus.</strong></span> 
     </span>
    </p>
   </div>
   <div class='ocr_carea' id='block_1_18' title="bbox 2596 4389 4562 4668">
    <p class='ocr_par' dir='ltr' id='par_1_18' title="bbox 2596 4389 4562 4668">
     <span class='ocr_line' id='line_1_85' title="bbox 2596 4389 4562 4518; baseline 0.002 -73"><span class='ocrx_word' id='word_1_553' title='bbox 2596 4389 3182 4513; x_wconf 50' lang='lat' dir='ltr'><strong>§Sequuntgsarticoli</strong></span> <span class='ocrx_word' id='word_1_554' title='bbox 3214 4392 3517 4515; x_wconf 54' lang='grc' dir='ltr'>ᾶδοὲιιίὴιιιι</span> <span class='ocrx_word' id='word_1_555' title='bbox 3540 4391 3810 4447; x_wconf 62' lang='lat' dir='ltr'><strong>&#39;rosanus</strong></span> <span class='ocrx_word' id='word_1_556' title='bbox 3843 4395 4167 4518; x_wconf 55' lang='grc' dir='ltr'>ἰιὶῆρίεω).</span> <span class='ocrx_word' id='word_1_557' title='bbox 4202 4411 4362 4478; x_wconf 73' lang='lat' dir='ltr'><strong>quam</strong></span> <span class='ocrx_word' id='word_1_558' title='bbox 4387 4400 4562 4454; x_wconf 86' lang='lat' dir='ltr'><strong>modo</strong></span> 
     </span>
     <span class='ocr_line' id='line_1_86' title="bbox 2598 4459 4560 4668; baseline 0.005 -86"><span class='ocrx_word' id='word_1_559' title='bbox 2598 4498 2795 4582; x_wconf 55' lang='lat' dir='ltr'><strong>Turio-⁰</strong></span> <span class='ocrx_word' id='word_1_560' title='bbox 2816 4467 3238 4597; x_wconf 51' lang='lat' dir='ltr'><strong>supramlgddlinto</strong></span> <span class='ocrx_word' id='word_1_561' title='bbox 3271 4530 3310 4581; x_wconf 80' lang='lat' dir='ltr'><strong>s.</strong></span> <span class='ocrx_word' id='word_1_562' title='bbox 3348 4459 4076 4668; x_wconf 37' lang='lat' dir='ltr'><strong>utilssssp&#39;additss:</strong></span> <span class='ocrx_word' id='word_1_563' title='bbox 4098 4463 4355 4591; x_wconf 40' lang='lat' dir='ltr'><strong>&amp;Arinem</strong></span> <span class='ocrx_word' id='word_1_564' title='bbox 4329 4466 4560 4591; x_wconf 49' lang='grc' dir='ltr'><strong>ΨΜοοῖξζ</strong></span> 
     </span>
     <span class='ocr_line' id='line_1_87' title="bbox 3377 4613 3777 4668; baseline -0.013 -14"><span class='ocrx_word' id='word_1_565' title='bbox 3377 4613 3448 4668; x_wconf 79' lang='lat' dir='ltr'><strong>pe</strong></span> <span class='ocrx_word' id='word_1_566' title='bbox 3539 4615 3572 4654; x_wconf 80' lang='lat' dir='ltr'><strong>r</strong></span> <span class='ocrx_word' id='word_1_567' title='bbox 3608 4614 3777 4655; x_wconf 67' lang='lat' dir='ltr'><strong>emes.</strong></span> 
     </span>
    </p>
   </div>
   <div class='ocr_carea' id='block_1_19' title="bbox 2767 4716 4565 4801">
    <p class='ocr_par' dir='ltr' id='par_1_19' title="bbox 2767 4716 4565 4801">
     <span class='ocr_line' id='line_1_88' title="bbox 2767 4716 4565 4801; baseline 0.005 -19"><span class='ocrx_word' id='word_1_568' title='bbox 2767 4716 3164 4801; x_wconf 78' lang='lat' dir='ltr'><strong>Mysterium</strong></span> <span class='ocrx_word' id='word_1_569' title='bbox 3220 4717 3563 4786; x_wconf 74' lang='lat' dir='ltr'><strong>Trinitatis</strong></span> <span class='ocrx_word' id='word_1_570' title='bbox 3619 4739 3752 4786; x_wconf 91' lang='lat' dir='ltr'><strong>non</strong></span> <span class='ocrx_word' id='word_1_571' title='bbox 3793 4721 3921 4786; x_wconf 77' lang='lat' dir='ltr'><strong>fuit</strong></span> <span class='ocrx_word' id='word_1_572' title='bbox 3962 4729 4191 4788; x_wconf 87' lang='lat' dir='ltr'><strong>notum</strong></span> <span class='ocrx_word' id='word_1_573' title='bbox 4231 4723 4565 4794; x_wconf 82' lang='lat' dir='ltr'><strong>Patribus</strong></span> 
     </span>
    </p>
   </div>
   <div class='ocr_carea' id='block_1_20' title="bbox 2593 4903 4571 5464">
    <p class='ocr_par' dir='ltr' id='par_1_20' title="bbox 2594 4903 4563 5114">
     <span class='ocr_line' id='line_1_89' title="bbox 2595 4903 4562 4980; baseline 0.005 -20"><span class='ocrx_word' id='word_1_574' title='bbox 2595 4903 2773 4960; x_wconf 76' lang='lat'><strong>1088.</strong></span> <span class='ocrx_word' id='word_1_575' title='bbox 2799 4905 2858 4973; x_wconf 93' lang='lat'><strong>1)</strong></span> <span class='ocrx_word' id='word_1_576' title='bbox 2894 4904 3158 4960; x_wconf 67' lang='lat' dir='ltr'><strong>ssi-derue</strong></span> <span class='ocrx_word' id='word_1_577' title='bbox 3189 4906 3465 4962; x_wconf 61' lang='lat' dir='ltr'><strong>maffeii</strong></span> <span class='ocrx_word' id='word_1_578' title='bbox 3491 4908 3946 4974; x_wconf 57' lang='grc' dir='ltr'>Μωαβιτῶν.</span> <span class='ocrx_word' id='word_1_579' title='bbox 3978 4912 4248 4980; x_wconf 62' lang='grc' dir='ltr'><strong>Μῶα</strong></span> <span class='ocrx_word' id='word_1_580' title='bbox 4277 4911 4337 4965; x_wconf 80' lang='lat' dir='ltr'><strong>V.</strong></span> <span class='ocrx_word' id='word_1_581' title='bbox 4359 4910 4433 4964; x_wconf 90' lang='lat' dir='ltr'><strong>D.</strong></span> <span class='ocrx_word' id='word_1_582' title='bbox 4457 4912 4562 4970; x_wconf 72' lang='grc' dir='ltr'><strong>Π.</strong></span> 
     </span>
     <span class='ocr_line' id='line_1_90' title="bbox 2594 4972 4563 5114; baseline 0.002 -15"><span class='ocrx_word' id='word_1_583' title='bbox 2594 4972 3244 5099; x_wconf 44' lang='lat' dir='ltr'><strong>amcam?</strong></span> <span class='ocrx_word' id='word_1_584' title='bbox 3280 4975 3851 5114; x_wconf 56' lang='lat' dir='ltr'><strong>mm?</strong></span> <span class='ocrx_word' id='word_1_585' title='bbox 3880 4978 4038 5042; x_wconf 48' lang='grc' dir='ltr'><strong>Μ·</strong></span> <span class='ocrx_word' id='word_1_586' title='bbox 4071 4995 4154 5049; x_wconf 68' lang='lat'><strong>⁶²⁰·</strong></span> <span class='ocrx_word' id='word_1_587' title='bbox 4178 4979 4406 5050; x_wconf 53' lang='lat' dir='ltr'><strong>‘’W“</strong></span> <span class='ocrx_word' id='word_1_588' title='bbox 4438 4981 4563 5038; x_wconf 67' lang='lat'><strong>⁶·-</strong></span> 
     </span>
    </p>

    <p class='ocr_par' dir='ltr' id='par_1_21' title="bbox 2593 5110 4571 5464">
     <span class='ocr_line' id='line_1_91' title="bbox 2798 5110 4567 5236; baseline 0.006 -71"><span class='ocrx_word' id='word_1_589' title='bbox 2798 5110 2861 5180; x_wconf 84' lang='lat'><strong>2)</strong></span> <span class='ocrx_word' id='word_1_590' title='bbox 2895 5111 3201 5193; x_wconf 64' lang='lat' dir='ltr'><strong>Bloeewerus</strong></span> <span class='ocrx_word' id='word_1_591' title='bbox 3234 5128 3404 5168; x_wconf 70' lang='lat' dir='ltr'><strong>manu</strong></span> <span class='ocrx_word' id='word_1_592' title='bbox 3435 5115 3681 5236; x_wconf 58' lang='lat' dir='ltr'><em>W</em></span> <span class='ocrx_word' id='word_1_593' title='bbox 3725 5114 4021 5198; x_wconf 67' lang='lat' dir='ltr'><strong>adscripsit</strong></span> <span class='ocrx_word' id='word_1_594' title='bbox 4056 5114 4204 5172; x_wconf 54' lang='lat'><strong>1⁶54</strong></span> <span class='ocrx_word' id='word_1_595' title='bbox 4277 5118 4567 5188; x_wconf 65' lang='lat' dir='ltr'><strong>Alioquin</strong></span> 
     </span>
     <span class='ocr_line' id='line_1_92' title="bbox 2595 5180 4568 5326; baseline 0.004 -21"><span class='ocrx_word' id='word_1_596' title='bbox 2595 5196 2714 5317; x_wconf 48' lang='grc' dir='ltr'><strong>ἔξω</strong></span> <span class='ocrx_word' id='word_1_597' title='bbox 2733 5182 3177 5317; x_wconf 44' lang='lat' dir='ltr'><strong>Quanam,</strong></span> <span class='ocrx_word' id='word_1_598' title='bbox 3213 5180 3576 5319; x_wconf 56' lang='grc' dir='ltr'><strong>ὅέἅοέἶιάαυε,</strong></span> <span class='ocrx_word' id='word_1_599' title='bbox 3608 5188 3688 5306; x_wconf 53' lang='grc' dir='ltr'><strong>τῖα</strong></span> <span class='ocrx_word' id='word_1_600' title='bbox 3711 5200 3994 5311; x_wconf 52' lang='lat' dir='ltr'><strong>Julian-og</strong></span> <span class='ocrx_word' id='word_1_601' title='bbox 4037 5202 4407 5326; x_wconf 53' lang='lat' dir='ltr'><strong>Famqeey)</strong></span> <span class='ocrx_word' id='word_1_602' title='bbox 4455 5257 4568 5313; x_wconf 72' lang='lat' dir='ltr'><strong>ds·-</strong></span> 
     </span>
     <span class='ocr_line' id='line_1_93' title="bbox 2593 5319 4571 5395; baseline 0.004 -20"><span class='ocrx_word' id='word_1_603' title='bbox 2593 5319 2755 5375; x_wconf 63' lang='grc' dir='ltr'><strong>ποίης’</strong></span> <span class='ocrx_word' id='word_1_604' title='bbox 2781 5319 2939 5386; x_wconf 70' lang='lat' dir='ltr'><strong>fuere</strong></span> <span class='ocrx_word' id='word_1_605' title='bbox 3224 5334 3410 5376; x_wconf 65' lang='lat' dir='ltr'><strong>eorm</strong></span> <span class='ocrx_word' id='word_1_606' title='bbox 3451 5327 3684 5377; x_wconf 60' lang='lat' dir='ltr'><strong>conam</strong></span> <span class='ocrx_word' id='word_1_607' title='bbox 3727 5323 3978 5378; x_wconf 69' lang='grc' dir='ltr'><strong><em>οσοίωίαε</em></strong></span> <span class='ocrx_word' id='word_1_608' title='bbox 4012 5323 4571 5395; x_wconf 67' lang='grc' dir='ltr'>Μοιιιόαρονὼωεε</span> 
     </span>
     <span class='ocr_line' id='line_1_94' title="bbox 2595 5387 4568 5464; baseline 0.004 -21"><span class='ocrx_word' id='word_1_609' title='bbox 2595 5405 2632 5443; x_wconf 79' lang='grc' dir='ltr'><strong>ιι</strong></span> <span class='ocrx_word' id='word_1_610' title='bbox 2655 5387 3095 5458; x_wconf 57' lang='lat' dir='ltr'><strong>wirnt-beroien</strong></span> <span class='ocrx_word' id='word_1_611' title='bbox 3109 5395 3397 5459; x_wconf 62' lang='lat' dir='ltr'><strong>separata</strong></span> <span class='ocrx_word' id='word_1_612' title='bbox 3413 5389 3703 5447; x_wconf 68' lang='grc' dir='ltr'><strong>Ηαοαὲοὲο</strong></span> <span class='ocrx_word' id='word_1_613' title='bbox 3716 5393 4055 5450; x_wconf 60' lang='lat' dir='ltr'><strong>ammai.</strong></span> <span class='ocrx_word' id='word_1_614' title='bbox 4074 5398 4092 5461; x_wconf 93' lang='lat'><strong>(</strong></span> <span class='ocrx_word' id='word_1_615' title='bbox 4109 5393 4240 5449; x_wconf 75' lang='lat' dir='ltr'><strong>Vide</strong></span> <span class='ocrx_word' id='word_1_616' title='bbox 4256 5408 4358 5449; x_wconf 69' lang='lat' dir='ltr'><strong>nuo</strong></span> <span class='ocrx_word' id='word_1_617' title='bbox 4375 5393 4568 5464; x_wconf 77' lang='lat' dir='ltr'><strong>loeo.)</strong></span> 
     </span>
    </p>
   </div>
  </div>
 </body>
</html>
