4850 6200
494 469 613 533 199

483 653 576 720 ad
616 673 848 738 rupem
892 650 1065 720 unde
1121 661 1311 719 erant
1366 650 1569 717 excisi
1627 648 1947 733 respicere
2002 645 2282 724 iubebat,
2339 645 2435 710 ita

465 739 721 807 wodem
765 761 943 808 nunc
985 758 1238 823 quoque
1280 758 1399 822 per
1421 736 1653 802 Mosen
1699 754 1819 800 nos
1862 754 2192 811 revocans,
2237 751 2436 814 quam

578 846 876 893 rversum
934 824 1019 892 sit
1071 822 1492 889 multitudine
1546 820 1884 888 ecclesiam
1945 819 2190 898 metiri,
2250 836 2326 883 ae
2381 818 2438 881 si

493 934 568 978 ιιι
633 910 824 977 turba
886 909 1267 977 consisteret
1331 910 1470 974 eius
1533 907 1846 992 dignitas,
1926 902 2248 970 admonet.
2360 901 2439 969 Si

495 996 760 1082 quando
794 996 1010 1061 miuus
1035 995 1271 1061 floreat
1305 993 1548 1079 passim
1583 992 1813 1077 religio
1845 1011 2041 1073 quam
2077 987 2438 1075 optandum

493 1084 600 1163 sit,
637 1082 980 1164 dissipetur
1012 1081 1269 1164 piorum
1298 1099 1533 1163 corpus
1555 1085 1892 1160 statusque
1926 1076 2234 1142 ecclesiae
2268 1075 2439 1139 bene

487 1167 888 1253 compositus
931 1187 1195 1251 pessum
1238 1173 1374 1245 eat,
1433 1183 1566 1229 non
1619 1162 1812 1227 modo
1866 1161 2206 1228 labascunt
2249 1160 2437 1226 nobis

497 1254 612 1320 sed
673 1252 931 1337 penitus
996 1251 1305 1316 diffluunt
1369 1249 1587 1317 animi.
1691 1248 1894 1330 Atqui
1960 1246 2115 1312 dum
2180 1247 2249 1310 in
2310 1246 2436 1310 hac

495 1339 700 1405 Mosis
734 1337 1006 1403 historia
1040 1337 1350 1404 ecclesiae
1390 1341 1719 1402 structura
1754 1355 1836 1398 ex
1871 1333 2100 1412 ruinis,
2144 1330 2436 1398 collectio

494 1445 577 1490 ex
619 1424 848 1491 laceris
879 1424 1104 1489 frustis
1146 1443 1221 1489 ac
1255 1421 1562 1489 vastitate
1597 1418 1980 1497 ostenditur,
2026 1419 2258 1483 merito
2302 1417 2435 1482 tale

616 1511 741 1575 tiae
764 1508 883 1574 Dei
920 1510 1247 1592 specimen
1289 1508 1359 1573 in
1395 1508 1632 1574 bonam
1670 1504 1976 1572 fiduciam
2019 1505 2273 1587 erigere
2314 1524 2435 1567 nos

538 1596 702 1663 ebet.
780 1594 1063 1676 Quando
1106 1600 1326 1660 autem
1372 1600 1559 1659 tanta
1601 1600 1702 1658 est
1742 1590 2011 1657 humani
2059 1588 2305 1674 ingenii
2352 1586 2436 1653 ad

489 1680 830 1767 fingendos
866 1681 1112 1746 alienos
1148 1681 1361 1747 cultus
1384 1678 1747 1763 propensio,
1788 1698 1870 1743 ne
1897 1676 2107 1742 dicam
2143 1674 2433 1753 lascivia,

495 1767 663 1833 nihil
710 1768 895 1832 nobis
938 1766 1162 1831 utilius
1221 1786 1415 1849 quam
1468 1786 1539 1830 re
1630 1763 1760 1829 lam
1819 1783 1979 1847 pure
2034 1762 2284 1844 riteque
2327 1780 2433 1827 co·

493 1853 670 1917 lendi
721 1854 842 1917 Dei
889 1874 928 1918 a
972 1852 1215 1918 sanctis
1257 1851 1540 1934 patriarc
1591 1850 1648 1915 is
1692 1858 1929 1934 petere,
1977 1867 2250 1930 quorum
2295 1847 2433 1930 pie·

493 1950 695 2003 tatem
741 1937 863 2002 hac
904 1938 1251 2021 praecipue
1291 1946 1445 2001 nota
1488 1936 1786 2019 designat
1830 1935 2078 2005 Moses,
2137 1931 2304 2015 quod
2349 1954 2436 1996 ex

497 2023 632 2089 solo
677 2025 804 2089 Dei
853 2023 1045 2091 verbo
1098 2022 1546 2106 pependerint.
1654 2019 2032 2101 Quamlibet
2078 2019 2254 2082 enim
2301 2019 2436 2083 lon-

493 2130 648 2193 gum
707 2110 774 2173 in
838 2111 1124 2173 externis
1190 2110 1611 2173 caeremoniis
1677 2107 1763 2170 sit
1829 2105 2204 2181 discrimen,
2264 2104 2432 2186 quod

493 2204 712 2259 tamen
774 2194 1123 2259 inflexibile
1180 2216 1434 2277 semper
1487 2196 1710 2273 vigere
1766 2191 1954 2255 debet
1999 2193 2290 2272 utrisque
2335 2200 2434 2253 est

493 2302 862 2355 commune,
929 2293 1002 2345 ut
1055 2281 1282 2363 religio
1343 2279 1424 2344 ad
1485 2281 1690 2343 solum
1746 2278 1866 2342 Dei
1924 2276 2261 2341 arbitrium
2309 2298 2432 2337 nu·

493 2380 759 2448 tumque
805 2370 1129 2430 formetur.

665 2452 798 2515 Nee
845 2474 951 2515 me
990 2452 1148 2515 lator
1205 2464 1444 2534 quante
1499 2450 1751 2514 uberior
1811 2450 1914 2513 hic
1961 2449 2233 2512 materia
2279 2468 2431 2529 sup-

495 2552 687 2619 petat,
749 2552 815 2601 et
857 2556 1171 2620 quantum
1219 2538 1384 2601 infra
1431 2557 1658 2599 eorum
1706 2557 1867 2617 quae
1913 2536 2200 2599 breviter
2247 2533 2434 2617 attigi

491 2622 877 2707 dignitatem
937 2624 1231 2687 subsidat
1287 2644 1433 2687 mea
1485 2624 1706 2686 oratio.
1797 2620 1928 2686 Sed
1991 2624 2144 2701 quia
2199 2640 2429 2703 oppor-

493 2710 666 2773 tunis
712 2709 870 2774 loeis
915 2709 1067 2774 alibi
1114 2709 1371 2793 singula
1429 2728 1469 2771 a
1520 2729 1654 2786 me,
1717 2727 2085 2791 quanquam
2133 2727 2260 2770 non
2305 2724 2429 2788 quo

490 2816 605 2878 par
647 2804 790 2860 erat
833 2793 1178 2879 splendore
1220 2805 1284 2859 et
1340 2800 1587 2862 ornatu.
1645 2792 1904 2877 plenius
1949 2802 2167 2856 tamen
2213 2800 2278 2854 et
2322 2811 2429 2856 co-

487 2883 729 2965 piosius
789 2892 1062 2947 tractata
1107 2888 1293 2955 sunt,
1353 2900 1530 2944 nune
1571 2880 1735 2942 mihi
1780 2879 1940 2943 satis
1980 2878 2104 2942 fuit
2147 2877 2432 2955 breviter

486 2968 1033 3034 commonefacere
1065 2964 1203 3049 pios
1227 2965 1501 3029 lectores
1523 2971 1843 3046 quantum
1880 2982 2113 3045 operae
2146 2962 2432 3045 pretium

483 3053 719 3119 facturi
764 3053 898 3118 sint
954 3053 1008 3116 si
1062 3049 1306 3115 veteris
1365 3049 1674 3116 ecclesiae
1733 3048 2100 3132 exemplar,
2161 3047 2349 3131 quale
2393 3066 2434 3111 a

487 3140 672 3203 Mose
716 3158 1096 3222 expressum
1142 3143 1259 3212 est,
1306 3135 1386 3200 ad
1423 3157 1573 3199 suos
1609 3156 1766 3201 usus
1806 3135 2163 3217 prudenter
2207 3142 2432 3216 aptare

489 3224 757 3288 discant.
861 3223 949 3288 Et
1010 3229 1185 3288 certe
1243 3220 1385 3286 ideo
1436 3241 1556 3285 nos
1614 3221 1856 3286 sanctis
1913 3219 2303 3303 patriarchis
2359 3220 2429 3283 in

487 3330 668 3393 spem
715 3308 1004 3374 eiusdem
1051 3306 1472 3373 haereditatis
1517 3307 1701 3372 Deus
1744 3306 2061 3379 adiunxit,
2121 3313 2196 3371 ut
2237 3326 2428 3387 supe-

491 3401 632 3459 rata
689 3415 854 3477 quae
913 3416 1031 3459 nos
1091 3401 1350 3477 separat
1415 3399 1777 3476 temporum
1836 3391 2144 3457 distantia
2202 3399 2429 3455 mutuo

487 3479 636 3570 fidei
692 3487 757 3544 et
811 3481 1167 3564 patientiae
1221 3499 1541 3545 consensu
1598 3478 1824 3544 eadem
1878 3478 2236 3543 certamina
2277 3477 2428 3542 obe-

393 3575 400 3581 '
487 3587 689 3632 amus.

658 3650 806 3732 Quo
851 3652 1094 3715 maiore
1138 3648 1284 3715 odio
1330 3650 1514 3736 digni
1569 3660 1727 3716 sunt
1767 3649 2124 3715 turbulenti
2168 3647 2432 3732 quidam

487 3737 783 3802 homines
838 3738 948 3820 qui
1007 3738 1223 3803 nescio
1278 3757 1406 3820 quo
1464 3737 1689 3802 furiosi
1748 3735 1869 3800 zeli
1927 3743 2142 3800 oestro
2198 3735 2431 3820 perciti

489 3823 824 3890 eeclesiam
869 3831 1130 3887 nostrae
1173 3824 1404 3887 aetatis
1445 3821 1593 3906 plus
1639 3824 1795 3887 satis
1839 3821 1997 3886 dissi
2046 3833 2222 3887 atam
2267 3822 2428 3887 assi-

493 3910 617 3974 due
661 3906 1022 3990 discerpere
1068 3917 1402 3974 eonantur.
1494 3908 1641 3973 Non
1699 3908 1925 3990 loquor
2028 3927 2063 3970 e
2119 3909 2428 3989 professis

488 3994 781 4061 hostibus
825 3985 930 4078 qui
977 4001 1201 4077 aperta
1260 3995 1324 4056 vi
1384 3991 1467 4058 ad
1568 3992 1925 4059 erdendum
1970 3990 2282 4075 quidquid
2328 4004 2431 4058 est

487 4083 746 4166 piorum
821 4078 1242 4162 funditusque
1320 4078 1508 4143 delen
1558 4100 1662 4145 am
1741 4100 1962 4144 eorum
2042 4079 2428 4144 memoriam

480 4165 898 4232 incumbunt:
975 4165 1088 4230 sed
1153 4163 1234 4230 de
1299 4166 1573 4231 morosis
1647 4165 2032 4247 quibusdam
2100 4164 2427 4250 evangelii

481 4251 968 4337 professoribus,
1006 4251 1119 4334 qui
1142 4271 1273 4316 non
1297 4249 1490 4316 modo
1526 4249 1824 4316 fovendis
1862 4249 2148 4316 dissidiis
2181 4272 2426 4316 novam

471 4338 757 4405 subinde
801 4338 1143 4401 materiam
1179 4336 1617 4419 suppeditant,
1664 4335 1779 4402 sed
1820 4355 2047 4420 pacem
2092 4357 2288 4420 quam
2332 4337 2425 4420 pii

459 4425 783 4506 doctique
839 4423 1134 4488 homines
1203 4422 1486 4488 libenter
1550 4421 1839 4487 colerent
1907 4444 2027 4487 sua
2093 4423 2423 4505 inquietu-

469 4510 636 4577 dine
693 4508 1092 4593 perturbant.
1181 4507 1377 4572 Certe
1433 4507 1595 4572 haee
1649 4508 1816 4573 ratio
1873 4528 1978 4573 me
2031 4509 2208 4572 inter
2262 4508 2424 4574 alias

475 4596 563 4661 ad
609 4595 784 4660 hunc
839 4615 1058 4659 meum
1116 4593 1405 4659 laborem
1463 4600 1720 4661 vestrae
1765 4592 2154 4659 Celsitudini
2199 4592 2423 4660 dican·

479 4682 639 4747 dum
698 4680 988 4763 impulit,
1063 4688 1136 4744 ut
1206 4679 1378 4742 inter
1433 4679 1735 4746 ecclesias
1800 4679 2015 4764 longis
2080 4679 2422 4764 regionum

473 4768 711 4850 spatiis
768 4766 1030 4832 dissitas
1074 4765 1285 4849 magis
1333 4767 1675 4850 magisque
1726 4766 2048 4831 coalescat
2089 4773 2315 4830 sancta
2356 4774 2424 4830 et

477 4853 768 4916 fraterna
811 4854 1166 4917 consensio.
1191 4853 1247 4929 ⁸)
1333 4851 1504 4916 Nam
1558 4859 1636 4915 ut
1690 4851 1771 4916 ad
1818 4859 2089 4916 mutuae
2131 4871 2422 4915 commu-

481 4936 830 5002 nicationis
889 4938 1100 5002 officia
1165 4935 1335 5002 tardi
1390 4937 1594 5003 simus
1652 4955 1728 5003 ac
1787 4955 2049 5021 segnes,
2114 4934 2421 5001 deformis

485 5093 628 5104 ---——

685 5177 747 5241 3)
784 5177 863 5231 Et
898 5191 1027 5230 eane
1061 5177 1165 5231 hac
1199 5175 1536 5231 dedicatione
1553 5174 1759 5231 Noster
1790 5176 1934 5230 clare
1967 5174 2215 5241 numae,
2248 5191 2420 5244 quan·

477 5257 596 5302 mm
630 5249 691 5300 in
724 5259 779 5300 οε
811 5246 999 5312 fuerit,
1033 5245 1174 5326 πᾷιᾱ
1205 5245 1418 5325 obstare
1450 5244 1741 5314 quominus
1761 5243 2067 5325 ’eoncordia
2101 5249 2151 5297 et
2180 5244 2420 5326 parabs-

471 5321 882 5440 ‘tzermutgzffnque
914 5313 1504 5438 coafflbnglgtnrmt'
1573 5315 1650 5367 At
1682 5318 1897 5436 utinam
1933 5319 2107 5368 tacere
2141 5313 2424 5370 didacum

2004 454 2529 525 EPIS'POLAE
2578 460 2997 525 1991—1992

4356 460 4483 524 200

2540 653 2763 712 tamen
2807 646 3147 713 christiani
3192 646 3369 713 orbis
3413 647 3687 713 vastitas
3742 646 3845 715 vel
3891 646 4138 714 invitos
4179 645 4356 732 cogit
4398 645 4485 713 ad

2538 731 2687 815 piae
2729 731 3001 797 unitatis
3059 732 3364 798 studium.
3453 732 3774 799 Videmus
3829 741 3903 798 ut
3958 733 4130 799 inter
4174 733 4482 819 papistas,

2539 819 2837 902 quamvis
2881 818 3183 902 capitalia
3220 820 3395 885 inter
3439 841 3507 885 se
3565 819 3712 885 aliis
3756 820 3823 884 in
3870 818 4066 887 rebus
4120 819 4481 885 certamina

2539 911 2905 983 exerceant,
2941 910 3208 971 maneat
3239 912 3463 971 tamen
3486 905 3799 971 scelerata
3818 913 4047 972 contra
4066 904 4482 989 evangelium

2540 991 2949 1072 conspiratio.
3031 989 3245 1071 Quam
3292 991 3570 1076 exiguus
3614 992 3702 1057 sit
3742 1011 3969 1057 eorum
4013 1011 4327 1056 numerus
4370 991 4484 1074 qui

2538 1074 2858 1141 sinceram
2904 1076 3155 1143 Christi
3200 1074 3563 1144 doctrinam
3621 1084 3882 1155 tenent,
3941 1077 3996 1143 si
4055 1096 4206 1142 cum
4247 1075 4480 1175 ingen-

2536 1162 2711 1226 tibus
2753 1162 3128 1228 conferatur
3167 1162 3430 1228 illorum
3472 1163 3692 1246 copiis,
3751 1161 3967 1249 dicere
4011 1161 4181 1226 nihil
4221 1168 4477 1227 attmet.

2536 1247 2796 1312 Interea
2835 1256 3185 1331 emergunt
3207 1248 3391 1332 quasi
3426 1270 3463 1314 e
3498 1249 3649 1314 sinu
3682 1258 3904 1315 nostro
3938 1246 4243 1313 audaculi
4278 1248 4479 1331 scrip-

2539 1342 2739 1409 tores,
2802 1335 2912 1416 qui
2972 1356 3103 1399 non
3163 1335 3372 1401 solum
3433 1354 3728 1401 errorum
3787 1332 4046 1400 nebulis
4089 1354 4287 1399 sanae
4330 1333 4481 1398 doc-

2538 1419 2748 1483 trinae
2794 1420 3001 1485 lucem
3050 1421 3400 1486 obscurant
3441 1420 3547 1487 vel
3588 1422 3813 1506 pravis
3857 1419 4100 1485 deliriis
4152 1418 4482 1503 simplices

2537 1503 2911 1570 dementant
2959 1528 3033 1570 ac
3077 1508 3295 1572 minus
3338 1507 3747 1586 exercitatos,
3808 1504 3925 1572 sed
3968 1506 4239 1590 profana
4292 1502 4483 1570 dubi-

2536 1592 2719 1654 tandi
2762 1590 3027 1657 licentia
3072 1602 3275 1658 totam
3316 1592 3700 1678 religionem
3757 1591 3881 1659 sibi
3923 1589 4290 1659 convellere
4332 1612 4482 1674 per-

2538 1676 2825 1742 mittunt.
2915 1678 3085 1742 Nam
3129 1682 3314 1761 quasi
3368 1679 3611 1761 putidis
3667 1679 3805 1745 suis
3846 1677 4073 1744 ironiis
4115 1685 4183 1741 et
4226 1676 4482 1744 cavillis

2537 1763 2854 1845 genuinos
2893 1762 3184 1829 Socratis
3227 1764 3575 1848 discipulos
3619 1786 3688 1831 se
3721 1765 4015 1849 probent,
4061 1761 4315 1829 nullum
4350 1761 4484 1827 illis

2537 1869 2603 1912 m
2696 1849 2707 1861 '
2770 1849 3113 1930 plausibile
3148 1856 3250 1914 est
3284 1849 3543 1915 axioma
3567 1871 3764 1935 quam
3798 1849 3997 1916 fidem
4020 1869 4165 1915 esse
4184 1847 4479 1927 liberam,

2536 1942 2609 1998 ut
2675 1935 2843 1999 iceat
2888 1937 3117 2018 quavis
3163 1935 3245 2000 de
3287 1957 3360 1999 re
3404 1935 3792 2020 ambigendo
3834 1935 4227 2020 scripturam
4258 1936 4483 2005 ‚instar

2535 2019 2681 2085 nasi
2724 2021 2895 2085 cerei
2939 2032 3043 2098 (ut
3075 2021 3461 2104 loquuntur)
3504 2021 3858 2088 flexibilem
3892 2020 4179 2088 reddere.
4247 2021 4485 2105 Itaque

2538 2105 2661 2172 hoc
2717 2106 3057 2189 proficient
3111 2105 3377 2173 tandem
3395 2157 3409 2184 ‚
3471 2106 3585 2190 qui
3638 2107 3961 2174 illecebris
4014 2126 4223 2171 novae
4284 2105 4481 2171 huius

2534 2190 2903 2257 academiae
2945 2192 3121 2276 capti
3181 2212 3353 2257 nunc
3399 2192 3612 2260 dubiis
3670 2190 4221 2277 speculationibus
4264 2190 4482 2259 indul-

2534 2286 2721 2359 gent,
2790 2284 2863 2343 ut
2929 2298 3188 2360 semper
3251 2276 3556 2344 discendo
3613 2301 3947 2363 nunquam
4004 2276 4086 2344 ad
4142 2278 4484 2344 scientiam

2531 2364 2919 2446 perveniant
2962 2367 3269 2429 veritatis.

2704 2446 3043 2532 Quotquot
3084 2462 3300 2515 autem
3340 2450 3659 2517 machinis
3703 2472 3823 2516 nos
3866 2459 4205 2535 oppugnat
4247 2449 4475 2525 Satan,

2537 2535 2804 2600 totidem
2868 2537 3217 2602 acerrimos
3282 2537 3363 2600 ad
3441 2536 3878 2619 quaerendam
3956 2537 4477 2604 coniunctionem

2536 2620 2837 2686 stimulos
2880 2621 3067 2686 nobis
3105 2643 3246 2687 esse
3282 2623 3605 2688 convenit.
3675 2624 3893 2705 Atque
3926 2622 4105 2702 haee,
4150 2632 4225 2687 ut
4268 2643 4476 2705 spero,

2535 2707 2885 2772 necessitas
2927 2707 3260 2791 probando
3313 2707 3464 2774 huic
3518 2729 3664 2774 meo
3708 2708 3921 2773 officio
3978 2706 4233 2773 abunde
4291 2706 4478 2772 vobis

2536 2795 2882 2873 sufficeret,
2922 2794 3047 2859 nisi
3096 2794 3269 2876 quod
3328 2795 3544 2876 potius
3585 2815 3704 2877 pro
3762 2814 4020 2859 summa
4075 2802 4295 2858 vestra
4350 2794 4476 2857 hu-

2534 2880 2850 2944 manitate
2890 2892 3121 2962 suapte
3180 2895 3410 2962 sponte
3464 2889 3726 2963 gratum
3787 2881 3923 2945 fore
3982 2899 4057 2946 ac
4117 2877 4477 2943 iucundum

2535 2964 2805 3029 confido.
2896 2963 3089 3030 Certe
3134 2985 3334 3047 quum
3376 2967 3557 3030 bunc
3599 2967 4138 3032 commentarium
4195 2962 4479 3029 scribere

2536 3069 2884 3134 aggressus
2949 3071 3126 3128 sum,
3194 3059 3443 3116 norunt
3506 3051 3699 3117 multi
3765 3051 3979 3117 idonei
4044 3058 4244 3116 testes
4309 3049 4477 3115 mihi

2536 3135 2734 3200 fuisse
2792 3137 2861 3200 in
2921 3137 3137 3201 animo
3199 3158 3350 3201 eum
3454 3138 3614 3202 atris
3665 3139 3875 3202 vestri
3936 3136 4475 3203 excellentissimi

2535 3220 2862 3303 Principis
2906 3223 3156 3285 nomini
3200 3223 3399 3288 inscri
3447 3243 3573 3300 ere,
3619 3223 3675 3287 si
3714 3244 3790 3288 eo
3836 3223 4182 3308 superstite
4226 3220 4477 3287 diutius

2534 3305 2661 3370 frui
2707 3306 2892 3371 nobis
2937 3305 3161 3371 datum
3204 3308 3389 3372 foret.
3479 3307 3672 3374 Nunc
3717 3329 3890 3388 vero,
3935 3308 4091 3374 dum
4136 3326 4281 3391 post
4334 3309 4479 3374 eius

2533 3399 2807 3456 mortem
2843 3391 2925 3456 ad
2961 3394 3099 3458 eius
3144 3392 3311 3459 filios
3346 3404 3414 3458 et
3448 3393 3759 3460 haeredes
3792 3415 3900 3461 me
3932 3403 4255 3468 converto,
4302 3394 4477 3460 eius-

2533 3477 2683 3542 dem
2723 3480 3075 3544 memoriae
3118 3478 3335 3544 dicare
3378 3479 3630 3545 videor:
3687 3481 3879 3546 sicuti
3918 3491 3985 3547 et
4026 3501 4203 3546 nunc
4247 3499 4476 3546 recen-

2532 3573 2663 3627 tem
2702 3564 2917 3631 adhuc
2952 3563 3260 3630 celebrari
3301 3573 3368 3630 et
3402 3564 3637 3631 deinde
3672 3565 3756 3630 ad
3789 3575 4081 3649 posteros
4117 3567 4477 3630 transmitti

2532 3671 2664 3714 non
2708 3649 2898 3715 modo
2943 3649 3222 3734 aequum
3276 3660 3378 3716 est
3432 3652 3581 3735 quia
3636 3653 3729 3718 sic
3784 3661 4074 3717 meretur
4124 3653 4293 3736 ipsa,
4355 3652 4469 3718 sed

2531 3737 2728 3802 etiam
2794 3735 2876 3801 ad
2943 3758 3288 3802 commune
3353 3738 3725 3821 exemplum
3791 3759 3924 3805 non
3990 3759 4220 3822 parum
4290 3737 4469 3802 utile.

2531 3823 2855 3906 Magnum
2895 3833 2995 3888 est
3050 3823 3120 3887 in
3165 3822 3398 3889 nobilis
3452 3825 3820 3907 summique
3873 3825 4124 3889 ordinis
4178 3824 4473 3907 principe

2531 3909 2822 3992 cognitas
2864 3908 3065 3974 fuisse
3106 3911 3412 3988 virtutes,
3474 3929 3640 3992 quae
3691 3911 3944 3994 integra
3981 3910 4121 3976 eins
4164 3912 4470 3976 florente-

2531 4015 2654 4077 que
2697 3995 2961 4060 fortuna
3004 4016 3135 4059 non
3191 3995 3402 4060 solum
3447 3995 3513 4059 di
3609 4016 3685 4061 ae
3749 4007 3966 4062 essent
4022 4018 4098 4062 eo
4153 3997 4289 4063 loco
4351 3995 4469 4062 sed

2530 4082 2725 4145 etiam
2768 4079 2949 4145 illam
2996 4081 3466 4164 amplissimam
3509 4018 3892 4167 gingnitatem
3945 4090 4011 4147 et
4064 4091 4195 4147 tam
4255 4081 4470 4148 excel-

2530 4189 2675 4233 sum
2719 4164 2984 4231 honoris
3027 4166 3303 4250 gradum
3344 4177 3673 4234 ornarent.
3763 4166 3898 4234 Sed
3951 4189 4117 4253 quae
4170 4175 4317 4251 post
4361 4189 4470 4234 ac-

2529 4259 2786 4337 ceptam
2842 4251 2997 4317 belli
3045 4251 3297 4318 cladem
3355 4253 3427 4317 in
3496 4254 3635 4320 eius
3688 4261 3948 4337 pectore
4001 4274 4161 4321 vere
4208 4255 4471 4320 heroico

2527 4336 2925 4403 incredibilis
2990 4338 3227 4404 enituit
3291 4340 3658 4404 constantia
3732 4347 3983 4405 tantam
4050 4341 4120 4405 in
4186 4340 4471 4405 admira-

2530 4425 2771 4489 tionem
2815 4424 3026 4489 erexit
3067 4423 3360 4489 omnium
3420 4437 3705 4505 mentes,
3768 4433 3846 4490 ut
3905 4426 4054 4509 plus
4109 4423 4473 4492 accreverit

2526 4510 2703 4577 veris
2747 4509 2884 4575 eius
2926 4508 3229 4577 laudibus
3271 4529 3465 4592 quam
3508 4508 3710 4576 fuerit
3770 4532 3854 4576 ex
3905 4512 4138 4595 opibus
4181 4511 4468 4577 diminu-

2526 4606 2687 4661 tum.
2773 4595 3006 4679 Itaque
3064 4618 3196 4662 non
3247 4595 3467 4661 dubito
3526 4597 3685 4679 quin
3739 4598 3866 4663 ista
3927 4598 4124 4662 unius
4182 4597 4471 4662 hominis

2526 4682 2803 4748 infracta
2843 4681 3260 4767 magnitudO,
3318 4683 3390 4746 in
3442 4683 3620 4748 tristi
3677 4704 3843 4766 quae
3902 4682 4136 4749 deinde
4190 4691 4469 4767 sequuta

2524 4773 2624 4834 est
2666 4766 2984 4851 hodieque
3027 4768 3223 4833 durat
3258 4767 3562 4834 ecclesiae
3597 4768 4037 4847 concussione,
4082 4769 4294 4834 multa
4326 4769 4469 4854 pio—

2523 4873 2672 4919 rum
2713 4853 2922 4919 millia
2964 4852 3364 4920 sustinuerit.

2694 4938 2887 5020 Quod
2960 4940 3014 5005 si
3078 4938 3384 5004 omnibus
3450 4939 3533 5004 ad
3596 4940 4030 5006 imitationem
4094 4941 4467 5024 propositus

2521 5024 2665 5104 fuit,
2710 5046 2787 5090 eo
2830 5046 2949 5091 vos
2994 5025 3207 5090 acrius
3249 5025 3590 5110 magisque
3622 5032 3905 5105 strenue,
3949 5027 4246 5111 generosi
4266 5027 4467 5091 Prin-

2522 5111 2714 5192 cipes,
2761 5121 2834 5176 ut
2868 5130 2986 5177 vos
3020 5109 3103 5176 ad
3138 5108 3563 5178 domesticum
3606 5113 3941 5198 exemplar
3973 5113 4265 5178 formetis
4298 5113 4465 5177 eniti

2523 5197 2844 5264 convenit.
2932 5195 3072 5261 Nec
3138 5217 3296 5262 vero
3359 5196 3586 5263 dubito
3637 5199 3937 5264 certatim
4012 5197 4189 5264 vobis
4250 5197 4465 5263 tribus

2520 5303 2888 5350 commune.
2912 5280 3033 5349 hoc
3076 5283 3219 5348 sine
3262 5280 3512 5349 invidia
3553 5303 3694 5349 esse
3736 5285 4041 5350 studium.
4130 5281 4279 5364 Quo
4321 5304 4465 5348 ma-

2523 5370 2627 5454 gis
2669 5369 2868 5436 etiam
2909 5377 3415 5435 consentaneum
3474 5369 3699 5453 putavi
3749 5389 3897 5436 mea
3948 5369 4221 5454 epistola
4264 5390 4465 5453 copu-
