4850 6200
1266 646 1450 719 2151.

912 803 1320 873 vlumus
1378 803 1816 871 CALVINO.

567 978 935 1045 Novissima
989 997 1068 1044 σω
1111 977 1359 1054 Reme,
1412 978 1480 1043 in
1535 997 1658 1043 aaa
1708 977 1993 1060 ipsorum
2045 993 2240 1044 causa
2283 980 2341 1039 et

395 1065 869 1131 Goetevensium.

808 1237 881 1291 ho
903 1236 1035 1292 Cod.
1053 1233 1421 1301 Genev.111·,
1454 1234 1547 1291 sel.
1586 1234 1699 1288 111.
1770 1235 2018 1289 Vidimus
2089 1239 2341 1286 raeterea

906 1305 1109 1360 Gener.
1131 1303 1251 1370 116,
1283 1305 1377 1359 fol.
1414 1302 1530 1369 12⁹,
1566 1304 1845 1358 Boi-nense
1875 1304 2014 1373 Epp.
2116 1344 2127 1356 .
2161 1319 2214 1371 p.
2232 1299 2337 1356 411

1051 1384 1109 1428 et
1143 1372 1361 1428 Simlcri
1401 1372 1522 1427 Vol.
1558 1370 1671 1436 84.)

397 1236 507 1299 (Ex
541 1252 612 1290 nn

395 1305 728 1372 exc-plana

561 1544 822 1631 Insigni
888 1542 1144 1613 Christi
1214 1564 1409 1613 servo
1473 1544 1709 1611 Ioanni
1772 1543 2053 1610 Calvino
2117 1542 2338 1610 Gene-

393 1632 616 1698 vensis
677 1630 985 1698 ecclesiae
1045 1630 1179 1698 fido
1241 1632 1487 1716 pastori
1549 1631 1737 1696 fratri
1803 1639 1870 1696 et
1934 1638 2339 1717 symmystae

391 1738 433 1783 ο
710 1716 814 1783 do·
1833 1800 2167 1869 Genevae.

566 1959 759 2027 Mitto
801 1959 887 2024 ad
929 1969 995 2025 te
1038 1957 1376 2042 exemplar
1418 1956 1972 2024 senatusconsulti
2016 1955 2188 2040 quod
2233 1977 2338 2023 ac-

391 2046 700 2129 cepimus.
734 2050 786 2124 ¹)
892 2045 1185 2112 Tametsi
1249 2065 1382 2109 non
1449 2042 1952 2126 impetravimus
2013 2043 2342 2126 postulata

397 2133 642 2210 omnia,
707 2131 952 2214 aliquid
1013 2142 1231 2197 tamen
1301 2130 1637 2195 effecimus
1694 2129 1866 2212 quod
1919 2129 2109 2193 nobis
2166 2130 2337 2194 viam

393 2218 668 2284 fortasse
735 2216 1082 2303 aliquando
1148 2217 1407 2301 parabit
1484 2215 1566 2281 ad
1636 2216 1919 2280 meliora.
2027 2214 2177 2280 Non
2240 2224 2341 2281 est

393 2304 638 2370 frustra
679 2303 1068 2381 laboratum,
1113 2302 1372 2368 etiamsi
1408 2301 1574 2367 nihil
1611 2300 1787 2367 aliud
1831 2321 2123 2367 essemus
2166 2321 2340 2367 asse·

395 2392 575 2472 qnuti
620 2410 818 2473 quam
874 2388 1048 2472 quod
1105 2388 1292 2454 nobis
1350 2388 1688 2472 aequiores
1733 2384 2135 2452 reddidimus
2177 2407 2340 2470 quos

395 2475 754 2543 adversarii
798 2476 935 2542 suis
979 2475 1327 2541 calumniis
1381 2483 1724 2556 tantopere
1768 2495 1807 2538 a
1851 2473 2039 2538 nobis
2095 2472 2339 2538 aliena-

395 2570 646 2627 verant.
736 2560 1066 2626 Videntur
1107 2561 1274 2626 mihi
1332 2560 1461 2625 iam
1506 2580 1732 2625 omnes
1790 2560 2035 2641 optime
2080 2579 2339 2642 compa-

396 2648 520 2712 rati
578 2648 660 2712 ad
724 2668 958 2714 causae
1013 2648 1470 2732 cognitionem.
1491 2649 1548 2721 2)
1639 2647 1930 2711 Tantum
1988 2646 2339 2710 metuimus

395 2754 475 2798 ne
519 2731 670 2799 dolo
714 2734 888 2800 malo
931 2731 1269 2799 vobiscum
1313 2740 1579 2816 agatur,
1638 2732 1695 2797 si
1750 2731 2020 2797 testium
2063 2751 2341 2796 examen

395 2819 476 2884 iis
532 2821 985 2887 committatur
1039 2820 1151 2902 qui
1210 2827 1366 2884 sunt
1420 2819 1548 2902 ipsi
1605 2839 1757 2900 pars
1800 2816 2008 2882 multo
2051 2817 2342 2881 maxima

393 2905 585 2971 huius
629 2906 1018 2990 tragoediae.
1109 2905 1486 2970 Periculum
1532 2918 1634 2969 est
1686 2905 1758 2968 in
1798 2902 2224 2985 praesidibuS,
2269 2905 2340 2968 in

396 2992 624 3059 scribis
682 3002 749 3058 et
802 2993 872 3057 in
935 2993 1156 3057 multis
1215 2991 1510 3056 testibus.
1613 2990 1764 3054 Non
1824 2990 1996 3053 euim
2073 2989 2337 3073 ignoras

395 3101 519 3163 quo
561 3079 700 3146 sint
732 3080 802 3144 in
839 3089 904 3145 te
940 3079 1179 3144 affectu
1215 3098 1408 3161 quam
1445 3074 1731 3160 plurimi.
1801 3075 2027 3157 Neque
2064 3074 2336 3141 dubium

395 3176 495 3231 est
548 3168 708 3250 quin
765 3165 1128 3231 adversarii
1186 3164 1435 3229 coelum
1496 3172 1708 3228 terrae
1763 3163 2079 3227 misceant
2134 3182 2334 3244 quum

395 3253 682 3318 sentient
705 3253 969 3335 propius
1012 3251 1264 3333 laqueis
1308 3272 1377 3315 se
1399 3248 1759 3333 constringi
1782 3270 1940 3331 quos
1985 3248 2111 3313 sibi
2155 3266 2338 3329 para-

397 3346 645 3403 verant.
736 3337 956 3419 Quare
1001 3337 1208 3402 multo
1252 3345 1645 3420 praestaret,
1705 3337 1758 3400 si
1818 3335 1938 3399 hoc
1996 3333 2338 3417 impetrari

395 3437 624 3506 posset,
674 3432 747 3489 ut
793 3435 989 3489 testes
1035 3423 1295 3489 Bernae
1340 3422 1741 3495 audirentur,
1802 3441 2023 3486 eorum
2073 3427 2338 3502 sumptu

397 3512 505 3592 qui
547 3512 619 3575 in
643 3531 838 3576 causa
871 3509 1389 3586 succumberent,
1436 3518 1550 3572 aut
1584 3508 1639 3572 si
1664 3509 2080 3572 mitterentur
2117 3506 2340 3570 Berna

395 3597 506 3679 qui
547 3596 838 3662 examini
881 3603 1278 3678 praeessent.
1362 3593 1542 3659 Satis
1587 3596 1760 3658 enim
1805 3615 1923 3675 per
1965 3600 2030 3656 te
2075 3591 2339 3657 coniicis

397 3703 590 3765 quam
634 3682 912 3765 superbe
968 3682 1438 3764 triumphaturi
1482 3683 1617 3745 sint
1661 3678 1897 3760 hostes,
1955 3681 2006 3742 si
2054 3678 2152 3744 vel
2201 3698 2341 3760 spe-

396 3769 556 3833 ciem
612 3768 903 3851 aliquam
967 3769 1266 3832 invenire
1329 3769 1584 3849 possint
1640 3787 1770 3849 qua
1832 3786 2093 3830 causam
2158 3770 2339 3827 tuam

394 3863 687 3938 gravent.
793 3853 1023 3937 Neque
1080 3853 1357 3918 deerunt
1423 3853 1681 3936 patroni
1745 3849 1977 3934 quibus
2036 3848 2212 3913 dolet
2267 3868 2338 3912 se

395 3949 690 4006 votorum
755 3963 885 4005 non
939 3962 1080 4006 esse
1137 3946 1486 4022 compotes,
1588 3939 1733 4021 Ego
1789 3937 1909 4001 hac
1971 3935 2050 4000 de
2105 3956 2177 4000 re
2235 3934 2340 4017 egi

392 4026 653 4093 Bernae
719 4047 869 4093 cum
937 4024 1223 4112 syndico,
1247 4028 1302 4105 ⁸)
1367 4025 1481 4108 qui
1549 4024 1724 4088 viam
1793 4022 1975 4087 vobis
2028 4021 2110 4086 ad
2170 4022 2341 4085 hanc

391 4113 898 4198 postulationem
941 4110 1346 4196 praeclusam
1392 4110 1601 4176 altera
1637 4118 1856 4175 vestra
1902 4106 2340 4192 postulatione

393 4200 756 4266 existimat:
817 4209 1066 4264 restare
1120 4207 1341 4264 tamen
1398 4195 1614 4274 aliam,
1672 4194 1793 4261 hoc
1839 4202 1960 4274 est,
2013 4193 2342 4276 repetitio-

392 4307 542 4352 nem
587 4285 875 4365 testium,
932 4284 990 4350 si
1043 4283 1198 4368 quid
1255 4280 1782 4367 deprehendatur
1824 4279 1999 4345 mala
2057 4279 2184 4345 fide
2230 4301 2336 4345 ac-

383 4377 550 4438 tum.
643 4369 778 4437 Sed
837 4370 1157 4454 posterius
1217 4370 1341 4435 hoc
1399 4365 1789 4434 invidiosius
1843 4365 1970 4431 erit
2021 4365 2228 4430 multo
2273 4372 2342 4430 et

393 4456 742 4526 difficilius.
842 4457 946 4522 'ru
999 4456 1203 4540 igitur
1257 4455 1473 4538 cogita
1528 4452 1682 4537 quid
1742 4451 2105 4518 consultius
2159 4450 2339 4515 futu·

392 4565 539 4610 rum
584 4563 868 4610 censeas.
951 4540 1200 4608 Audivi
1241 4538 1649 4625 quorundam
1696 4537 2052 4604 amicorum
2094 4535 2343 4603 iudicia

391 4631 652 4697 Bernae
693 4631 804 4713 qui
853 4629 1044 4695 valde
1087 4636 1393 4693 metuunt
1437 4649 1517 4691 ne
1553 4626 1698 4691 dolo
1743 4625 2343 4692 circumveniantur

393 4725 611 4796 testes,
672 4724 743 4781 et
798 4736 883 4780 ne
945 4713 1176 4780 frande
1237 4712 1457 4796 aliqua
1519 4718 1978 4793 corrumpatur
2041 4730 2335 4774 examen.

396 4800 840 4885 Quamobrem
899 4801 965 4865 id
1011 4801 1218 4866 multo
1261 4798 1619 4865 consultius
1674 4797 1964 4863 iudicant
2051 4792 2180 4861 uod
2225 4793 2339 4860 ad-

392 4888 633 4955 monui.
702 4886 999 4966 Caetera,
1044 4905 1246 4972 quum
1292 4883 1580 4964 redieris,
1626 4884 1837 4949 latius.
1860 4885 1916 4961 ⁴)
2064 4902 2100 4946 e
2143 4881 2339 4946 rebus

395 5130 558 5186 m
597 5129 660 5258 {l
696 5126 1070 5267 112⁸?me
1104 5211 1195 5250 res
1226 5198 1308 5252 sic
1342 5195 1537 5250 natm
1573 5194 1912 5256 videbantur,
1947 5192 2126 5246 exim
2161 5195 2341 5246 tam

391 5284 538 5338 spa.
570 5284 684 5323 non
716 5265 1072 5349 confirmavit.

594 5337 658 5470 P)
689 5336 962 5460 gemam
995 5340 1432 5475 &Genavam
1467 5399 1723 5455 redierat.

2127 463 2293 526 1555
2337 458 2621 526 MART.

4257 460 4383 527 508

2439 646 2680 714 vestris
2726 647 2913 714 varia
2952 648 3270 713 feruntur.
3355 645 3437 714 Si
3476 644 3634 733 quid
3675 650 3778 713 est
3817 650 4143 715 mutatum
4185 645 4387 730 signi-

2437 733 2647 800 ficato.
2713 730 3032 800 Salutant
3062 742 3131 799 te
3151 733 3598 799 amantissime
3619 731 3829 798 nostri
3850 751 4095 798 omnes.
4159 729 4389 797 Vestri

2437 817 2639 903 legati
2683 816 2789 885 die
2830 817 3132 920 sabbathi
3155 822 3210 896 ⁸)
3254 816 3337 885 ad
3371 817 3803 919 diacosiorum
3838 823 4138 884 senatum
4174 836 4386 916 acces-

2437 903 3288 1059 xssttffisstt‘fffiffl
3323 904 3573 1057 {iffi-¹1
3603 904 3966 1072 fflissnciffi
3989 901 4391 1075 3333&

2440 1077 2935 1249 qggsssszpffiss,
2972 1075 3468 1231 elegditdstisffi
3573 1072 4390 1228 Lausannaepolsgerflaffl

2448 1252 2567 1314 155
2575 1253 2630 1314 5.

3467 1387 3652 1452 'I'uus
3694 1386 3938 1451 Petrus
3981 1382 4270 1449 Viretus.

3316 2033 3513 2104 2152.

3045 2188 3283 2253 BEZA
3325 2187 3787 2255 FARELLO.

2623 2362 2922 2444 Quaeritur
2987 2361 3065 2426 de
3125 2361 3404 2426 Tessano
3454 2360 3565 2441 qui
3622 2363 3809 2426 cer-tos
3860 2360 4160 2442 quosdam
4221 2361 4390 2427 Law-

2445 2468 2780 2514 sennense-³
2811 2447 3081 2525 iuvenes,
3127 2446 3356 2529 absque
3389 2446 3735 2511 testimonio
3769 2447 4162 2512 academiam
4197 2448 4390 2512 relin-

2696 2585 2707 2609 ‚
2755 2533 2842 2617 ad
2882 2533 3299 2598 ministerium
3333 2536 3672 2611 vocaverat,
3707 2536 3763 2596 et
3806 2532 3997 2597 instat
4053 2536 4126 2596 ut
4184 2531 4387 2597 Blau-

2442 2640 2626 2686 rerus
2668 2618 3225 2704 Mombelqardiam
3275 2616 3712 2699 proficiscatur
3767 2617 3869 2682 illi
3902 2617 4188 2683 ecclesiae
4238 2640 4387 2701 pro-

2442 2712 2783 2788 spectum.

2548 2878 2657 2943 (Ex
2692 2877 3027 2948 autographo
3064 2876 3433 2930 Bibliothecae
3468 2880 3745 2944 pastorum
3786 2874 4275 2940 Neocomensium.)

2614 3067 2881 3133 Eximio
2947 3086 3138 3132 servo
3203 3065 3355 3132 Iesu
3423 3064 3670 3130 Christi
3737 3075 3803 3128 et
3865 3063 4041 3129 fideli
4088 3065 4387 3130 ministro

2441 3154 2751 3221 ecclesiae
2775 3152 3235 3219 Neocomensis
3258 3153 3341 3217 D.
3370 3151 3701 3217 Gulielmo
3719 3150 3982 3215 Farello
4004 3152 4177 3234 patri
4222 3151 4388 3215 mihi

2442 3239 3049 3306 observandissime.

3886 3338 3948 3403 N
3951 3340 4212 3406 eocomi.

2616 3515 2686 3582 S.
2768 3514 2986 3581 Nullis
3052 3514 3591 3580 obtestationibus
3658 3513 3986 3593 potuimus
4049 3521 4389 3578 currentes

2442 3602 2628 3684 lupos
2664 3602 2960 3667 retinere.
3042 3600 3504 3665 Discesserunt
3538 3598 3756 3682 igitur.
3784 3601 3833 3670 ¹)
3894 3595 4088 3677 Quod
4133 3599 4389 3662 utinam

2443 3687 2776 3754 Dominus
2833 3687 3021 3752 Iesus
3088 3688 3377 3768 ipsorum
3450 3683 3720 3749 consilia
3773 3681 4060 3765 dissipet.
4162 3681 4387 3765 Scrip-

2443 3775 2649 3841 simus
2694 3794 2902 3857 pauca
2945 3770 3024 3837 ad
3077 3772 3453 3846 Tussanum,
3508 3779 3573 3834 et
3628 3766 3791 3832 illud
3851 3768 4172 3852 inprimis,
4230 3769 4391 3834 istos

2443 3881 2604 3945 quos
2648 3860 2787 3941 ipse
2834 3870 3129 3924 vocasset
3170 3855 3351 3922 nullo
3394 3854 3769 3920 testimonio
3813 3873 3852 3929 a
3895 3853 4083 3918 nobis
4126 3867 4389 3920 ornatos

2444 3945 2780 4029 proficisci,
2823 3945 2976 4026 quia
2998 3965 3198 4026 quum
3219 3941 3593 4027 petentibus
3630 3939 3762 4005 illis
3807 3939 4387 4022 respondissemus,

2441 4053 2564 4099 nos
2606 4030 2772 4097 nihil
2813 4031 3072 4095 honesti
3118 4050 3308 4114 posse
3364 4027 3443 4092 de
3495 4027 3657 4110 ipsis
3710 4026 3957 4102 testari,
4018 4026 4395 4090 maluerunt

2442 4120 2583 4185 sine
2628 4117 3002 4182 testimonio
3047 4137 3087 4179 a
3130 4116 3316 4182 nobis
3350 4112 3708 4179 discedere:
3756 4111 3925 4194 quod
3964 4127 4183 4176 tamen
4223 4113 4394 4178 istuc

2440 4204 2707 4270 missuri
2750 4223 3039 4268 essemus
3083 4204 3139 4269 si
3182 4203 3321 4285 ipse
3363 4201 3708 4283 flagitaret.
3815 4198 4230 4280 Responsum
4273 4217 4388 4261 ex-

2441 4289 2896 4374 spectabimus.
2988 4289 3079 4353 Et
3122 4297 3297 4354 certe
3346 4286 3445 4352 vel
3491 4293 3714 4368 aperte
3758 4283 3865 4348 hic
3905 4282 4135 4367 prodet
4178 4282 4389 4366 qualis

2441 4377 2528 4443 sit
2556 4376 2903 4454 Ταεεαηαε,
2938 4375 2995 4440 si
3033 4374 3275 4457 absque
3310 4381 3531 4438 nostro
3568 4370 3939 4436 testimonio
3976 4378 4125 4451 post
4160 4367 4390 4432 literas

2445 4474 2704 4528 nostras
2742 4471 3043 4544 acceptas
3066 4459 3209 4524 illos
3254 4459 3445 4543 lupos
3466 4456 3921 4531 introduxerit,
3969 4455 4069 4518 vel
4094 4455 4387 4518 futurum

2443 4557 2543 4614 est
2587 4557 2662 4612 ut
2701 4548 2809 4612 isti
2854 4568 2985 4612 non
3010 4556 3438 4629 assequantur
3474 4542 3645 4626 quod
3687 4550 3933 4626 optant,
3981 4540 4035 4604 si
4072 4539 4385 4602 nimirum

2444 4656 2483 4699 a
2525 4633 2716 4699 nobis
2760 4633 3209 4698 testimonium
3257 4631 3428 4696 mitti
3471 4627 3830 4713 postularit.

2611 4721 2964 4786 Caeterum
3007 4717 3310 4800 perlectis
3349 4717 3480 4781 tuis
3515 4714 3722 4780 literis
3756 4723 3824 4777 et
3858 4711 4099 4777 auditis
4133 4708 4384 4776 duobus

2442 4807 2686 4873 nostris
2729 4804 3059 4882 fratribus,
3118 4803 3229 4888 qui
3284 4801 3368 4867 ad
3424 4811 3489 4866 te
3545 4808 3991 4876 revertuntur,
4047 4796 4385 4862 iusserunt

2440 4914 2544 4958 me
2588 4892 2875 4976 collegae
2915 4899 2989 4956 ut
3044 4889 3379 4956 communi
3433 4886 3696 4952 nomine
3763 4883 3844 4949 ad
3902 4897 3966 4947 te
4015 4880 4385 4961 scriberem,

2441 5001 2575 5058 nos,
2614 4980 2785 5044 sicut
2819 4987 2893 5042 tu
2929 4997 3170 5054 mones,
3208 4974 3622 5042 constituisse
3660 4969 4048 5037 Blaurerum
4081 4965 4385 5032 omnibus

2441 5253 2621 5310 aisa.
2646 5183 2712 5318 fil
2742 5183 2827 5308 395³
2856 5182 3281 5324 ssssi‘sskamm
3320 5246 3581 5328 loquitar·
3602 5245 3667 5299 a«
3708 5244 3971 5326 εωαωρες
4015 5242 4383 5298 Lamum-

2441 5326 2777 5449 323031ιὲοῶ
2779 5398 2800 5447 t
2805 5322 3090 5444 fl'osmnus
3132 5321 3193 5373 in
3238 5317 3407 5374 lectam
3443 5315 3789 5369 damasum-um
3821 5318 4197 5400 nummorum
4231 5309 4384 5376 tuffi-
