4850 6200
317 427 437 493 289

318 613 447 682 Hoc
503 618 594 681 est
647 633 873 699 corpus
927 610 2254 694 meum‚1³aulus1·ocmemeseoovpue.

317 699 505 768 Circa
540 701 743 768 verba
805 698 1021 786 poculi
1070 699 1180 765 lon
1307 699 1517 764 maior
1556 698 1850 764 cernitur
1889 696 2254 765 diversitas.

315 786 690 854 Matthaeus
742 784 1072 871 praefigit:
1207 785 1350 851 {bite
1405 805 1480 850 av
1534 783 1643 850 hoc
1694 804 1933 864 omnem
1988 785 2256 852 Marcus

313 872 675 958 subiungit:
746 877 802 938 ci
864 872 1142 938 biberunt
1191 891 1268 937 a
1323 890 1392 936 co
1445 889 1686 950 omne-u
1755 868 2133 937 Matthaeus
2191 877 2258 936 et

314 957 580 1025 Marcus
640 955 724 1025 de
803 957 1032 1042 poculo
1098 954 1350 1023 dicunt:
1413 954 1541 1022 Hic
1595 960 1683 1021 est
1733 956 1997 1040 sanquis
2052 976 2253 1036 meum

315 1043 526 1110 Lucas
585 1052 655 1109 et
710 1044 958 1110 Paulus
1012 1062 1147 1108 nou
1200 1049 1437 1109 vocant
1492 1040 1796 1126 poculum
1853 1048 1967 1106 aut
2021 1040 2254 1108 vinum

309 1129 703 1214 sanguinem
740 1127 858 1196 sed
898 1149 1122 1196 novum
1164 1132 1591 1194 mmmmm
1624 1129 1695 1192 in
1726 1148 1805 1193 sa
1929 1127 2051 1194 ine.
2111 1126 2256 1193 Imo

315 1215 528 1282 Lucas
571 1214 698 1281 Est
748 1236 883 1282 nou
939 1213 1158 1295 habet,
1221 1213 1470 1279 Paulus
1513 1212 1735 1279 habet:
1795 1147 1933 1279 ἕρσαι)
1964 1212 2258 1296 poc-dum

311 1321 532 1367 novum
573 1306 997 1367 testamentum
1039 1305 1128 1366 est
1179 1300 1250 1366 in
1291 1318 1423 1365 uteo
1476 1299 1797 1382 sanquine.
1882 1297 2257 1365 Matthaeus

309 1393 376 1453 et
393 1386 667 1453 Marcus
708 1387 970 1454 dicunt:
1017 1386 1126 1468 qui
1155 1405 1280 1468 pro
1322 1385 1537 1451 multis
1570 1385 1930 1457 effundiw.
1998 1384 2252 1450 Lucas:

312 1473 418 1556 qui
461 1492 588 1554 pro
631 1473 808 1539 vobis
847 1472 1206 1554 effunditur.
1273 1471 1524 1536 Paulus
1565 1470 1760 1555 plane
1802 1470 2062 1535 omittit.
2128 1470 2259 1535 Re-

309 1559 473 1642 petit
513 1558 768 1625 Paulus
810 1556 981 1642 quod
1005 1557 1212 1624 Lucas
1255 1574 1390 1621 non
1431 1556 1658 1622 habet:
1707 1554 1843 1622 Hoc
1879 1554 2068 1637 facito
2110 1573 2258 1638 quo-

313 1643 662 1726 tiescumque
710 1643 988 1710 biberitis
1043 1652 1164 1709 ete.
1250 1641 1526 1707 Addunt
1581 1642 1691 1706 alii
1750 1641 1879 1706 duo
1923 1641 2015 1707 M.
2061 1650 2131 1706 et
2171 1640 2255 1705 R.

313 1729 454 1796 Non
495 1730 703 1796 bibam
745 1729 1008 1812 posthac
1050 1737 1171 1794 etc.
1271 1727 1518 1793 Paulus
1578 1728 1718 1793 eius
1770 1727 2131 1793 sententiae
2176 1746 2258 1791 ne

310 1814 504 1882 verbo
544 1815 806 1899 quidem
841 1816 1156 1881 meminit.
1226 1815 1444 1880 Lucas
1487 1812 1750 1879 nonnisi
1791 1832 1909 1896 per
1941 1811 2258 1896 hysteron

351 1912 618 1967 roteron
673 1908 1158 1968 commemorat.
1260 1898 1438 1981 Quid
1493 1897 1668 1983 quod
1720 1897 2005 1964 Ioannes
2062 1918 2257 1981 pecu·

309 1922 467 2054 liare
510 1986 709 2053 habet
752 1986 1058 2071 loquendi
1094 1984 1349 2071 genus?
1415 1985 1602 2051 Haec
1646 1993 1867 2051 autem
1912 1983 2257 2050 diversitas

307 2094 506 2157 quum
564 2073 709 2140 luce
778 2071 1142 2138 meridiana
1209 2069 1602 2137 luculentior
1673 2071 1791 2149 sit,
1864 2090 1991 2153 quo
2063 2068 2258 2134 modo

307 2158 578 2244 posthac
618 2159 957 2226 iactabunt
994 2157 1354 2224 adversarii
1406 2156 1618 2222 nostri
1663 2156 1906 2222 diserta
1948 2153 2152 2222 verba
2194 2161 2261 2218 et

310 2265 700 2375 eonsensgim
756 2243 837 2311 ad
894 2243 1199 2311 literam?
1290 2244 1528 2309 Annon
1588 2240 2057 2309 dissonantiam
2111 2261 2261 2325 per-

309 2331 561 2415 cipiunt
578 2379 592 2393 .

477 2417 616 2483 Nos
660 2424 879 2482 autem
924 2416 1298 2494 asserimus,
1357 2414 1527 2480 nihil
1586 2414 1757 2479 inter
1801 2432 1870 2477 se
1916 2410 2262 2478 dissentire

312 2502 758 2586 Evangelistas
797 2510 867 2566 et
885 2500 1256 2587 Apostolos,
1301 2498 1416 2567 sed
1458 2499 1579 2567 sub
1618 2498 1894 2564 diversis
1937 2496 2153 2563 verbis
2197 2504 2264 2561 et

312 2588 652 2655 sententiis
695 2586 967 2654 eandem
1012 2588 1276 2653 omniuo
1319 2607 1458 2652 rem
1502 2584 1749 2651 dooere.
1817 2583 1911 2650 Et
1953 2580 2260 2649 cordatus

310 2674 700 2757 minimeque
743 2682 1129 2741 excaecatus
1172 2671 1423 2739 invidia
1466 2670 1731 2748 videbit,
1778 2670 1836 2734 si
1880 2676 2254 2734 nostrorum

311 2759 741 2843 expositiones
785 2768 959 2826 recte
984 2756 1386 2843 expenderit,
1431 2757 1596 2822 nihil
1640 2776 1750 2823 eas
1792 2757 1964 2821 inter
2008 2774 2078 2820 se
2120 2752 2258 2819 dis·

314 2846 570 2912 sentire.

1084 3014 1337 3081 Tabula
1379 3014 1471 3080 Π.

449 3155 736 3222 Veterum
777 3154 1082 3236 apos-itio
1123 3154 1544 3302 inter-prgam,
1592 3150 1725 3216 Hoc
1766 3154 1853 3216 est
1895 3168 2121 3232 corpus

1094 3258 1300 3303 meum
1400 3259 1450 3303 o.

473 3358 920 3426 Tertullianus
963 3365 1194 3424 contra
1215 3356 1619 3423 Marcionem
1664 3355 1812 3421 Lib.
1839 3360 1897 3419 4.
1946 3352 2254 3420 Christus

307 3453 642 3529 acceptum
686 3464 921 3529 panem
964 3453 1031 3508 et
1073 3442 1497 3509 distributum
1540 3441 1875 3526 discipulis
1930 3441 2067 3506 suis
2109 3460 2254 3506 cor-

305 3552 426 3615 pus
458 3551 654 3597 suum
689 3530 875 3595 illum
909 3530 1089 3596 feeit:
1135 3529 1284 3594 Hoc
1325 3537 1424 3594 est
1459 3547 1695 3611 corpus
1727 3547 1946 3592 meum
1981 3525 2252 3593 dicendo

304 3616 371 3684 id
414 3627 515 3684 est
555 3618 770 3701 figura
811 3616 1100 3699 corporis
1139 3614 1286 3679 mei.

471 3702 729 3768 Hieron
778 3722 927 3766 mus
966 3701 1039 3766 in
1082 3700 1323 3767 Matth.
1372 3702 1452 3763 26
1495 3718 1633 3783 cap.
1703 3696 2070 3764 Veritatem
2105 3717 2251 3763 cor-

300 3788 476 3873 poris
519 3788 622 3853 sui
811 3786 825 3801 ⁶
865 3794 972 3852 tus
1016 3807 1087 3852 re
1134 3786 1548 3852 raesentavit.

470 3873 984 3959 Chrysostomus
1111 3871 1284 3936 omil.
1344 3871 1415 3936 iu
1468 3869 1707 3935 Matth.
1764 3871 1865 3935 83.
1955 3867 2033 3934 si
2073 3887 2248 3933 mor-

301 3971 452 4027 tuus
495 3959 684 4026 Iesus
730 3979 864 4024 non
909 3964 1028 4036 est,
1069 3958 1257 4023 euius
1290 3954 1656 4041 symbolum
1701 3976 1776 4021 ac
1820 3954 2082 4040 signum
2125 3952 2248 4020 hoc

301 4044 693 4114 sacrificium
739 4042 884 4110 est?
1641 4093 1646 4096 ,

473 4129 925 4197 Theodoretus
981 4128 1051 4194 in
1108 4126 1551 4213 Polymorpho
1607 4125 1865 4210 dialogo
1917 4127 1974 4190 2.
2060 4123 2250 4209 Mys-

301 4218 434 4283 tica
474 4215 776 4302 symbola
818 4215 1105 4299 eorporis
1146 4223 1216 4281 et
1257 4212 1598 4297 sanguinis
1642 4211 1912 4278 Domini
1955 4210 2253 4296 symbola

301 4309 474 4370 sunt.
564 4302 658 4368 Et
700 4302 757 4367 si
801 4300 1027 4367 divina
1067 4300 1380 4386 mysteria
1438 4319 1672 4383 corpus
1723 4296 1895 4382 quod
1953 4317 2109 4363 vere
2153 4304 2254 4362 est

300 4393 819 4474 repraesentant,
865 4406 1021 4472 ergo
1061 4407 1295 4470 eorpus
1338 4385 1537 4451 etiam
1572 4405 1749 4451 nune
1786 4382 2056 4450 Domini
2093 4403 2251 4466 quo-

297 4494 428 4560 que
469 4491 708 4558 eorpus
746 4480 863 4539 est.

475 4559 860 4627 Ambrosius
901 4559 970 4624 in
1021 4563 1049 4622 1
1092 4556 1175 4623 ad
1209 4555 1508 4623 Corinth.
1541 4561 1608 4620 11
1660 4575 1795 4639 cap.
1865 4553 1997 4637 Qui
2040 4561 2251 4620 morte

298 4645 575 4712 Domini
675 4645 934 4711 liberati
1018 4664 1245 4711 sumus
1333 4642 1528 4708 huius
1613 4642 1707 4707 rei
1781 4660 2101 4707 memores
2179 4640 2250 4705 in

297 4729 556 4798 edendo
598 4738 667 4797 et
706 4729 997 4816 potando
1038 4749 1302 4796 carnem
1346 4733 1414 4794 et
1454 4727 1861 4813 sanguinem,
1928 4746 2092 4811 quae
2133 4747 2251 4810 pro

299 4817 496 4884 nobis
538 4817 760 4884 oblata
802 4823 979 4895 suut,
1022 4814 1485 4901 significamus.

475 4904 891 4988 Augustinus
923 4903 996 4967 in
1021 4899 1295 4967 eandem
1329 4899 1779 4984 loquutionum
1798 4898 2074 4965 classem
2103 4919 2253 4964 eon-

299 4986 472 5056 iioit:
533 4988 806 5075 sanguis
849 4995 948 5055 est
990 4989 1228 5063 anima,
1281 4994 1469 5070 petra
1511 4989 1655 5051 erat
1694 4984 2017 5051 Christus.
2103 4984 2253 5051 Hoc

297 5085 406 5142 est
445 5093 680 5159 corpus
725 5094 965 5140 meum.
1006 5074 1154 5140 Lib.
1180 5071 1449 5155 Quaest.
1508 5074 1545 5135 3
1582 5071 1801 5139 Levit.
1848 5069 2112 5153 Quaest.
2141 5074 2250 5150 57;

297 5169 540 5227 contra
580 5161 1011 5226 Adimantum
1053 5179 1107 5225 c.
1159 5164 1265 5239 123
1307 5169 1534 5226 contra
1574 5156 1855 5223 Advers.
1894 5156 2061 5239 legis
2102 5156 2250 5223 Lib.

303 5249 342 5311 2
404 5267 544 5330 cap.
605 5251 663 5313 9.
759 5247 947 5313 Idem
1000 5248 1070 5310 in
1128 5244 1371 5312 Psalm.
1430 5247 1488 5309 3.
1587 5243 1896 5311 Christus
1954 5240 2253 5309 adhibuit

297 5330 541 5398 Iudam
584 5332 668 5399 ad
711 5331 1115 5410 convivium,
1172 5331 1244 5396 in
1297 5351 1423 5416 quo
1462 5330 1747 5415 eorporis
1800 5337 1868 5395 et
1909 5328 2252 5415 sanguinis

520 5434 742 5492 Calvio&
771 5449 954 5505 opera.
1035 5434 1148 5491 Vol.
1183 5432 1314 5490 XV.

2041 428 2206 492 1554
2248 421 2575 494 OOTOB.

4166 435 4296 500 290

2355 635 2492 765 31ηῶ
2492 613 2802 765 εἰμι-ιω
2864 614 3197 700 discipulis
3276 617 3413 684 suis
3476 615 3959 684 commendavit
4035 625 4103 685 et
4164 626 4308 686 tra·

2528 784 2943 870 Fulgentius,
2986 788 3306 855 referente
3348 786 3726 873 Haymone:
3788 788 3919 857 Hie
3963 796 4064 856 est
4104 790 4300 872 calix,

2358 868 2624 971 Novjum
2647 872 3160 954 Testamentum,
3200 875 3427 957 inquit,
3471 871 3539 938 id
3571 882 3698 940 est:
3743 874 3849 941 hic
3892 875 4062 942 calix
4105 897 4301 961 quem

2358 956 2545 1023 vobis
2587 955 2773 1024 trado
2816 958 3085 1024 Novum
3129 960 3623 1026 Testamentum
3667 959 3989 1044 significat
4022 970 4142 1028 ete.

2531 1039 2710 1108 Sunt
2764 1043 2960 1109 etiam
3024 1045 3189 1112 aliae
3247 1054 3547 1112 veterum
3603 1045 3707 1111 his
3762 1067 3894 1111 non
3953 1046 4298 1114 dissimiles

2359 1128 2798 1211 expositiones
2840 1150 3003 1212 quas
3041 1130 3147 1196 his
3187 1131 3581 1214 coniungere
3621 1129 3856 1196 licebit.

2534 1211 2710 1295 Quid
2755 1214 2927 1297 quod
2973 1216 3166 1281 tertia
3206 1216 3527 1301 potuisset
3568 1217 3785 1300 parari
3828 1216 4051 1284 tabula
4087 1216 4301 1284 diver-

2362 1319 2586 1364 sarum
2629 1300 3006 1384 opinionum
3053 1300 3368 1387 quomodo
3409 1302 3596 1386 panis
3648 1303 3736 1368 sit
3775 1323 4007 1385 corpus
4049 1303 4301 1369 Christi

2361 1405 2444 1449 ex
2504 1384 2778 1450 lectione
2836 1391 2919 1451 40
2973 1387 3043 1452 in
3110 1408 3424 1454 canonem
3489 1388 3725 1453 missae
3768 1387 4096 1454 Gabi-ielis
4152 1388 4305 1454 Biel.

2360 1477 2427 1534 et
2471 1491 2552 1535 ex
2598 1468 2782 1536 Sext.
2826 1472 3084 1540 Decret.
3126 1473 3238 1539 lib.
3276 1473 3356 1538 de
3397 1472 3826 1539 celebratione
3863 1474 4209 1540 missarum
4247 1495 4304 1542 c.

2361 1554 2535 1622 Cum
2577 1556 2917 1636 Marthae,
2971 1564 3039 1624 et
3094 1578 3180 1624 ex
3233 1559 3473 1641 scripto
3516 1556 3698 1624 Secti
3747 1580 3944 1643 super
3994 1568 4301 1642 quartum

2361 1648 2645 1707 sentent.
2705 1642 3053 1710 Distinctio
3126 1647 3198 1708 11
3275 1654 3520 1727 quaest.
3585 1648 3641 1710 3.
3751 1644 3847 1711 Ut
3909 1646 4016 1711 vel
4081 1666 4161 1710 ex
4217 1645 4300 1712 iis

2362 1733 2708 1811 appareat,
2764 1749 2957 1811 quam
3013 1730 3331 1796 variarint
3381 1727 3556 1813 apud
3610 1731 3898 1813 papistas
3935 1729 4299 1796 sententiae

2362 1824 2712 1912 antequam
2765 1812 2848 1880 ab
2889 1814 3273 1882 Innocentio
3327 1813 3594 1880 definita
3646 1813 3773 1881 fuit
3816 1816 4301 1885 transsubstan-

2361 1906 2549 1964 tiatio
2591 1907 2711 1967 etc.

3148 2156 3545 2170 *-

3240 2360 3438 2430 2⁰85.

2473 2495 3059 2563 BIBLIANDER
3104 2494 3476 2564 CONTRA
3520 2497 4204 2566 WES'I'PHALUM.

2450 2668 2561 2735 (Ex
2598 2666 2787 2722 eodem
2826 2666 3007 2720 codice
3045 2666 3329 2721 Turiceusi
3363 2666 3455 2722 fol.
3489 2666 3594 2721 408
3629 2674 3685 2721 et
3718 2667 3930 2724 Simleri
3966 2668 4090 2723 Vol.
4125 2666 4237 2734 83.)

2365 2822 2451 2887 In
2508 2819 2826 2887 Ioachimi
2870 2819 3249 2904 Westphali
3307 2820 3572 2887 Hambu
3654 2821 3831 2887 ensis
3871 2821 4308 2906 Farraginem

2367 2908 2916 2973 confusaneamm
2962 2915 3030 2971 et
3089 2906 3263 2972 inter
3312 2927 3383 2971 se
3427 2905 3585 2973 dissi
3632 2907 3882 2972 entium
3927 2908 4306 2989 opinionum

2366 2992 2447 3058 de
2491 3013 2691 3058 coena
2735 2990 2994 3056 Domini
3054 3014 3137 3058 ex
3181 2989 3859 3058 Sacramentariorum
3916 2992 4095 3059 libris
4151 3013 4308 3061 con-

2364 3087 2615 3164 gestam
2665 3084 2733 3144 et
2776 3097 2831 3142 a.
2901 3081 3060 3142 1552
3116 3076 3482 3145 Consensui
3538 3078 3713 3144 inter
3765 3077 3959 3145 Helv.
4020 3090 4087 3144 et
4127 3078 4305 3146 Gall.

2546 3164 2876 3231 Ecclesiae
2918 3164 3085 3230 inito
3128 3165 3490 3248 oppositam
3534 3164 4123 3232 annotatiunculae.

3182 3305 3484 3312 ---————..--—.

2359 3385 2469 3452 Ad
2519 3395 2716 3470 caput
2772 3395 3035 3451 nostrae
3078 3384 3544 3452 Consensionis
3588 3384 3669 3451 de
3712 3388 4116 3470 expositione
4160 3409 4310 3454 ver-

2358 3473 2591 3538 borum
2637 3472 2903 3537 Domini
2951 3469 3032 3537 de
3077 3469 3300 3538 Coena
3356 3471 3658 3537 Domini:
3718 3471 3865 3538 Hoc
3919 3482 4021 3539 est
4072 3493 4310 3556 corpus

3209 3577 3448 3622 meum.

2529 3692 2662 3760 Sed
2700 3689 2977 3758 offendit
2995 3690 3212 3759 Ioaeh.
3253 3690 3685 3773 Westphalum
3720 3690 4069 3759 diversitas
4103 3694 4308 3761 inter·

2354 3780 2798 3866 pretationum
2842 3796 3036 3861 quam
3060 3777 3400 3861 Zuinylius
3442 3784 3511 3842 et
3552 3777 3680 3856 alii,
3727 3799 3885 3861 quos
3909 3776 4298 3847 Sacramen-

2354 3867 2561 3932 tarios
2607 3871 2814 3939 vocat,
2859 3861 3205 3928 ediderunt
3247 3861 3328 3927 de
3372 3861 3594 3929 verbis
3634 3863 4007 3930 solennibus
4047 3886 4307 3946 coenae,

2353 3952 2548 4036 idque
2590 3950 2692 4015 illi
2736 3948 2998 4014 videtur
3041 3947 3310 4015 evidens
3352 3956 3421 4014 et
3461 3949 3906 4016 indubitatum
3949 3970 4299 4034 argumen-

2354 4049 2498 4104 tum
2532 4035 2750 4113 falsae,
2787 4033 3174 4114 haereticae,
3210 4034 3450 4117 impiae
3477 4034 3949 4119 pestiferaeque
3972 4035 4307 4104 doctrinae

2355 4123 2524 4189 Zuin
2573 4122 2914 4186 lianorum.

2526 4143 2703 4288 {uid
2747 4205 2804 4271 si
2846 4204 3186 4271 ostendam
3222 4204 3292 4270 iu
3314 4204 3585 4283 Tabula,
3628 4225 3824 4287 quam
3866 4207 4006 4289 ipse
4047 4207 4297 4291 poetice

2355 4293 2641 4378 appellat
2717 4291 2913 4357 chaos
2993 4288 3404 4356 diversarum
3466 4290 3842 4373 opinionum
3922 4289 4002 4357 de
4077 4291 4297 4357 verbis

2355 4379 2626 4456 Christi,
2670 4376 2918 4443 nullam
2954 4398 2994 4442 a
3028 4375 3267 4441 nostris
3306 4374 3679 4442 hominibus
3712 4376 4181 4459 expositionem
4217 4374 4298 4442 de

2356 4464 2655 4551 mysticis
2690 4462 2905 4530 verbis
2945 4480 3181 4529 coenae
3202 4461 3473 4526 Domini
3509 4459 3889 4545 productam
3925 4482 4084 4540 esse,
4130 4481 4297 4546 quae

2357 4552 2460 4617 vel
2505 4556 2756 4635 pugnet
2797 4570 2945 4616 cum
2990 4546 3233 4614 divinis
3276 4547 3569 4630 scriptis,
3629 4547 3732 4613 vel
3788 4567 3953 4631 quae
4002 4546 4298 4613 adstruat

2356 4637 2757 4703 haereticum
2799 4634 3055 4719 dogma,
3096 4633 3203 4699 vel
3247 4653 3416 4717 quae
3450 4653 3583 4698 non
3617 4633 3989 4715 exemplum
4025 4632 4298 4699 alicuius

2354 4723 2597 4790 veteris
2650 4720 2903 4807 probati
2960 4718 3239 4785 doctoris
3291 4718 3362 4784 in
3420 4717 3689 4785 ecclesia
3732 4718 3981 4784 Christi
4037 4717 4294 4798 habeat,

2354 4809 2461 4877 vel
2506 4829 2672 4893 quae
2715 4827 2851 4873 nou
2885 4806 2975 4871 sit
3015 4805 3230 4874 verior
3272 4803 3667 4872 commodior
3702 4803 4042 4887 verbisque
4086 4811 4152 4868 et
4191 4825 4295 4870 re-

2354 4897 2496 4973 bus,
2541 4912 2706 4978 quae
2748 4894 2814 4958 in
2859 4892 3189 4978 mysteriis
3212 4899 3279 4957 et
3306 4890 3729 4958 sacramentis
3750 4891 4096 4969 exsistunt,
4141 4909 4295 4956 con·

2355 4981 2744 5059 venientior,
2802 5000 2995 5062 quam
3036 4978 3243 5062 ipsius
3284 4976 3598 5043 Ioaohimi
3660 4975 4000 5057 westphali
4040 4976 4294 5060 exposi-

2354 5069 2596 5147 tiones,
2654 5072 2767 5130 aut
2819 5064 3016 5129 etiam
3062 5063 3338 5129 aliorum
3391 5060 3914 5129 doctissimorum
3955 5061 4296 5128 hominum

2355 5155 2469 5238 qui
2520 5151 2878 5219 Lanfranci
2927 5149 3311 5234 papisticam
3376 5147 3748 5232 opinionem
3812 5155 4144 5228 asserunt,
4211 5169 4295 5215 ne

2353 5239 2512 5325 quid
2553 5238 2823 5323 gravius
2864 5234 3095 5304 dicam.

2528 5325 2726 5409 Agite
2783 5343 2966 5408 ergo,
3041 5320 3449 5387 excutiamus
3505 5319 3940 5404 Farraginem
3996 5342 4037 5386 a
4106 5319 4305 5388 West-
