4850 6200
336 481 399 542 13
2029 479 2190 538 1554
2227 474 2609 541 IANUAR.
4229 477 4302 536 14

324 687 443 733 non
496 686 610 748 pro
659 664 914 729 viribus
979 684 1171 731 cures
1228 666 1449 729 omnia
1508 665 1579 728 in
1636 683 1715 729 ea
1766 661 2068 738 ecclesia,
2138 662 2255 746 qui

321 764 750 904 pgnquamet
796 770 1127 900 gnsqiissam
1178 771 1407 901 sscssasl
1448 751 1534 902 ἐξ
1571 749 1716 815 aliis
1760 747 2051 816 ecclesiis
2095 748 2253 831 quin

394 858 474 904 s1s
558 858 632 902 ro
852 858 891 901 a
1028 859 1050 899 1
1093 857 1134 901 a
1245 858 1321 902 eo
1409 858 1448 901 a

471 857 831 988 ffhurgrerzs
868 922 1133 1005 scripsit
1156 920 1703 1023 oantuafimm.
1729 922 2041 986 Ioannem
2078 922 2251 1020 regi-

319 1031 456 1161 ptam
421 1030 683 1162 stag-1⁹¹?
700 1007 1150 1175 Qffiffi¹
1194 1007 1780 1160 gdciidhdsargrlilgtffis
1792 1007 1974 1158 Nesse
2030 1058 2250 1174 prodi-³

317 1184 495 1247 tionis
551 1198 731 1257 reos,
790 1177 1434 1262 concludendumque
1490 1179 1571 1244 de
1628 1179 1934 1264 coniugio
1994 1178 2252 1244 Mariae

314 1267 829 1349 semi-Hispanae
890 1287 1043 1333 cum
1105 1265 1403 1349 Philippo
1458 1286 1731 1350 prorsus
1788 1265 2088 1349 Hispano
2104 1316 2119 1341 ‚
2184 1276 2249 1329 et

314 1354 491 1418 huius
546 1354 762 1436 gratia
804 1358 1150 1434 utramque
1196 1350 1501 1430 Mariam,
1546 1350 1898 1436 Anglicam
1941 1358 2008 1416 et
2048 1349 2247 1415 Hun-

313 1441 581 1522 garicam
639 1439 937 1523 reginam
991 1437 1295 1505 Caletum
1358 1448 1718 1502 venturam.
1818 1436 1905 1501 In
1967 1436 2247 1502 Polonia

310 1526 590 1591 Bal-ones
635 1523 885 1606 aliquot
927 1524 1275 1609 profligato
1328 1524 1623 1607 papismo
1668 1523 2086 1607 evangelium
2129 1543 2245 1587 ex-

310 1613 592 1695 cepissse,
630 1631 765 1675 non
788 1612 1134 1694 ignorante
1155 1609 1342 1694 Rege
1377 1631 1588 1692 neque
1608 1608 1998 1692 prohibente
2019 1629 2245 1690 quam-

310 1698 399 1763 vis
430 1697 716 1781 episcopi
750 1696 835 1760 ad
869 1715 1053 1761 arma
1087 1707 1411 1762 conentur
1434 1695 1770 1761 induenda
1810 1694 2165 1778 impellere.
2189 1696 2241 1774 ⁷)

462 1784 776 1849 Arbitror
818 1790 886 1847 te
910 1781 1282 1867 intelligere
1321 1782 1603 1847 Viretum
1623 1780 1845 1846 Orbae
1878 1802 2020 1846 esse
2042 1788 2108 1844 et
2127 1800 2244 1845 ex-

308 1883 583 1951 spectare
650 1867 1009 1933 adventum
1079 1868 1103 1933 l
1228 1878 1445 1934 torum
1520 1870 1859 1950 utriusque
1920 1867 2106 1931 urbis
2170 1874 2245 1931 ut

306 1956 672 2040 profligetur
715 1953 1069 2037 papismus.
1103 2015 1111 2023 ,
1254 1975 1361 2020 am
1406 1952 1564 2020 felix
1601 1964 1702 2018 est
1744 1953 1852 2036 qui
1899 1973 2051 2019 suos
2094 1971 2245 2016 cum

304 2041 500 2106 fructu
543 2039 778 2105 docere
833 2050 1049 2123 potest
1122 2040 1401 2117 Viretus,
1464 2049 1532 2104 et
1596 2041 1843 2105 instare
1899 2048 1976 2103 ut
2024 2047 2244 2103 exter-

305 2130 574 2192 minetur
612 2124 786 2209 apud
830 2147 941 2191 eos
983 2126 1455 2192 Antichristus.
1539 2123 1937 2191 Benedictus
1980 2125 2067 2190 sit
2108 2125 2244 2189 Do-

304 2214 519 2290 minus,
567 2212 681 2295 qui
725 2213 781 2275 si
824 2234 954 2277 non
996 2211 1183 2279 nobis
1227 2212 1350 2277 hoc
1392 2210 1589 2291 dedit,
1642 2222 1865 2277 tamen
1907 2211 2126 2286 efficit,
2170 2219 2246 2276 ut

304 2301 362 2361 in
401 2299 611 2365 amico
655 2309 727 2363 et
781 2296 984 2362 fratre
1039 2296 1106 2362 id
1158 2297 1518 2364 videamus.
1608 2297 1811 2362 Faxit
1866 2308 1942 2361 ut
1996 2297 2246 2362 maiora

302 2400 358 2447 et
394 2385 672 2450 clariora
713 2404 1078 2450 cernamus.
1148 2383 1316 2449 Vale
1359 2383 1525 2449 bene
1559 2404 1706 2450 cum
1753 2384 1880 2468 piis
1921 2382 2243 2461 omnibus,

302 2492 481 2552 quum
501 2469 778 2553 collegis
811 2480 955 2535 tum
990 2470 1167 2537 aliis:
1207 2491 1290 2536 ne
1324 2480 1729 2554 praeteream
1760 2469 2243 2547 Nor-mundium,

302 2554 580 2633 fratrem,
642 2554 1010 2633 Budaeum,
1082 2557 1445 2622 Trecanum.
1532 2556 1758 2620 Nostri
1818 2564 1884 2620 te
1949 2554 2243 2621 salutant

300 2650 648 2726 optantque
728 2642 949 2706 omnia
1020 2642 1094 2707 in
1156 2644 1443 2708 Domino
1505 2641 1740 2708 fausta.
1851 2638 2117 2706 Salutat
2178 2649 2245 2704 te

304 2727 537 2812 collega
580 2739 650 2793 et
674 2727 1180 2794 Dommartinua
1248 2728 1563 2794 Neocomi
1603 2731 1703 2792 20.
1729 2725 2025 2792 Ianuarii
2058 2731 2241 2790 1564.

1163 3257 1357 3326 190⁰.

820 3411 1226 3479 VIRETUS
1271 3410 1707 3482 CALVINO.

458 3586 795 3669 Neyotium
837 3584 1159 3652 Orbanum
1201 3586 1271 3650 in
1308 3586 1558 3667 fumum
1600 3585 1757 3650 abiit
1788 3606 1914 3666 pro
1956 3591 2240 3667 tempore.

304 3758 572 3828 (Sequitur
618 3761 671 3812 in
722 3759 973 3812 omnibus
1019 3757 1294 3839 codicihus
1339 3775 1506 3828 supra
1550 3757 1780 3811 laudatis
1823 3756 2242 3825 praecedentem
2292 3781 2297 3798 ι

1150 3825 1373 3890 vnn-eti.)

456 4000 726 4066 Eximio
767 3999 922 4065 Iesu
966 3997 1220 4064 Christi
1260 4017 1450 4064 servo
1494 3997 1763 4064 Domini
1805 3996 2042 4063 Ioanni
2086 3996 2241 4063 Cal-

296 4085 443 4150 vino
466 4086 881 4153 Genevensis
916 4083 1226 4151 ecclesiae
1247 4084 1493 4166 pastori
1528 4082 1721 4148 fratri
1742 4091 1809 4149 et
1843 4094 2243 4167 symmystae

296 4170 823 4239 coniunctissimo

1736 4254 2068 4323 Genavae.

459 4395 532 4462 S.
598 4394 897 4460 Indictus
954 4403 1097 4459 erat
1155 4393 1565 4459 comitiorum
1623 4389 2042 4458 Orbanorum
2098 4390 2240 4459 dies

294 4483 534 4549 mensis
574 4481 777 4547 huius
824 4485 923 4545 21.
952 4481 999 4560 ¹)
1075 4480 1370 4546 Advenit
1415 4479 1499 4545 ad
1543 4478 2021 4563 praescriptum
2065 4477 2237 4544 diem

302 4567 640 4635 Tribozetus
654 4569 715 4649 2)
772 4576 841 4630 et
892 4565 1260 4650 praefectus
1303 4573 1544 4632 noster.
1633 4563 1876 4629 Nullus
1918 4566 2105 4630 venit
2145 4565 2240 4630 le-
2346 4617 2361 4622 -
2388 4616 2409 4623 -

372 4664 480 4721 tus
533 4654 702 4719 alius
760 4653 1003 4718 Berua.
1100 4652 1369 4717 Tillerus
1423 4661 1641 4717 autem
1698 4650 1942 4715 electus
2000 4649 2235 4715 fuerat.

354 4741 640 4806 riboldus
704 4738 884 4804 venit
956 4759 992 4804 e
1051 4738 1422 4803 Carthusia.
1531 4736 2006 4820 Friburgenses
2070 4736 2236 4801 nulli

294 4824 714 4893 advenerunt.
778 4824 1163 4890 Adversarii
1190 4824 1683 4907 quibuscunque
1716 4830 1992 4906 possunt
2025 4822 2235 4888 modis

495 5069 559 5202 7))
586 5080 713 5188 {a}
746 5149 785 5186 a
820 5131 949 5187 1551
999 5134 1060 5186 in
1105 5133 1339 5188 comitiis
1388 5132 1681 5185 Petricovii
1727 5130 2008 5185 celebratis
2048 5131 2237 5198 plures

288 5204 492 5260 noetus
522 5202 1153 5284 pclamjeformationis
1191 5200 1423 5282 patroni
1466 5200 1811 5281 exstiterunt:
1858 5214 1972 5254 non
2014 5198 2237 5262 defuere

290 5279 468 5327 tanen
499 5272 588 5326 ed·
640 5287 676 5325 α
710 5287 771 5324 m
804 5277 1143 5325 contrarium
1177 5270 1455 5324 tendentia
1491 5267 1676 5337 (Saltq
1712 5269 1778 5320 A.
1820 5267 1875 5322 Ο.
1915 5268 1982 5322 11.
2019 5265 2165 5336 583).

459 5341 557 5478 {3³
590 5340 668 5465 115.
705 5338 1108 5466 lnoYolbtJll‘l.

2357 662 2867 748 subterfugiunt.
2967 663 3215 729 Hostes
3269 664 3477 730 nostri
3537 663 3788 731 duabus
3843 666 3979 730 suis
4035 664 4304 750 legatio·

2357 748 2552 814 nibus
2606 768 2716 814 eos
2769 748 3292 831 interpellarunt.
3395 749 3767 816 Revocatus
3808 758 3906 816 est
3959 751 4307 819 Tribolem

2356 834 2570 901 literis
2613 848 2896 912 senatus,
2940 854 3016 900 ac
3057 835 3277 901 iussus
3319 856 3588 900 manere
3632 835 3808 902 domi
3853 857 4039 916 suae,
4100 838 4303 906 donec

2355 919 2535 986 aliud
2578 920 2928 987 iuberetur.
3017 920 3204 986 Haec
3261 942 3368 987 res
3417 942 3659 1005 magno
3702 922 3891 989 nobis
3933 923 4058 988 fuit
4100 925 4306 991 offen-

2356 1005 2588 1072 diculo.
2666 1007 2892 1073 Nostri
2914 1027 3143 1072 omnes
3164 1007 3377 1090 parati
3417 1016 3610 1073 erant
3652 1015 3722 1073 et
3761 1008 4005 1092 optime
4048 1031 4308 1096 compa-

2353 1091 2498 1156 rati.
2560 1091 2699 1158 Nos
2742 1113 2986 1177 magno
3029 1114 3303 1159 numero
3349 1114 3459 1159 eos
3504 1093 3992 1176 superabamus.
4093 1097 4303 1164 Vides

2353 1176 2644 1243 Satanae
2710 1188 2903 1244 artes.
3009 1180 3142 1245 Hic
3206 1181 3338 1245 iam
3415 1188 3851 1245 commoratus
3924 1202 4068 1246 sum
4133 1194 4307 1249 totos

2350 1260 2695 1329 duodecim
2718 1263 2875 1330 dies.
2932 1265 3280 1349 Rogarunt
3300 1286 3407 1330 me
3443 1265 3678 1331 fratres
3714 1287 3796 1331 ne
3819 1265 4301 1347 descenderem,

2351 1349 2525 1432 quod
2568 1369 2782 1414 meam
2826 1353 3265 1432 praesentiam
3310 1350 3600 1416 iudicent
3640 1351 3762 1418 sibi
3798 1373 3976 1419 nunc
4020 1357 4308 1421 maxime

2351 1437 2805 1502 necessariam.
2872 1436 3019 1519 Ego
3041 1435 3148 1503 hic
3169 1458 3315 1502 sum
3352 1446 3420 1500 et
3454 1437 3706 1521 collega
3737 1458 3924 1503 meus
3944 1441 4002 1514 ⁸)
4024 1440 4302 1507 Beruae.

2350 1521 2413 1586 N
2416 1541 2502 1586 on
2578 1520 2934 1587 diffidimus
3008 1523 3166 1606 quin
3242 1523 3412 1588 alius
3487 1522 3815 1588 indicatur
3893 1526 4307 1592 comitiorum

2352 1607 2509 1672 dies.
2528 1608 2590 1691 ⁴)
2655 1605 2792 1673 Sed
2835 1629 3140 1673 veremur
3176 1630 3260 1672 ne
3299 1608 3608 1691 imparati
3642 1609 4106 1693 opprimamur,
4150 1633 4308 1678 nam

2350 1693 2544 1758 multi
2609 1702 2939 1778 coguntur
3008 1693 3092 1758 ob
3171 1716 3292 1760 sua
3360 1696 3630 1780 negotia
3697 1697 3860 1762 urbe
3938 1697 4302 1764 abscedere.

2350 1779 2540 1844 Dolis
2582 1788 2804 1844 autem
2862 1780 3083 1845 omnia
3134 1781 3468 1846 nobiscum
3512 1792 3817 1867 aguntur.
3900 1782 4103 1849 Vides
4147 1805 4306 1869 ergo

2348 1884 2549 1947 quam
2618 1868 3024 1933 necessariae
3081 1866 3215 1931 sint
3270 1867 3458 1933 nobis
3523 1868 3820 1934 omnium
3884 1869 4307 1936 ecclesiarum

2347 1971 2591 2035 preces.
2679 1951 2941 2035 Urgent
2981 1953 3326 2018 Bernates.
3437 1953 3575 2018 Alii
3630 1974 3795 2036 quas
3838 1964 4112 2037 possunt
4153 1976 4308 2023 nec-

2348 2045 2505 2101 tunt
2544 2057 2780 2114 moras,
2826 2040 3307 2122 metuimusque
3364 2061 3448 2104 ne
3491 2036 3648 2122 quid
3689 2048 4001 2106 nascatur
4040 2050 4304 2107 conten-

2348 2123 2548 2188 tionis
2590 2125 2766 2189 inter
2810 2124 2974 2191 duas
3018 2124 3229 2189 urbes.
3319 2122 3648 2191 Dominus
3693 2126 3932 2211 dirigat
3973 2129 4194 2192 omnia
4237 2130 4306 2193 in

2348 2230 2537 2275 suam
2583 2209 2880 2294 gloriam.
2970 2209 3280 2276 Salutant
3334 2221 3400 2275 te
3446 2210 3752 2277 Roberttae
3808 2221 3874 2278 et
3926 2213 4019 2296 pii
4075 2233 4305 2279 omnes

2349 2305 2432 2445 {g
2459 2316 2531 2445 sels
2574 2296 2708 2362 tuis
2747 2296 3045 2379 precibus
3098 2296 3573 2362 commendant.
3668 2297 3842 2363 Vale.
3933 2300 4152 2365 Orbae
4198 2300 4302 2364 die

2438 2432 2452 2446 .
2535 2403 2638 2448 an.
2696 2389 2877 2447 1554.

3336 2486 3518 2550 Tuus
3561 2486 3801 2550 Pet-rus
3847 2484 4132 2554 Viretus.

3229 3049 3421 3123 1⁹⁰1.

2384 3204 2858 3274 CALVINUS
2903 3204 3446 3274 FREDERICO
3470 3205 3882 3273 PRINCIPI
3915 3207 4292 3274 DANIAE.

2518 3376 2849 3445 Dedicatio
2906 3379 3212 3445 secundae
3255 3379 3470 3460 partis
3520 3377 3962 3446 Commendat-ii
4006 3380 4076 3444 in
4137 3379 4301 3445 Acta

2347 3461 2800 3546 Apostolorum.

2349 3634 2461 3700 (Ex
2515 3633 2753 3688 editione
2802 3635 3070 3705 principe.
3153 3635 3385 3772 3333}
3406 3651 3476 3771 lx)
3519 3635 3735 3690 officina
3781 3638 4000 3690 Ioannis
4047 3636 4298 3706 Crispini.

3380 3721 3412 3758 o

2345 3872 2783 3942 Serenissimo
2851 3876 3108 3942 Daniae
3161 3885 3229 3942 et
3286 3876 3348 3940 N
3351 3876 3658 3960 orvegiae
3718 3876 3890 3960 Regi
3957 3876 4294 3960 designato

2344 3959 2698 4027 Frederico
2752 3961 3287 4029 excellentissimi
3331 3961 3538 4046 Regis
3594 3959 3956 4028 Christiani
4012 3962 4145 4028 filio
4187 3962 4294 4027 Io·

2346 4067 2555 4114 annes
2598 4046 2920 4114 Calvinus
2964 4048 3252 4134 regalem
3297 4049 3602 4131 spiritum
3658 4048 4017 4131 sapientiae
4060 4057 4127 4113 et
4169 4049 4300 4114 for-

2755 4134 3055 4201 titudinis
3090 4156 3131 4200 a
3163 4132 3452 4200 Domino
3487 4141 3809 4217 precatur.
3835 4139 3888 4210 1)

2520 4268 2862 4356 Singulari
2904 4271 3036 4338 Dei
3090 4271 3402 4337 beneficio
3458 4270 3706 4335 factum
3748 4277 3879 4351 est,
3895 4272 3957 4348 ²)
4001 4270 4149 4336 Rex
4196 4271 4300 4335 in-

2345 4355 2538 4436 clvte,
2597 4364 2674 4421 ut
2715 4378 2995 4441 regnum
3040 4356 3326 4436 Daniae,
3384 4364 3731 4440 postquam
3793 4357 4105 4441 gravibus
4146 4377 4298 4440 pro-

2344 4461 2419 4507 ce
2471 4442 2527 4508 is
2571 4442 2684 4507 diu
2727 4444 3041 4527 varieque
3077 4444 3389 4509 iactatum
3427 4443 3658 4522 fuerat,
3707 4463 3837 4507 non
3875 4439 4068 4508 modo
4103 4444 4298 4507 citius

2546 4716 2610 4846 ἓξ
2647 4715 3036 4839 &migma
3095 4783 3181 4838 26.
3239 4785 3365 4839 Ian.
3425 4785 3894 4855 F'riburqcnsibus
3958 4788 4296 4854 scripserunt

2442 4861 2597 4909 anus
2630 4862 2692 4907 ut
2725 4851 3018 4909 secundum
3049 4856 3141 4908 ius
3174 4860 3226 4907 et
3257 4856 3657 4910 conventionem
3688 4853 4053 4922 procederent.

2340 4923 2516 4978 1001„
2544 4926 2600 4989 1)
2639 4922 2890 4977 Priorem
2918 4928 3130 4989 partem
3147 4922 3383 4977 &undem
3403 4921 3795 4977 commentarii
3802 4925 3962 4991 patri
3978 4923 4295 4980 emmo

2341 4993 2622 5048 dicaverat
2656 4993 2874 5046 boennio
2910 4997 3076 5046 antea
3108 4991 3215 5060 (N.
3237 4992 3416 5057 1607).
3473 4992 3638 5046 Patet
3673 5007 3793 5044 eum
3830 4993 3959 5045 dum
3994 4993 4124 5049 haee
4159 4999 4293 5050 scri-

2338 5063 2482 5117 beret
2524 5061 2795 5116 nihildum
2841 5063 3122 5116 rescivisse
3167 5060 3233 5115 de
3276 5061 3453 5116 Lusci
3496 5067 3546 5115 et
3590 5059 3837 5114 muz-m
3882 5063 4182 5131 Anylorum
4231 5065 4294 5119 in

2340 5130 2540 5184 Dania
2584 5130 2903 5198 receptione.
2992 5129 3076 5195 Cf.
3133 5129 3530 5187 dedicationem
3586 5128 3854 5184 secundae
3905 5131 4160 5187 editionis
4214 5131 4293 5186 cd

2345 5198 2460 5253 ‘³⁶⁸'
2499 5196 2934 5350 *demutor-3⁵⁶&
2924 5267 3261 5349 wacon-2⁶4
3295 5265 3600 5347 mommo
3645 5273 3698 5322 a
3729 5273 4051 5350 mmm.
4013 5270 4024 5281 ·
4080 5270 4294 5352 fact-⁰.

2339 5343 2420 5461 {tot
2452 5342 2516 5392 ut
2545 5354 2632 5419 m·
2646 5352 2911 5405 impresso
2927 5335 3195 5391 dedicatio
3228 5340 3492 5403 inciperet
3525 5350 3564 5389 a
3579 5335 3796 5391 duabus
3812 5337 3986 5393 Moru
4019 5335 4056 5391 S
4089 5338 4291 5395 moion

2422 5421 2643 5461 minori.
