4850 6200
531 444 658 506 275

2190 432 2651 501 EPISTOLA
2695 436 2861 500 2034

4390 438 4513 499 276

706 630 813 702 (Ε.
864 633 900 694 3
945 628 1107 694 facie
1159 632 1257 699 l:)
1317 624 1509 706 Quod
1555 625 1739 690 Deus
1781 624 2086 707 loquitur,
2145 621 2213 687 id
2258 632 2472 704 potest
2517 646 2525 679 ι
2571 622 2631 686 si
2667 641 2775 687 me
2819 632 3073 689 mortuo
3107 626 3459 701 exoriatur,
3503 621 3616 705 qui
3658 621 3864 689 dicat:
3911 625 3967 688 si
4012 623 4226 689 adhuc
4264 625 4517 689 viveret

529 716 808 783 efficere.
919 714 1240 796 Loquitur
1315 718 1534 777 autem
1598 708 1768 793 quod
1831 710 2019 791 panis
2083 710 2172 774 sit
2233 727 2471 790 corpus

531 823 758 877 suum,
816 820 972 883 ergo
1030 806 1245 881 potest
1300 797 1581 867 efficere.
1636 804 1703 861 et
1752 795 1953 861 efficit
2009 807 2082 859 ut
2140 793 2327 875 panis
2383 794 2473 856 sit

533 907 770 971 corpus
812 906 1022 951 suum.
1094 882 1506 965 Quamquam
1544 902 1698 946 vero
1733 903 1907 946 nunc
1941 902 2072 944 non
2107 880 2468 955 videamus,

531 994 658 1057 quo
701 971 893 1036 modo
936 989 1168 1034 verum
1225 989 1461 1049 corpus
1518 968 1608 1032 sit
1663 968 1733 1031 in
1779 967 2002 1031 multis
2047 966 2202 1031 locis
2247 964 2468 1030 visibi-

533 1060 710 1136 liter,
777 1056 962 1121 novit
1026 1063 1248 1119 tamen
1314 1065 1382 1118 et
1443 1052 1641 1118 habet
1699 1051 1885 1117 Deus
1942 1052 2228 1117 rationes
2293 1070 2468 1125 suas,

530 1144 766 1227 quibus
807 1140 1023 1218 efficit,
1083 1152 1158 1204 ut
1209 1148 1446 1221 corpus
1490 1140 1578 1203 sit
1619 1138 1686 1203 in
1746 1139 1970 1203 multis
2027 1137 2187 1202 locis
2242 1136 2469 1201 invisi·

528 1229 750 1296 biliter
789 1225 954 1292 adde
998 1236 1065 1289 et
1107 1224 1465 1291 visibiliter.

699 1313 813 1393 (H.
853 1314 954 1395 2:)
993 1311 1138 1377 Hoc
1183 1310 1447 1377 demum
1489 1320 1590 1376 est
1641 1331 1869 1375 verum
1925 1314 2080 1374 tuto:
2106 1312 2159 1379 ⁵)
2204 1307 2328 1371 hoc
2373 1316 2472 1372 est

525 1420 763 1483 corpus
807 1418 1045 1474 meum,
1106 1418 1307 1480 quum
1368 1396 1487 1461 hoc
1531 1395 1742 1461 ederis
1785 1392 2209 1460 manducabis
2251 1415 2467 1457 meum

524 1506 779 1570 corpus,
825 1495 892 1549 et
931 1483 1091 1549 alias
1136 1503 1284 1548 non.
1362 1481 1624 1563 Quare?
1669 1482 1822 1565 quia
1864 1482 2011 1547 volo
2055 1501 2161 1544 me
2205 1479 2311 1545 hic
2355 1499 2472 1561 per

529 1573 800 1636 verbum
848 1590 1069 1634 meum
1106 1568 1392 1651 affigere,
1437 1590 1520 1632 ne
1562 1568 1816 1653 cogaris
1858 1588 1964 1632 me
2000 1586 2313 1649 quaerere
2357 1565 2469 1630 ubi

529 1679 707 1734 sum,
769 1655 1032 1737 ubique,
1102 1655 1168 1718 id
1224 1652 1396 1737 quod
1456 1655 1572 1718 tibi
1628 1654 1825 1719 nimis
1880 1673 2220 1733 operosum
2277 1661 2467 1716 esset.

527 1743 592 1808 Ν
595 1765 724 1809 unc
780 1752 999 1807 autem
1056 1739 1266 1805 dicere
1322 1740 1572 1804 licebit:
1646 1740 1754 1804 hie
1805 1752 1871 1803 te
1929 1738 2169 1813 habeo,
2243 1736 2349 1802 hic
2406 1748 2471 1801 te

529 1838 721 1895 teneo
766 1840 884 1893 etc.
974 1827 1060 1890 In
1106 1826 1494 1907 Confessione
1535 1846 1767 1908 mayna
1815 1828 1976 1889 1528
2024 1825 2118 1907 (ij.
2147 1824 2242 1905 3):
2294 1824 2470 1887 Con-

528 1913 742 1980 tendit
783 1913 992 1977 modis
1014 1911 1315 1976 omnibus
1357 1909 1536 1976 hisce
1578 1911 1831 1976 verbis:
1877 1912 2020 1976 Hoc
2079 1918 2182 1974 est
2238 1930 2472 1991 corpus

524 2020 778 2074 meum,
844 1997 1090 2063 nullam
1158 1998 1424 2062 subesse
1487 1998 1794 2079 figuram,
1868 1996 2124 2061 nullum
2193 2004 2469 2077 tropum,

525 2084 641 2150 sed
685 2085 1063 2167 simpliciter
1107 2080 1532 2165 intelligenda
1573 2104 1733 2157 esse,
1793 2080 2311 2163 credendumque
2355 2102 2469 2162 pa·

524 2192 677 2236 nem
723 2192 867 2235 esse
910 2189 1140 2251 corpus
1163 2168 1431 2233 Christi.
1500 2167 1648 2248 Qua
1693 2168 1774 2234 de
1809 2188 2004 2234 causa
2046 2168 2198 2232 alibi
2232 2187 2465 2248 panem

524 2256 958 2322 eucharistiae
991 2262 1326 2338 nuncupat
1361 2253 1493 2318 Ean
1528 2252 1922 2329 Reischbrot‚
1965 2253 2034 2319 id
2077 2262 2194 2330 est,
2252 2252 2469 2317 carnis

521 2364 756 2427 panem
803 2342 907 2407 vel
963 2362 1198 2424 panem
1241 2360 1568 2406 carneum.

695 2429 806 2507 (V.
855 2432 943 2503 3.)
1009 2427 1267 2492 Asserit
1309 2426 1591 2509 glossam
1638 2425 2043 2506 decretorum
2074 2436 2140 2489 et
2166 2423 2468 2490 Schwer-

523 2535 737 2580 meros
804 2534 1145 2596 perperam
1218 2511 1696 2593 reprehendere
1767 2510 2164 2594 palinodiam
2223 2511 2468 2576 Beren-

521 2601 687 2686 garii
732 2600 845 2682 qui
889 2598 1156 2664 adactus
1201 2619 1240 2661 a
1275 2597 1336 2661 N
1340 2598 1540 2663 ieolao
1585 2618 1767 2681 papa,
1813 2599 2186 2663 confitetur:
2233 2618 2464 2663 verum

521 2706 755 2769 corpus
824 2697 890 2750 et
954 2684 1339 2766 sanguinem
1399 2682 1668 2748 Domini
1741 2684 1950 2749 nostri
2004 2684 2158 2748 Iesu
2213 2682 2466 2749 Christi

523 2793 682 2849 esse,
731 2778 797 2836 et
838 2770 1228 2836 sensualiter
1273 2790 1402 2833 non
1458 2770 1668 2834 solum
1715 2779 2196 2835 sacramentum
2242 2769 2353 2835 sed
2395 2770 2465 2833 in

522 2859 803 2923 veritate
845 2857 1146 2920 manibus
1208 2853 1615 2920 sacerdotum
1662 2858 1958 2935 tractari,
2015 2857 2247 2939 frangi,
2305 2853 2464 2919 fide-

519 2944 812 3026 liumque
880 2940 1185 3005 dentibus
1239 2941 1430 3004 atteri
1490 2950 1611 3007 ete.
1711 2939 1918 3005 Addit
1974 2940 2057 3005 D.
2117 2941 2464 3006 Lutherus:

517 3030 774 3094 utinam
816 3046 1043 3091 omnes
1086 3025 1194 3088 alii
1236 3026 1572 3109 pontifices
1612 3034 1748 3090 tam
1783 3026 2138 3091 christiane
2182 3026 2469 3110 egissent

521 3126 718 3198 atque
772 3114 882 3179 hic
940 3112 1232 3196 pontifex
1291 3133 1441 3178 cum
1485 3113 1890 3198 Berengario
1935 3114 2001 3177 in
2052 3113 2172 3177 hac
2216 3112 2465 3178 confes·

523 3221 725 3266 sione.

691 3285 803 3370 (V.
856 3290 905 3350 l.
962 3291 1030 3348 et
1081 3284 1152 3348 Τ.
1212 3285 1359 3361 ult.)
1447 3283 1677 3349 Sentio
1742 3303 1890 3348 cum
1944 3282 2297 3350 Wickleffo
2361 3307 2463 3352 re·-

517 3393 785 3439 manere
825 3391 1091 3454 panem,
1151 3391 1380 3436 rursus
1441 3371 1650 3436 sentio
1695 3391 1841 3436 cum
1888 3369 2194 3451 sophistis
2237 3369 2464 3437 adesse

519 3479 759 3542 corpus
804 3457 1087 3533 Christi,
1146 3465 1500 3539 contraque
1561 3476 1823 3521 omnem
1882 3466 2140 3522 acutam
2187 3457 2462 3542 logicam

523 3565 853 3620 assevero,
936 3542 1098 3607 duas
1177 3541 1514 3608 distinctas
1594 3543 1990 3608 substantias
2070 3565 2208 3608 esse
2273 3564 2518 3626 posse1

521 3652 723 3698 unam
763 3630 1216 3696 substantiam.
1298 3628 1444 3692 Hoc
1487 3638 1563 3692 ut
1605 3627 1813 3694 dicam
1858 3625 2065 3712 adigit
2118 3650 2225 3694 me
2281 3651 2463 3696 reve·
2511 3629 2517 3718 Ι

521 3718 735 3782 rentia
779 3713 957 3782 verbi
1003 3714 1128 3779 Dei
1173 3716 1276 3780 cui
1322 3723 1576 3798 oportet
1617 3736 1735 3780 nos
1778 3715 2158 3796 simpliciter
2200 3714 2463 3782 credere

523 3815 591 3868 et
647 3802 1028 3866 adhaerere:
1101 3798 1302 3865 Dama
1357 3801 1458 3865 hie
1511 3799 1649 3883 yillt
1716 3820 1781 3865 es
1834 3802 1928 3865 im
1992 3803 2283 3881 sinsteren
2337 3801 2465 3868 vnd

525 3889 826 3967 blmttzlen
857 3908 1005 3970 yart,
1055 3886 1175 3949 :md
1216 3885 1483 3951 semaam
1523 3906 1692 3951 amm
1734 3892 1882 3951 wort
1924 3886 2170 3969 beugen,
2217 3887 2283 3952 id
2328 3901 2460 3953 est:

525 3973 654 4038 Hic
697 3983 949 4056 oportet
1006 3993 1124 4036 nos
1175 3971 1449 4036 occlusis
1506 3973 1705 4037 oculis
1759 3973 2014 4056 ingredi
2061 3973 2362 4039 tenebras
2398 3984 2467 4040 et
2514 3979 2519 4038 ἰ

525 4059 906 4141 simpliciter
972 4055 1237 4122 credere
1301 4069 1368 4120 et
1430 4057 1783 4123 adhaerere
1841 4058 2059 4124 verbo.
2158 4060 2250 4125 Et
2314 4064 2467 4143 quia

525 4143 843 4209 habemus
900 4145 1172 4208 verbum
1212 4142 1372 4208 Dei:
1420 4143 1539 4208 hoc
1583 4152 1684 4208 est
1725 4164 1960 4228 corpus
2004 4167 2251 4211 meum:
2299 4168 2467 4229 quae

526 4230 770 4296 diserta
813 4240 970 4295 sunt
1011 4237 1077 4293 et
1120 4228 1311 4304 clara,
1363 4229 1659 4312 vulgaria
1702 4238 1766 4294 et
1806 4239 1989 4297 certa
2032 4231 2250 4310 verba,
2296 4254 2465 4317 quae

527 4317 750 4382 nullus
793 4336 1082 4398 unquam
1140 4314 1407 4379 fuerunt
1464 4328 1687 4397 tropus
1730 4337 1938 4399 neque
1994 4317 2066 4381 in
2122 4319 2466 4403 scriptura,

527 4423 738 4487 neque
779 4403 849 4466 in
891 4400 1030 4465 ulla
1074 4399 1202 4464 alia
1245 4400 1487 4484 lingua,
1532 4422 1796 4468 necesse
1838 4414 1940 4469 est
1981 4403 2096 4468 illa
2139 4404 2268 4469 fide
2311 4405 2468 4471 reci-

527 4491 785 4574 piamus
838 4497 908 4551 et
959 4506 1218 4551 omnem
1278 4487 1592 4552 rationem
1652 4490 2013 4570 sopiamus,
2082 4489 2468 4573 vinctasque

525 4575 910 4660 praebentes
952 4591 1188 4638 manus
1223 4571 1604 4657 simpliciter
1645 4582 2069 4658 praeeuntem
2112 4573 2465 4641 dicentem—

529 4682 684 4746 que:
731 4661 854 4725 hoc
897 4667 1000 4724 est
1040 4679 1276 4741 corpus
1320 4680 1561 4736 meum,
1608 4681 1955 4744 sequamur
1998 4667 2117 4726 etc.

703 4746 810 4822 (Ε.
872 4749 932 4820 2,
989 4744 1071 4810 Gr.
1127 4749 1152 4807 l
1213 4753 1281 4809 et
1339 4753 1439 4823 31)
1502 4746 1601 4810 Ne
1657 4767 1766 4812 me
1823 4746 2091 4812 vivente
2148 4755 2263 4812 aut
2320 4756 2471 4832 post

529 4843 808 4898 mortem
884 4850 1098 4895 meam
1159 4829 1596 4898 Schwermeri
1672 4853 1862 4897 suum
1942 4852 2228 4898 errorem
2305 4834 2471 4900 meis

532 4918 796 5002 scriptis
851 4916 1070 4981 fucare
1127 4925 1195 4981 et
1249 4918 1632 4983 confirmare
1690 4927 1963 4995 tentent,
2024 4937 2200 4983 nunc
2255 4938 2469 4984 meam

532 5002 726 5069 fidem
748 5000 1117 5079 confitebor,
1154 5003 1222 5066 in
1260 5023 1390 5085 qua
1411 5024 1832 5087 perseverare
1853 5005 2066 5088 cogito
2086 5004 2158 5069 in
2190 5013 2470 5071 mortem

531 5109 736 5171 usque
770 5097 837 5152 et
866 5088 936 5152 in
972 5087 1116 5172 ipsa
1148 5108 1461 5172 apparere
1495 5109 1714 5156 coram
1750 5089 2040 5156 tribunal
2062 5088 2208 5155 Dei.
2275 5089 2469 5175 Ergo,

595 5263 676 5273 ...-

736 5360 798 5430 5)
833 5362 1008 5417 τοῦτο.

2519 5295 2528 5414 ἓ

2572 706 2902 787 ΙΛιιῙιεηιε,
2961 708 3152 774 aliter
3191 708 3370 773 hunc
3412 716 3726 774 tractaret
3781 710 4122 774 articulum
4141 760 4159 789 ‚
4202 720 4279 773 ut
4321 730 4515 793 quem

2571 802 2727 858 tunc
2751 793 3049 858 nondum
3082 794 3275 878 plene
3309 792 3639 877 expendit,
3683 806 3909 860 contra
3945 796 4120 862 hunc
4155 795 4298 861 dico
4338 816 4514 861 nunc

2571 888 2646 943 ut
2686 890 2862 958 tunc,
2921 890 2989 944 et
3032 891 3189 945 tunc
3241 892 3315 944 ut
3351 900 3545 958 nunc,
3610 881 3810 964 probe
3866 902 3973 946 me
4029 882 4381 947 articulum
4432 882 4514 947 de

2569 969 2992 1031 sacramentis
3035 965 3425 1049 expendisse
3466 978 3587 1031 etc.
3664 967 3832 1033 Dico
3874 986 4033 1051 ergo
4075 977 4142 1031 et
4182 968 4513 1045 confiteor,

2572 1070 2807 1134 eorpus
2849 1062 2919 1116 et
2960 1052 3351 1135 sanguinem
3396 1050 3670 1117 Domini
3718 1075 3869 1118 vere
3923 1054 3992 1117 in
4039 1074 4205 1135 pane
4248 1064 4313 1119 et
4355 1055 4515 1119 vine

2573 1155 2685 1200 ore
2756 1138 3037 1220 corporis
3093 1137 3446 1216 (mundiali)
3505 1138 3611 1201 edi
3681 1148 3746 1203 et
3804 1138 3937 1203 bibi
4009 1150 4126 1204 etc.
4228 1140 4515 1206 Posthac

2572 1234 2801 1288 evocat
2853 1236 2920 1287 et
2977 1222 3243 1288 adhibet
3287 1223 3411 1288 sibi
3455 1232 3655 1290 testes
3699 1244 3928 1290 omnes
3970 1226 4073 1290 sui
4112 1224 4353 1290 saeculi
4396 1225 4515 1290 ho·

2572 1307 2800 1385 mines,
2845 1309 3134 1391 petitque
3171 1320 3246 1373 ut
3284 1320 3351 1372 et
3387 1309 3559 1392 apud
3596 1320 3884 1392 posteros
3917 1310 4071 1377 huic
4091 1311 4515 1377 Lutheranae

2575 1395 3024 1477 protestationi
3068 1394 3289 1459 ferant
3337 1396 3803 1471 testimonium,
3838 1407 3905 1460 et
3938 1405 4127 1463 orent
4148 1396 4513 1462 Dominum

2574 1490 2649 1543 ut
2690 1479 2749 1545 is
2785 1480 3124 1545 Lutherum
3168 1481 3238 1544 in
3285 1480 3409 1546 hac
3452 1481 3857 1547 confessione
3897 1482 4205 1548 stabiliat.
4272 1483 4509 1548 Addit:

2576 1566 2630 1629 si
2675 1586 2832 1631 vero
2890 1587 3007 1648 per
3062 1567 3485 1632 tentationem
3539 1576 3609 1631 et
3661 1570 3890 1633 mortis
3942 1569 4359 1634 acerbitatem
4402 1591 4514 1634 su-

2574 1664 2836 1734 peratus
2879 1650 3054 1716 aliud
3099 1651 3341 1729 dixero,
3407 1652 3472 1717 id
3518 1653 3779 1735 quidem
3826 1674 4021 1720 sanus
4055 1675 4233 1721 nunc
4274 1674 4512 1721 revoco

2575 1745 2642 1801 et
2696 1736 2836 1802 dieo
2895 1736 2961 1801 id
3017 1758 3157 1803 esse
3223 1738 3457 1803 falsum
3515 1750 3585 1802 ct
3647 1748 4027 1824 suggestum
4091 1761 4133 1805 a
4194 1738 4510 1805 Sathana.

2574 1820 2801 1971 ξένια
2876 1822 3041 1904 ῙιᾶΖῙῙ
3106 1825 3234 1887 mir
3310 1827 3475 1889 mein
3542 1824 3707 1889 Herr
3781 1827 3909 1891 end
3974 1824 4263 1908 Heyland
4330 1827 4514 1892 Iesus

2578 1924 2625 1972 e
2668 1910 2879 1973 risms.

2743 1993 2922 2074 Quid
2964 1995 3310 2079 Marpurgi
3364 2001 3519 2060 1529
3565 1998 3739 2063 inter
3780 1998 4014 2062 Partes
4057 2008 4271 2063 actum
4316 1999 4402 2063 sit
4444 2008 4515 2062 et

2572 2090 2893 2161 quatenus
2935 2082 3384 2146 consenserint
3426 2104 3559 2147 non
3603 2084 3884 2167 ignoras.

2744 2163 3015 2251 Colligis
3071 2177 3143 2231 tu
3199 2187 3365 2249 quae
3421 2168 3501 2232 D.
3566 2169 3881 2233 Lutherus
3934 2170 4003 2233 in
4060 2169 4316 2253 scriptis
4374 2170 4513 2236 suis

2572 2252 2980 2334 potissimum
3024 2253 3291 2330 urserit,
3350 2253 3509 2319 haec
3554 2255 3872 2334 videlicet,
3930 2270 4339 2321 sacramenta
4384 2278 4511 2320 non

2568 2345 2827 2402 tantum
2863 2359 3004 2405 esse
3039 2347 3344 2404 externas
3393 2340 3813 2407 confessionis
3857 2351 4066 2418 notas,
4111 2341 4223 2407 sed
4261 2344 4513 2425 gratiae

2571 2421 2832 2490 divinae
2872 2423 3171 2508 symbola
3215 2434 3282 2489 et
3324 2427 3826 2508 promissionum
3873 2425 4003 2492 Dei
4046 2426 4279 2511 sigilla,
4326 2430 4512 2493 testi-

2571 2511 2791 2575 monia
2834 2511 3058 2594 utique
3097 2511 3458 2592 spiritualis
3501 2514 3765 2597 gratiae,
3811 2510 3893 2576 ad
3926 2512 4124 2577 fidem
4160 2512 4519 2578 fovendam

2571 2604 2638 2659 et
2680 2596 3190 2661 confirmandam
3237 2597 3522 2681 adeoque
3578 2618 3823 2683 organa
3867 2599 4101 2681 quibus
4144 2599 4324 2664 Deus
4371 2600 4513 2665 effi—

2572 2683 2809 2746 caciter
2852 2683 2990 2767 agit
3044 2685 3115 2747 in
3171 2685 3310 2748 suis
3369 2684 3613 2751 electis.
3704 2683 4132 2750 Sacramenta
4176 2686 4329 2750 item
4376 2707 4513 2750 non

2572 2789 2711 2833 esse
2755 2770 2977 2833 inania
3019 2771 3125 2834 vel
3171 2791 3375 2836 vacua
3417 2770 3622 2855 signa,
3682 2792 3884 2853 quum
3927 2772 3996 2835 in
4042 2772 4136 2835 eis
4178 2792 4334 2837 vere
4380 2781 4511 2837 tes-

2574 2864 2748 2918 tetur
2808 2856 2983 2920 Deus
3040 2855 3209 2937 quod
3267 2858 3510 2941 figurat
3572 2866 3640 2921 et
3702 2857 3899 2923 simul
3964 2876 4205 2923 arcana
4266 2858 4513 2924 virtute

2570 2948 2856 3021 praestet
2911 2948 3106 3022 atque
3159 2942 3453 3025 impleat,
3516 2942 3685 3026 quod
3745 2952 4046 3020 testatur,
4109 2943 4513 3027 coniungens

2568 3025 2702 3090 illis
2760 3025 2864 3091 sui
2913 3026 3185 3109 spiritus
3242 3028 3616 3094 efficaciam.
3704 3027 3862 3094 Istis
3898 3027 3981 3093 ad
4025 3029 4203 3094 hunc
4245 3030 4510 3094 modum

2568 3113 2883 3189 collectis,
2943 3133 3098 3176 mox
3156 3114 3529 3198 subiungis:
3556 3117 3611 3198 ⁶)
3671 3115 3801 3180 His
3855 3114 4138 3181 omnibus
4194 3115 4511 3196 concessis,

2567 3219 2777 3264 annon
2850 3218 3106 3262 manum
3179 3197 3432 3264 libenter
3500 3202 3851 3284 porriyeret
3924 3201 4287 3267 Lutkerus?
4374 3203 4509 3267 Re-

2517 3332 2528 3345 .
2566 3285 2958 3368 spondemus
3002 3282 3148 3347 tibi:
3196 3284 3296 3350 Mi
3320 3283 3592 3363 Calvine,
3638 3307 3767 3351 non
3814 3287 4177 3371 porrigeret
4220 3309 4509 3388 manum,

2566 3392 2759 3452 quam
2827 3371 3056 3433 vivens
3122 3371 3490 3438 viventibus
3550 3371 3843 3457 Zwinylio
3911 3383 3977 3438 et
4041 3372 4093 3438 O
4445 3394 4509 3438 w

2566 3456 2678 3520 illa
2712 3458 2855 3539 ipsa
2888 3456 3108 3519 omnia
3141 3456 3643 3525 concedentibus
3679 3467 3793 3524 aut
3827 3460 4277 3541 profitentibus
4299 3460 4509 3524 noluit

2566 3542 2898 3625 porrigere
2942 3539 3255 3606 dextram.

2735 3629 2957 3709 Atque
3016 3647 3194 3691 nunc
3248 3628 3445 3692 etiam
3504 3631 3732 3713 paucis
3789 3628 4375 3695 demonstrabimus
4422 3630 4507 3695 D.

2569 3714 2938 3798 Zuinylium
2981 3721 3047 3778 et
3075 3712 3621 3798 Oecozampadium
3647 3718 4040 3782 concessisse
4077 3723 4193 3780 aut
4212 3714 4512 3782 docuisse

2565 3821 2729 3884 quae
2770 3813 2843 3865 tu
2891 3799 3261 3865 confitenda
3316 3822 3570 3875 censes,
3634 3809 3711 3865 ut
3765 3801 4109 3867 concordia
4165 3801 4509 3867 sarciatur.

2570 3886 2906 3972 Zuinqlius
2958 3885 3029 3949 in
3088 3885 3305 3950 libello
3365 3887 3450 3951 ad
3498 3886 3833 3967 Principes
3877 3887 4255 3952 Germaniae
4295 3895 4511 3953 contra

2567 3974 2843 4058 Eyyiwn
2898 3972 3127 4055 (1530)
3170 3972 3459 4038 ostendit
3501 3994 3648 4038 eum
3694 3974 3893 4038 finem
3953 3985 4019 4037 et
4058 3995 4248 4038 usum
4293 3994 4510 4041 sacra—

2566 4069 2938 4125 mentorum
2972 4077 3165 4140 quem
3202 4079 3324 4123 nos
3362 4059 3432 4122 in
3469 4067 3693 4124 nostra
3715 4060 4119 4126 confessione
4154 4060 4511 4143 repetendo

2569 4145 2920 4230 posuimus,
2980 4164 3217 4228 nempe
3274 4157 3352 4208 ut
3397 4166 3512 4227 per
3554 4146 3696 4228 ipsa
3735 4146 3816 4211 ad
3861 4146 4201 4212 Christum
4245 4146 4519 4228 eiusque

2569 4229 3095 4297 communionem
3159 4229 3577 4296 adducamur.
3689 4232 3928 4315 Signa,
4010 4231 4249 4314 inquit,
4313 4233 4403 4297 sic
4473 4252 4517 4295 a

2568 4316 2838 4384 Christo
2892 4314 3032 4396 ipso
3085 4325 3241 4380 sunt
3296 4315 3626 4395 instituta,
3681 4331 3757 4382 ut
3810 4318 4002 4383 etiam
4051 4316 4351 4401 analogia
4394 4338 4523 4383 sua

2567 4402 2922 4486 plurimum
2981 4400 3285 4482 polleant,
3349 4401 3432 4466 ad
3487 4402 3928 4470 inducendum
3985 4404 4051 4468 in
4096 4424 4233 4468 rem
4279 4400 4406 4468 fide
4445 4415 4521 4468 et

2569 4485 3115 4569 contemplatione
3170 4495 3599 4570 praesentem,
3655 4501 3721 4555 et
3762 4489 4018 4574 reliqua
4059 4489 4218 4574 (Β).
4304 4487 4515 4553 Item:

2568 4573 2779 4640 Istam
2812 4571 2963 4637 fidei
2999 4572 3610 4656 contemplationem
3645 4596 3773 4640 non
3798 4576 3991 4641 credo
4010 4576 4172 4642 satis
4192 4574 4519 4660 grandem

2570 4680 2732 4736 esse,
2778 4658 2904 4723 nisi
2942 4678 3079 4722 rem
3115 4658 3328 4741 ipsam
3363 4668 3497 4724 tam
3532 4667 3708 4727 certe
3752 4682 3828 4728 ac
3860 4661 4226 4728 indubitate
4268 4670 4521 4740 teneat,

2571 4766 2647 4811 ac
2700 4745 2756 4811 si
2812 4743 3205 4810 naturaliter
3261 4754 3433 4810 esset
3488 4747 3787 4812 sensibus
3852 4748 4150 4830 exposita
4204 4755 4323 4813 etc.
4402 4746 4517 4825 (B.

2569 4831 2732 4896 facie
2790 4833 2881 4905 2.)
2981 4829 3172 4895 Licet
3222 4850 3449 4896 omnes
3504 4842 3843 4898 creaturae
3894 4833 4183 4899 invitent
4240 4853 4362 4899 nos
4425 4830 4523 4898 ad

2572 4917 2863 4982 numinis
2926 4915 3570 4999 contemplationem,
3649 4928 3720 4984 at
3795 4921 4007 4985 omnis
4070 4939 4152 4984 ea
4212 4919 4523 4984 invitatio

2570 5011 2756 5068 muta
2810 5008 2930 5080 est,
2983 5001 3051 5065 in
3109 5003 3533 5068 sacramentis
3590 5015 3811 5070 autem
3858 5005 4085 5072 vivens
4127 5015 4195 5070 et
4235 5004 4531 5088 loquens

2574 5099 2692 5154 est.
2794 5086 3120 5169 Loquitur
3176 5088 3356 5152 enim
3408 5089 3735 5157 Dominus
3789 5092 3959 5176 ipse,
4026 5090 4383 5173 loquuntur
4442 5101 4525 5155 et

2578 5263 2691 5272 .---——

2776 5358 2840 5427 ο)
2880 5357 2961 5426 cf.
3004 5358 3392 5429 ommis.
