4850 6200
353 412 469 472 ⁷53

1230 595 1428 665 2285.

720 748 1225 817 MUSOULUS
1272 748 1910 818 BULLINGERO.

519 921 651 989 Res
700 921 1151 988 Genevensium
1192 923 1401 989 indies
1432 925 1506 989 in
1535 924 1816 1005 peiorem
1853 925 2083 989 statum
2124 918 2298 986 dela-

353 1009 581 1075 buntur
631 1014 814 1092 atque
877 1008 1023 1073 inde
1085 1007 1344 1074 Calvino
1384 1009 1673 1075 maxima
1707 1009 2006 1088 conflatur
2048 1005 2298 1072 invidia

348 1097 458 1179 qui
496 1101 566 1160 ut
606 1096 779 1161 solus
817 1095 951 1176 fere
971 1096 1386 1161 dissidiorum
1428 1116 1623 1162 eausa
1667 1094 1946 1173 habetur,
1993 1094 2084 1157 ita
2128 1091 2298 1157 solus

350 1184 538 1248 etiam
579 1182 925 1247 remedium
970 1182 1223 1264 adferre
1255 1187 1465 1265 posset
1510 1187 1564 1246 et
1610 1181 1866 1248 deberet.

398 1355 506 1421 (Ex
542 1353 883 1423 autographo
919 1352 1085 1407 Arch.
1123 1350 1303 1407 Turio.
1340 1352 1482 1408 Plut.
1520 1353 1617 1407 VI.
1656 1352 1781 1406 Vol.
1822 1348 1937 1416 153,
1973 1350 2065 1403 fol.
2105 1346 2252 1411 203.)

518 1524 1092 1592 Praestantissimo
1138 1525 1439 1610 theologo
1477 1526 1569 1591 M.
1610 1523 1995 1608 Heinrycho
2040 1520 2299 1587 Bullin—

348 1634 502 1700 gero
549 1612 812 1677 domino
855 1633 931 1678 ac
996 1613 1313 1694 compatri
1358 1634 1474 1677 suo
1516 1611 1709 1695 longe
1775 1609 2127 1675 carissimo.

1876 1695 2126 1779 Tiguri.

345 1920 589 1987 Visum
631 1931 733 1986 est
775 1920 1195 2005 prudentiam
1230 1932 1412 1985 tuam
1449 1939 1583 1985 uno
1628 1932 1695 1984 et
1730 1918 1939 1983 altero
1976 1918 2178 1983 verbo
2223 1916 2304 1981 de

351 2027 549 2074 681168
586 2006 1083 2073 Genevensium
1122 2006 1490 2084 admonere,
1538 2026 1702 2089 quae
1739 2025 1885 2069 meo
1929 2003 2168 2069 iudicio
2211 2003 2307 2069 sic

347 2093 637 2177 quotidie
670 2094 854 2177 peior
889 2113 965 2157 ac
998 2094 1185 2176 peior
1218 2091 1512 2157 redditur
1547 2101 1620 2157 ut
1640 2090 2066 2156 metuendum
2102 2090 2189 2153 sit
2222 2109 2306 2153 ne

345 2201 433 2246 ex
476 2178 602 2245 hae
645 2178 978 2244 simultate
1023 2178 1275 2243 duabus
1317 2179 1516 2255 hisce,
1574 2188 1839 2243 nostrae
1882 2190 1949 2240 et
1990 2177 2303 2258 ipsorum,

346 2265 728 2332 civitatibus
762 2264 1139 2331 incendium
1176 2265 1529 2342 exoriatur,
1575 2263 1655 2329 ad
1686 2263 1859 2347 quod
1889 2263 2305 2346 restinguen-

346 2350 507 2416 dum
574 2360 639 2415 et
694 2353 937 2417 vestris
995 2360 1063 2415 et
1120 2350 1387 2433 reliquis
1447 2350 1679 2414 vicinis
1746 2368 2159 2431 summopere
2220 2348 2307 2411 sit

349 2436 802 2503 laborandum.
892 2435 1138 2503 Odium
1175 2437 1464 2502 nominis
1503 2434 1754 2501 Calvini
1786 2435 2010 2499 fratris
2052 2435 2125 2497 in
2170 2431 2305 2496 Do-

351 2523 537 2588 mino
582 2522 803 2588 dilecti
837 2523 1013 2590 malo
1035 2522 1443 2606 quorundam
1467 2522 1813 2587 hominum
1835 2519 2055 2586 studio
2098 2538 2305 2602 usque

357 2607 525 2675 adeo
568 2609 863 2693 augescit
905 2622 980 2674 ut
1033 2629 1264 2674 verear
1321 2630 1423 2685 ne,
1470 2608 1527 2673 si
1572 2606 1728 2690 quid
1774 2604 2305 2671 tumultuationis

356 2705 426 2761 et
480 2694 877 2761 discriminis
936 2696 1208 2773 oriatur,
1269 2694 1483 2760 omnis
1539 2692 1695 2758 mali
1751 2713 1948 2759 causa
1981 2692 2052 2755 in
2110 2698 2308 2774 caput

355 2781 565 2864 ipsius
618 2781 972 2847 reiiciatur.
1063 2779 1289 2861 Quare
1349 2779 1613 2845 videtur
1653 2777 1815 2843 mihi
1862 2775 2308 2842 admonendus

352 2876 431 2932 ut
473 2887 734 2932 summo
779 2866 993 2932 studio
1037 2876 1269 2932 caveat
1302 2887 1386 2931 ne
1433 2866 1599 2930 duae
1642 2865 1769 2929 1186
1812 2864 2113 2930 civitates
2155 2881 2196 2926 a
2237 2882 2309 2928 se

352 2953 643 3017 invicem
698 2951 1040 3019 dissiliant.
1130 2953 1267 3018 Nec
1314 2951 1557 3029 dubito,
1604 2951 1663 3015 si
1727 2950 1864 3016 suis
1908 2958 2100 3014 autor
2165 2969 2308 3014 esse

348 3038 640 3107 voluerit
674 3050 751 3106 ut
784 3040 1081 3106 societati
1101 3039 1469 3106 Bernatum
1504 3057 1646 3104 sese
1681 3033 2185 3111 accommodent,
2221 3034 2312 3100 fa·

351 3125 478 3193 6116
535 3126 662 3193 1166
719 3128 1255 3211 impetraturum:
1309 3123 1375 3189 id
1419 3123 1589 3207 quod
1631 3121 1754 3188 hoc
1798 3122 1991 3187 debet
2033 3121 2308 3205 diligen-

303 3217 325 3241 ·
351 3213 490 3277 tius
533 3233 765 3278 curare
809 3211 980 3296 quod
1023 3214 1265 3279 certius
1310 3219 1427 3289 est,
1474 3210 1529 3277 si
1586 3208 1863 3275 dissiliat
1919 3207 2063 3273 istis
2107 3208 2309 3272 socie·

354 3309 478 3379 tas,
537 3319 801 3364 causam
857 3299 975 3363 uni
1018 3298 1144 3383 ipsi
1187 3320 1335 3364 cum
1382 3296 1596 3363 Gallis
1641 3315 1803 3378 quos
1846 3314 2063 3360 secum
2112 3293 2310 3359 habet

354 3385 497 3450 fere
553 3383 988 3450 tribuendam.
1018 3389 1068 3462 ¹)
1156 3385 1410 3450 Verum
1464 3382 1587 3449 hac
1645 3381 1726 3446 de
1784 3402 1856 3446 re
1902 3390 1969 3445 et
2009 3380 2201 3463 plura
2244 3386 2309 3444 et

355 3472 636 3539 certiora
678 3492 718 3536 a
754 3470 1008 3537 duobus
1053 3470 1233 3538 hisce
1267 3469 1582 3535 fratribus
1626 3476 1694 3532 et
1736 3467 1962 3532 amicis
1997 3467 2160 3531 meis
2205 3485 2308 3529 re-

350 3557 523 3627 scire
565 3558 828 3641 poteris.
919 3556 1182 3623 Bernae
1230 3561 1413 3620 1555.
1467 3559 1525 3619 8.
1565 3552 1896 3636 Septemb.

1104 3694 1216 3759 W.
1262 3694 1474 3759 Musc.
1521 3704 1672 3756 tuus
1717 3691 1788 3755 in
1830 3687 2136 3754 Domino.

1239 4289 1436 4361 2286.

887 4444 1362 4515 CALVINUS
1407 4442 1779 4510 VIRETO.

531 4623 956 4691 Paucissimis
999 4619 1245 4703 neyotia
1293 4616 1612 4700 Stephani,
1660 4614 1919 4692 Enoeki,
1965 4615 2306 4679 vinetorum

356 4711 920 4788 Ganzeraeensium,
966 4705 1328 4772 Bertellerii
1368 4703 1631 4786 attinyit.

360 4886 472 5011 (Οξι
508 4884 640 4938 edit.
678 4884 855 4937 Bezae
891 4880 1094 4935 Gener.
1143 4894 1194 4947 p.
1233 4874 1351 4944 166,
1398 4875 1556 4955 Laus.
1594 4890 1644 4942 p.
1682 4871 1800 4938 355,
1846 4871 2057 4953 lianoy.

442 4961 575 5010 ouet
607 4969 661 5023 p.
696 4949 819 5017 224,
854 4953 1030 5004 Amst.
1065 4964 1120 5017 p.
1144 4944 1439 5083 11331).Δὲιὲ
1472 4945 1578 5081 l)1ce
1615 4949 1798 4997 exstat
1842 4959 1899 4993 m
1931 4940 2059 4995 edit.

2134 4911 2148 4925 .
2184 4869 2303 4938 397,

2143 4940 2306 4995 snae.

363 5192 628 5259 2285.1)
678 5191 814 5246 Vide
859 5204 1033 5257 supra
1082 5184 1298 5240 Saleeri
1341 5200 1421 5254 ep.
1462 5183 1534 5238 N.
1582 5181 1735 5238 2281.
1813 5181 1888 5235 Et
1937 5180 2068 5236 haec
2112 5185 2162 5235 et
2206 5178 2306 5234 ala

358 5263 738 5331 Bullinqerum
825 5258 1112 5313 ermovisee
1160 5254 1415 5309 videntur
1466 5260 1530 5308 ut
1579 5253 1655 5307 ad
1715 5251 2000 5306 Calvinum
2052 5250 2307 5304 scriberet

355 5348 493 5405 quae
525 5332 687 5399 infra
723 5346 757 5384 a
831 5327 917 5383 28.
956 5327 1103 5395 Sept.
1140 5326 1292 5394 leqes.

566 5415 790 5474 Calvisi
818 5429 1003 5483 opera.
1088 5411 1199 5468 Vol.
1238 5409 1299 5463 X
1310 5410 1367 5464 V.

2070 407 2231 471 1555
2277 402 2731 471 SEPTEMB.

4229 407 4362 471 754

2571 590 2770 656 Mitto
2813 588 2895 655 ad
2942 610 3059 656 vos
3100 588 3325 657 literas
3374 589 3681 675 Stephana
3707 590 3754 673 ¹)
3800 590 4027 670 nostri,
4084 612 4168 657 ex
4210 591 4364 675 qui·

2400 678 2523 743 bus
2558 674 2965 760 intelligetis,
2998 676 3424 759 quantumvis
3458 676 3748 743 insaniat
3783 675 3993 743 Satan
4016 675 4364 743 Christum

2400 770 2629 829 tamen
2670 760 2792 828 sub
2835 783 3027 828 cruce
3070 782 3368 861 regnare.
3455 761 3561 829 De
3607 762 4067 863 ludimagistro
4085 766 4141 840 ²)
4184 763 4364 847 quod

2399 848 2708 1000 {5332th
2721 846 4366 1018 {uffiss‘ffssffiffuffissississuffifflpuffiffi

2401 1022 2578 1086 enim
2623 1020 2731 1086 hic
2775 1027 3030 1086 tentare
3065 1020 3258 1085 161111.
3318 1019 3676 1086 0811161866
3720 1019 3890 1086 nihil
3930 1020 4199 1086 allatum
4242 1028 4364 1100 est,

2402 1116 2551 1190 post
2607 1106 2834 1171 literas
2891 1128 2932 1170 a
2987 1105 3299 1171 fratribus
3359 1107 3655 1190 scriptas,
3700 1126 3862 1191 quas
3903 1105 4095 1172 vobis
4138 1106 4365 1191 legen-

2405 1192 2523 1258 das
2587 1192 2794 1258 mitto.
2873 1189 3000 1258 Ubi
3066 1191 3378 1276 legeritis,
3446 1193 3670 1259 statim
3745 1192 3915 1257 mihi
3996 1189 4364 1258 reddendas

2403 1286 2667 1345 curate:
2729 1278 2882 1360 (11118
2938 1277 3113 1360 apud
3168 1297 3275 1343 me
3330 1279 3649 1344 hactenus
3694 1276 4011 1356 continui,
4056 1285 4252 1360 atque
4295 1276 4366 1343 id

2404 1365 2684 1430 fratrum
2760 1384 3061 1428 meorum
3116 1364 3460 1447 permissu.
3573 1362 3793 1446 Quam
3885 1364 4199 1429 atrociter
4255 1384 4362 1429 me

2405 1458 2545 1515 tota
2589 1450 2781 1514 factio
2802 1450 2856 1528 ⁸)
2883 1449 3141 1527 laceret,
3186 1470 3320 1515 non
3343 1450 3610 1535 ignoro:
3657 1470 3735 1515 ac
3769 1449 4059 1533 quotidie
4094 1470 4180 1514 ex
4214 1468 4363 1515 meo

2405 1557 2605 1602 sensu
2662 1535 2980 1618 experior,
3036 1542 3353 1619 quantum
3400 1556 3441 1600 a
3480 1535 3668 1602 bonis
3722 1536 3978 1601 naturis
4021 1535 4236 1601 8116118
4277 1535 4367 1601 sit

2406 1621 2758 1706 tyrannica
2823 1620 3195 1700 crudelitae,
3264 1643 3462 1705 quam
3520 1628 3711 1686 vetus
3768 1630 3962 1705 poeta
4019 1620 4365 1703 descripsit

2407 1708 2512 1774 his
2558 1707 2805 1774 verbis:
2875 1705 3160 1772 Oderint
3203 1706 3361 1772 dum
3407 1714 3724 1773 metuant.
3791 1709 4035 1790 Atque,
4079 1708 4138 1772 si
4181 1707 4361 1789 optio

2407 1791 2699 1871 daretur,
2745 1792 3007 1857 mallem
3029 1791 3324 1858 omnium
3363 1814 3507 1859 esse
3541 1792 4159 1877 contemptissimus.
4228 1790 4366 1859 Sed

2408 1879 2562 1962 (11118
2628 1879 2771 1943 Deo
2838 1879 3030 1943 aliter
3095 1879 3327 1962 placet,
3397 1880 3704 1945 feramus.
3795 1876 4030 1944 Aderit
4096 1877 4366 1944 tandem

2408 1966 2566 2030 suis.
2634 1963 2917 2029 Interim
2961 1965 3213 2048 optima
3256 1973 3357 2033 est
3379 1966 3585 2031 bonae
3620 1964 4055 2031 conscientiae
4097 1964 4362 2030 fultura.

2409 2050 2628 2115 Hodie
2690 2049 3099 2116 Benellerius
3118 2055 3175 2128 ⁴)
3230 2046 3506 2119 aliorum
3550 2070 3734 2116 more
3777 2050 4129 2116 factionem
4176 2070 4364 2115 suam

2409 2157 2693 2221 purgare
2733 2145 3003 2202 conatus
3039 2147 3169 2203 est:
3216 2137 3362 2220 ipse
3380 2148 3602 2202 tamen
3625 2136 3960 2202 confessus
3983 2142 4179 2202 estse
4224 2135 4366 2219 dig·

2410 2244 2573 2287 1111111
2615 2220 2731 2287 tali
2775 2222 3111 2306 supplicio.
3180 2222 3494 2288 Pluribus
3537 2242 3755 2289 coram
3799 2222 4024 2288 omnia
4066 2222 4364 2287 referam.

2408 2308 2557 2374 Hoc
2614 2308 2790 2373 enim
2856 2315 3149 2392 excepto,
3209 2309 3394 2375 116116
3459 2316 3558 2374 est
3625 2307 3843 2390 aliqua
3913 2307 4370 2391 resipiscentia

2410 2394 2610 2478 tangi.
2678 2392 2933 2473 Valete‚
2979 2395 3212 2477 optimi
3247 2394 3503 2460 fratres.
3571 2388 3924 2459 Dominus'
3945 2392 4132 2459 vobis
4177 2392 4375 2472 adsit,

2409 2500 2531 2545 166
2591 2478 2911 2565 gubernet
2969 2502 3045 2547 ac
3089 2488 3373 2546 tueatur.
3464 2480 3801 2559 Genevae,
3849 2486 3907 2544 9.
3954 2476 4370 2563 Septembris

3323 2701 3607 2768 Ioannes
3652 2700 3978 2768 Calvinus
4017 2709 4193 2767 tuus.

3289 3266 3492 3338 2287.

2535 3420 2890 3489 oALVIN
2934 3420 3131 3487 on
3174 3404 3588 3488 meumes
3632 3417 3762 3486 DE
3805 3418 4264 3489 pommus.

2562 3593 2792 3745 efflare
2840 3591 3179 3676 pastorale.
3288 3591 3870 3677 Eneouraqements‚
3928 3591 4374 3675 exhortatione,

2414 3699 2560 3747 cons
2683 3730 2697 3745 .

2413 3868 2612 3937 (Oopie
2655 3867 2727 3920 de
2773 3866 3111 3935 Jonvilliora,
3161 3864 3280 3922 MS.
3326 3865 3395 3919 de
3441 3863 3666 3920 Geneve
3715 3864 3833 3934 107,
3879 3865 3915 3920 f.
3948 3862 4020 3919 64
4054 3883 4106 3920 v.
4141 3893 4209 3906 ·—-
4253 3865 4372 3922 MS.

2412 3935 2530 4000 116,
2567 3937 2602 3990 f.
2639 3934 2736 3998 633
2771 3936 2949 3990 Bernc
2986 3935 3128 4005 Epp.
3151 3933 3244 3988 VI.
3281 3951 3333 4003 p.
3369 3932 3503 3998 489;
3541 3933 3741 3990 Simler
3777 3935 3895 3989 Vol.
3928 3933 4016 3988 85.
4056 3965 4122 3974 —
4157 3934 4375 3990 Buchat

2411 4006 2528 4061 VII.
2565 4003 2697 4072 3263
2732 4004 2952 4059 Lettres
2987 4005 3053 4058 fr.
3090 4002 3159 4057 11.
3197 4001 3264 4056 67
3278 4020 3291 4065 ;
3329 4002 3547 4057 Orottet
3584 4002 3786 4059 Ohron.
3821 4003 3889 4058 N.
3909 4003 4005 4068 22;
4033 4004 4197 4058 Trad.
4226 4003 4371 4075 angl.

3278 4088 3331 4141 p.
3366 4070 3512 4139 223.)

2411 4247 2515 4312 La
2560 4243 2867 4309 dilection
2925 4242 3007 4308 (16
3062 4241 3239 4308 Dieu
3302 4252 3529 4309 nostre
3592 4243 3767 4308 Pere
3827 4252 3895 4308 et
3936 4242 4002 4308 la
4045 4265 4240 4328 grace
4285 4243 4368 4310 (16

2411 4340 2632 4397 nostre
2655 4328 2988 4413 Seigneur
3021 4328 3209 4394 Iesus
3230 4328 3461 4395 Ohrist
3503 4329 3632 4394 soit
3675 4329 3998 4394 tonsiours
4042 4350 4159 4395 sur
4199 4349 4367 4396 vous

2695 4436 2817 4499 par
2863 4415 2930 4480 la
2973 4415 3528 4482 communication
3575 4413 3665 4478 du
3714 4414 3784 4480 S.
3832 4415 4077 4499 Esprit.

2581 4586 2938 4654 Treschers
2996 4584 3360 4671 Seigneurs
3417 4595 3484 4651 et
3539 4585 3760 4664 freres,
3816 4606 3983 4651 nous
4028 4585 4363 4670 glorificus

2409 4675 2586 4742 Dieu
2646 4674 2727 4741 de
2787 4694 2859 4740 ce
2906 4693 3033 4757 (1116
3076 4693 3199 4756 par
3239 4693 3314 4738 sa
3356 4671 3556 4737 bonte
3599 4671 3830 4737 infinie
3873 4670 3922 4737 il
3967 4692 4008 4737 a
4049 4672 4250 4739 retire
4294 4672 4362 4739 la

2409 4899 2676 5032 228611
2771 4964 3129 5034 uasmaqmer
3161 4968 3282 5017 erat
3312 4960 3463 5016 Lae.
3487 4957 3698 5041 enoch.
3751 4960 3924 5015 euius
3950 4964 4367 5043 grammaticam

2405 5053 2694 5110 graecam:
2737 5035 2818 5088 De
2864 5034 3060 5104 puerili
3101 5048 3416 5101 graecarum
3463 5030 3746 5083 literarum
3792 5029 4040 5086 doctrina
4083 5032 4242 5102 liber,
4278 5035 4366 5088 in·

2407 5104 2827 5233 ῧρέὲοᾎέἕέ.
2838 5098 4367 5239 mersaeeffwttssffimfflatw

2614 5243 2675 5378 23
2715 5242 3200 5365 memmae
3230 5321 3340 5376 quo
3374 5303 3642 5361 aeon-etum
3674 5303 3999 5443 famm4gst
4032 5305 4085 5362 d.
4107 5306 4188 5361 11.
4213 5307 4367 5379 Sept·

2785 4935 2794 4948 .
2842 4895 2918 4951 N.
2952 4893 3107 4962 2283,
3142 4900 3252 4949 not.
3286 4893 3335 4947 5.
