4850 6200
471 453 600 519 323

461 646 581 706 tus
643 657 790 709 sum
857 635 1033 723 quod
1110 635 1559 714 dictaverunt,
1635 635 1922 719 placatos
1986 642 2207 702 tamen
2278 656 2421 702 esse

451 721 741 791 ⁴confido.
821 722 1103 805 Reliqua
1160 743 1244 788 ex
1301 722 1383 788 D.
1445 720 1725 787 Sturmio
1744 725 1799 800 ⁸)
1842 719 2206 805 intelliges,
2267 721 2422 804 quia

463 809 620 958 :plius
696 809 1006 893 temporis
1082 828 1260 874 nunc
1335 805 1418 872 ad
1497 806 1916 874 scribendum
1991 828 2124 873 non
2203 806 2418 873 datur.

531 895 663 972 ale,
742 894 1153 961 ornatissime
1227 893 1351 972 vir,
1431 904 1498 957 et
1576 893 1813 959 eximie
1878 892 2129 960 Christi
2208 913 2417 960 serve.

468 979 803 1047 Dominus
845 987 914 1044 te
956 1000 1213 1063 semper
1257 986 1520 1044 tueatur
1564 997 1640 1043 ac
1684 987 1886 1065 regat.
1956 977 2270 1046 Genevae
2315 984 2417 1044 27.

463 1065 782 1135 Novemb.
837 1069 1017 1131 1554.

1388 1149 1671 1215 Ioannes
1711 1148 2030 1216 Calvinus
2071 1159 2244 1215 tuus.

1261 1448 1272 1451 -
1295 1446 1338 1451 -.-
1377 1442 1660 1452 ιΔ--ῄψ-ο

1338 1660 1536 1731 2⁰54.

621 1795 1083 1866 OALVINUS
1129 1795 1610 1865 MINIS'I'RIS
1655 1796 2240 1866 HELVE'I'ICIS.

546 2056 559 2071 .
642 1968 965 2055 Praefatio
1009 1966 1382 2051 Defensioni
1429 1968 1773 2037 Censen-sus
1823 1970 2187 2037 Tamicensis
2217 1991 2416 2054 prae-

464 2075 682 2122 massa.

471 2225 780 2287 (Edidimus
817 2226 870 2279 in
908 2226 1054 2280 Tom.
1092 2225 1188 2280 IX.
1258 2223 1495 2296 Operum
1530 2243 1567 2295 p
1639 2264 1654 2279 .
1690 2224 1877 2279 5-14.
1949 2225 2159 2297 Scripta
2193 2228 2294 2281 fuit
2320 2228 2412 2282 lv,

465 2296 580 2350 Gal.
614 2294 740 2349 Dec.
777 2293 914 2349 1554
949 2302 1005 2347 et
1040 2294 1230 2365 incipit
1265 2311 1298 2347 a
1332 2295 1540 2348 verbis:
1616 2312 1703 2348 am
1737 2295 1916 2364 elapsi
1946 2302 2074 2349 sunt
2109 2297 2250 2351 anni
2281 2312 2416 2367 qua-

468 2372 594 2419 tuor
629 2371 728 2418 etc.
785 2364 894 2417 lam
961 2380 1083 2417 uum
1120 2363 1175 2417 in
1212 2362 1556 2432 praecedenti
1594 2364 1824 2445 epistola
1858 2363 1927 2419 N.
1948 2362 2223 2435 2042ipse
2257 2372 2417 2419 autor

476 2432 855 2487 Turicensibus
901 2380 957 2485 ig
1004 2432 1354 2485 suadentibus
1399 2448 1725 2486 concessisse
1760 2433 1920 2497 dicat,
1967 2440 2027 2487 ut
2063 2450 2093 2487 e
2127 2440 2283 2488 textu
2317 2450 2416 2487 suo

477 2504 657 2555 omnia
691 2501 947 2555 iniuriosa
993 2517 1021 2554 6
1063 2501 1236 2554 itheta
1282 2508 1643 2571 expungeret,
1690 2518 1795 2555 non
1845 2502 1941 2555 abs
1976 2518 2035 2557 re
2071 2503 2177 2557 erit
2211 2511 2267 2557 te
2302 2520 2416 2557 mo-

478 2587 605 2624 nere
642 2570 828 2623 eadem
864 2571 921 2623 in
954 2586 1024 2637 ga
1045 2570 1148 2623 lica
1183 2570 1433 2624 versione
1468 2569 1689 2623 minime
1724 2570 1904 2624 deleta
1939 2570 2126 2625 fuisse:
2203 2571 2311 2626 uod
2347 2588 2416 2625 ex

477 2639 804 2693 variantibus
840 2639 1154 2693 lectionibus
1190 2639 1419 2706 margini
1456 2638 1710 2693 editionis
1759 2649 1975 2693 nostrae
2021 2640 2303 2708 adscriptis
2338 2641 2414 2693 fa-

473 2707 576 2761 cile
611 2722 914 2778 cognosces.
985 2707 1203 2829 Ver-siod
1225 2708 1435 2831 egiggca
1462 2708 1676 2830 l1³³hilatfi.
1710 2706 1804 2762 111.
1844 2707 1913 2760 79
1960 2724 2243 2778 perperam
2277 2709 2416 2764 hanc

1135 2793 1167 2829 a
1278 2815 1287 2826 .
1372 2783 1459 2830 cto
1502 2815 1513 2827 .
1549 2792 1607 2829 re
1630 2780 1759 2843 ert.)

1261 3051 1666 3062 ——-———-—-—-——

1336 3271 1534 3342 2⁰55.

988 3426 1340 3494 GADIUS
1369 3431 1419 3509 ¹)
1464 3426 1898 3496 OALVINO.

649 3593 1043 3662 Commendat
1097 3599 1159 3662 ei
1223 3597 1532 3680 ”epatium
1585 3599 1815 3665 nobilis
1872 3600 2204 3667 cuiusdam
2260 3600 2420 3668 Itali

471 3701 639 3748 nune
692 3682 764 3747 in
807 3681 1081 3748 Rhaetia
1132 3684 1569 3750 commorantis
1621 3686 1802 3752 euius
1857 3684 2015 3752 bona
2063 3692 2120 3753 et
2181 3687 2420 3753 reditus

473 3769 862 3919 3,.ξὲᾒῖῗὲ
891 3789 1102 3852 papae
1134 3773 1282 3835 sunt
1314 3769 1569 3851 ideoque
1607 3772 1678 3836 in
1701 3773 2022 3854 praesenti
2055 3772 2420 3840 discrimine

473 4021 583 4087 (Ex
629 4025 964 4094 autographo
1019 4025 1145 4080 cod.
1196 4026 1558 4162 ΡιιτίῗὸιΒὲὶιιξ.)
1606 4028 1808 4082 nation.
1860 4027 1994 4083 0011.
2045 4028 2238 4101 Dupuy
2293 4030 2416 4099 102,

640 4262 1020 4329 Clarissimo
1098 4274 1166 4331 et
1229 4265 1490 4349 egregie
1566 4266 1754 4333 docto
1821 4269 1966 4335 viro
2029 4271 2112 4336 D.
2183 4271 2419 4338 Ioanni

471 4347 750 4414 Calvino
796 4348 1208 4417 Genevensis
1266 4352 1578 4417 ecclesiae
1622 4356 1866 4436 pastori
1911 4356 2418 4442 vigilantissimo

471 4433 758 4519 mihique
804 4435 1155 4517 plurimum
1201 4435 1622 4504 observando.
1898 4527 1961 4594 G

1967 4549 2232 4594 enevae.

639 4655 786 4721 Iam
843 4656 991 4736 diu,
1051 4660 1293 4743 optime
1341 4658 1614 4738 Calvine,
1675 4682 1876 4745 quum
1921 4664 2001 4729 ab
2047 4664 2243 4730 Italia
2283 4664 2416 4732 dis·

467 4743 808 4808 cessissem
868 4752 934 4807 et
989 4744 1311 4830 Tigurum
1384 4748 1863 4828 pervenissem,
1922 4750 2152 4834 scripsi
2211 4750 2292 4816 ad
2350 4761 2416 4815 te

676 4945 735 5009 3)
777 4947 929 5000 Haec
1028 4947 1199 5002 odunt
1301 4951 1510 5032 istolam
1547 4952 1799 5032 aliquam·
1822 4951 2176 5035 deperditam.

471 5013 659 5069 2055.
681 5013 736 5077 1)
778 5014 850 5068 N.
878 5013 936 5068 17
1010 5058 1022 5069 .
1045 5015 1193 5070 1778.
1346 5025 1389 5072 nt
1423 5029 1532 5102 tum
1569 5027 1824 5101 iesaperu
1845 5028 2090 5077 monaster
2126 5041 2186 5078 m
2214 5022 2413 5094 Teqlio,

467 5083 616 5154 quod
651 5089 778 5163 tunc
808 5084 922 5149 fore
956 5092 1120 5166 caput
1154 5095 1270 5140 erat
1319 5088 1490 5142 Vallis
1533 5088 1768 5143 Tellenae
1811 5089 1962 5142 haud
2005 5092 2198 5173 procul
2243 5110 2279 5147 a
2324 5093 2415 5149 Tu·-

459 5153 1043 5301 ᾒὛὸψὶζίῖῗὶνέὼωῖῖ.
1059 5153 1193 5278 ¹3⁶3?
1194 5166 1376 5294 ,2135ss
1374 5159 2416 5305 Jttffi.?'ffoezssffss.ffl⁶¹f²2mzt

473 5289 514 5343 Ι
548 5305 604 5343 se
642 5288 857 5344 Gadtus
890 5307 940 5344 a.
979 5292 1004 5344 1
1147 5293 1184 5360 f
1250 5311 1287 5347 a
1331 5296 1437 5348 sabi
1481 5294 1754 5348 consulere
1797 5303 2014 5350 coactus
2063 5315 2188 5354 moae
2231 5303 2413 5356 rediit.

463 5361 495 5422 (
571 5374 708 5427 ομιτ,
746 5358 999 5415 Locamo
1035 5361 1104 5415 11.
1147 5363 1166 5414 l
1247 5401 1258 5415 .
1335 5361 1421 5414 De
1460 5362 1633 5418 Porta
1670 5363 1710 5417 1.
1747 5362 1781 5416 2
1811 5382 1867 5432 p.
1904 5363 2053 5435 264.)

1979 444 2507 514 EPIS'POLAE
2552 447 2975 510 2053—2056

4349 450 4471 511 324

2526 633 2681 718 quid
2722 635 2795 700 in
2817 633 3013 700 Italia
3046 633 3345 720 egissem,
3390 644 3457 701 et
3497 634 3714 718 praeci
3762 655 3845 698 ue
3886 630 4059 716 quod
4102 632 4193 700 ibi
4234 632 4481 702 multos

2525 719 2944 787 offendissem
2990 718 3418 787 Servetanos:
3473 654 3893 804 quamobrem
3937 728 4004 785 te
4045 718 4361 785 hortabar
4402 726 4478 784 ut

2526 806 2771 890 aliquid
2814 806 3161 874 scriberes:
3220 805 3391 890 quod
3437 807 3637 871 etiam
3683 806 3892 872 fecisti
3935 815 4285 889 antequam
4330 805 4477 871 lite-

2526 912 2631 958 ras
2668 914 2848 959 meas
2883 893 3227 976 acciperes,
3273 899 3350 957 ut
3382 899 3608 976 postea
3643 891 3869 957 statim
3904 892 4193 975 cognovi.
4262 890 4476 967 Nunc,

2527 985 2601 1043 ut
2643 976 2722 1043 ad
2769 977 2935 1044 illud
2982 979 3244 1046 veniam
3288 976 3457 1062 quod
3501 998 3606 1043 me
3656 977 3918 1061 impulit
3960 987 4036 1043 ut
4078 976 4161 1041 ad
4203 987 4271 1041 te
4314 978 4477 1043 scri-

2526 1061 2764 1142 berem,
2822 1065 2990 1129 scias
3034 1063 3266 1142 velim,
3322 1085 3522 1147 quum
3563 1063 3707 1128 Deo
3751 1062 4069 1147 placuerit
4110 1069 4185 1127 ut
4229 1060 4309 1127 ad
4355 1061 4475 1126 hos

2526 1150 2751 1215 Italiae
2795 1151 2960 1215 fines
3006 1158 3274 1216 vocatus
3330 1151 3561 1215 fuerim
3617 1170 3736 1232 pro
3790 1149 3992 1215 verbo
4036 1148 4163 1214 Dei
4219 1148 4475 1214 concio-

2526 1235 2763 1313 nando,
2824 1234 3037 1318 quoad
3082 1255 3345 1300 carnem
3390 1236 3704 1317 pertinet,
3762 1235 4041 1300 multum
4080 1232 4306 1318 affligi,
4349 1233 4476 1299 etsi

2568 1320 2736 1387 uoad
2780 1322 3085 1404 spiritum
3131 1341 3264 1386 non
3353 1342 3540 1386 arum
3578 1320 3804 1387 videar
3839 1319 4095 1399 lucrari,
4139 1340 4341 1403 quum
4377 1320 4475 1385 vi·

2523 1342 2715 1472 {eam
2740 1405 2946 1473 Deum
2992 1427 3065 1472 se
3107 1415 3288 1474 osten
3337 1427 3447 1472 ere
3484 1406 3879 1481 hominibus,
3923 1404 4003 1471 ad
4049 1426 4215 1490 quos
4258 1424 4474 1472 accer-

2524 1493 2692 1558 situs
2735 1513 2900 1570 sum,
2946 1493 3039 1557 ita
3082 1502 3157 1559 ut
3189 1513 3503 1558 numerus
3538 1489 3828 1558 fidelium
3874 1491 4165 1576 quotidie
4209 1502 4473 1558 crescat.

2525 1578 2709 1644 Inter
2762 1599 2924 1662 quos
2975 1587 3076 1644 est
3134 1576 3454 1661 quaedam
3507 1578 3754 1644 familia
3810 1600 3891 1643 ex
3949 1576 4388 1655 nobilioribus,
4414 1578 4473 1655 ²)

2524 1666 2628 1730 cui
2664 1685 2795 1730 non
2832 1664 3043 1731 solum
3078 1665 3270 1745 cives,
3314 1665 3426 1730 sed
3471 1676 3536 1729 et
3580 1663 3799 1731 vicina
3842 1663 4081 1748 oppida
4162 1663 4474 1728 lurimum

2522 1750 2829 1829 credunt,
2888 1771 3163 1833 eamque
3222 1750 3445 1817 colunt
3510 1760 3579 1815 et
3636 1748 4006 1815 observant.
4182 1768 4296 1815 aec
4350 1748 4472 1813 sub

2523 1856 2728 1921 regno
2786 1836 3179 1903 Antichristi
3251 1835 3461 1902 multa
3529 1836 3700 1902 bona
3763 1835 3988 1902 habet:
4056 1856 4258 1920 quum
4313 1854 4472 1919 ergo

2523 1922 2844 2005 placuerit
2887 1922 3029 1988 Deo
3074 1932 3147 1987 ut
3189 1921 3324 1988 illis
3363 1922 3432 1986 in
3471 1922 3762 1987 animum
3807 1923 4128 1999 mitteret,
4183 1941 4225 1986 a
4266 1940 4472 2005 regno

2524 2007 2701 2072 illius
2759 2008 3061 2074 omnibus
3123 2005 3333 2073 modis
3388 2007 3880 2091 perversissimo
3945 2007 4255 2085 liberare,
4321 2026 4472 2073 ecce

2524 2092 2823 2159 dominus
2869 2093 3062 2159 huius
3104 2093 3393 2159 familiae
3427 2093 3510 2157 ad
3565 2114 3672 2158 me
3715 2093 3923 2169 venit,
3980 2093 4274 2176 petitque
4318 2112 4473 2159 con-

2521 2178 2739 2245 silium
2786 2178 2942 2261 quid
2986 2179 3053 2244 in
3101 2178 3222 2245 hac
3268 2201 3340 2247 re
3383 2179 3598 2255 faciat,
3644 2178 4094 2262 quomodoque
4151 2197 4221 2243 se
4266 2189 4469 2262 gerat.

2523 2264 2652 2330 Oui
2706 2263 3008 2347 respondi
3067 2286 3173 2330 me
3229 2265 3352 2331 hoc
3410 2265 3751 2332 consilium
3817 2264 4181 2348 petiturum
4238 2284 4380 2330 esse
4433 2286 4473 2330 a

2522 2362 2603 2427 te,
2649 2352 2792 2416 viro
2836 2350 3227 2432 peritissimo
3285 2373 3359 2417 ac
3419 2350 3816 2416 fidelissimo.
3908 2351 4163 2417 Placuit
4217 2348 4286 2414 id
4331 2362 4472 2416 tum

2522 2435 2679 2512 sibi,
2723 2437 3107 2519 rogavitque
3159 2444 3233 2501 ut
3276 2437 3359 2502 ad
3404 2446 3468 2500 te
3517 2458 3710 2519 quam
3757 2436 4041 2519 primum
4097 2435 4467 2503 scriberem.

2520 2520 2691 2586 Nam
2737 2521 2862 2588 sibi
2916 2521 3261 2605 persuadet
3310 2522 3654 2589 eonsilium
3710 2521 3880 2605 quod
3939 2521 4195 2589 dederis
4245 2529 4313 2587 et
4356 2523 4471 2588 bo·

2518 2628 2676 2672 num
2723 2606 2857 2672 fore
2901 2617 2966 2672 et
3002 2608 3207 2674 fidele.
3276 2608 3371 2675 Ut
3413 2620 3633 2674 autem
3678 2609 3876 2690 probe
3920 2611 4104 2686 scias,
4150 2609 4469 2692 quomodo

2520 2713 2626 2759 res
2668 2691 2830 2759 haec
2873 2716 2942 2759 se
2981 2693 3237 2772 habeat,
3283 2693 3368 2759 D.
3410 2694 3671 2771 Celsum,
3699 2696 3748 2773 ⁸)
3796 2695 3910 2778 qui
3954 2695 4100 2760 istic
4142 2707 4242 2760 est
4284 2703 4470 2776 pote-

2521 2779 2611 2843 ris
2657 2779 3078 2865 interrogare.
3148 2780 3261 2847 Sic
3306 2792 3542 2859 autem,
3580 2792 3655 2845 ut
3697 2801 3816 2864 ego
3862 2800 4116 2864 quoque
4161 2779 4470 2845 brevibus

2519 2863 2881 2947 ostendam,
2940 2886 3010 2931 se
3054 2866 3267 2933 habet.
3359 2864 3539 2931 Olim
3586 2876 3975 2932 testamento
4021 2865 4180 2931 haec
4224 2865 4470 2931 familia

2522 2951 2753 3016 haeres
2794 2953 3150 3017 constituta
3193 2952 3317 3017 fuit
3360 2950 3708 3030 facultatis,
3754 2973 3919 3035 quae
3956 2950 4235 3037 singulis
4279 2952 4471 3020 annis

2520 3036 2790 3121 praebet
2835 3036 3116 3104 reditum
3136 3040 3195 3117 ⁴)
3242 3058 3587 3105 aureorum
3635 3042 3775 3104 300.
3864 3037 3934 3104 Is
3989 3036 4238 3105 reditus
4292 3040 4469 3104 exci-

2522 3124 2701 3206 pitur
2757 3143 2840 3188 ex
2897 3123 3117 3190 fundis
3173 3124 3284 3207 qui
3343 3124 3558 3191 adhuc
3621 3136 3777 3190 sunt
3834 3125 3953 3190 sub
4009 3145 4211 3208 regno
4272 3125 4470 3190 Anti-

2521 3208 2773 3274 christi.
2859 3209 2944 3275 In
2988 3219 3377 3276 testamento
3423 3209 3543 3278 hoc
3586 3220 3849 3294 pactum
3893 3213 4178 3294 positum
4224 3221 4340 3288 est,
4394 3221 4470 3276 ut

2525 3294 2724 3359 huius
2780 3294 3061 3360 familiae
3118 3295 3418 3361 dominus
3484 3296 3808 3380 obligatus
3873 3299 3961 3360 sit
4026 3297 4322 3364 habitare
4376 3298 4472 3364 ibi

2524 3379 2697 3445 unde
2762 3381 3089 3465 excipitur
3158 3380 3433 3448 reditus:
3502 3380 3673 3466 quod
3732 3382 3789 3446 si
3854 3403 3988 3447 non
4056 3381 4473 3464 habitaverit,

2525 3467 2694 3530 bona
2727 3466 2844 3531 illa
2883 3467 2965 3532 ad
3001 3466 3336 3534 ecclesiam
3419 3469 3756 3552 apisticam
3793 3469 4201 3550 perveniant.
4246 3469 4473 3550 Quum

2524 3551 2685 3618 haec
2729 3553 2822 3617 ita
2865 3573 2935 3617 se
2982 3552 3296 3632 habeant,
3352 3553 3488 3622 ilic
3535 3555 3834 3620 habitare
3876 3575 4065 3637 posse
4106 3554 4291 3620 salva
4332 3557 4472 3639 pie·

2524 3646 2659 3702 tate
2718 3659 2849 3703 non
2913 3638 3118 3704 videt:
3195 3640 3363 3706 bona
3418 3640 3537 3708 illa
3593 3642 3815 3706 omnia
3868 3641 4069 3706 nollet
4133 3643 4469 3707 amittere:

2525 3722 2678 3805 quid
2722 3725 2915 3790 faciat
2955 3726 3180 3791 nescit.
3270 3726 3484 3792 Multa
3526 3727 3636 3792 ille
3680 3728 3980 3804 tentavit,
4025 3727 4139 3792 sed
4184 3728 4468 3794 frustra:

2526 3809 2649 3875 hoc
2693 3817 2916 3876 tamen
2973 3811 3066 3876 illi
3124 3832 3578 3878 successurum
3626 3811 3915 3890 videtur,
3976 3824 4051 3878 ut
4093 3813 4341 3880 seilicet
4383 3835 4472 3881 ex

2522 3894 2635 3960 illo
2682 3907 3072 3962 testamento
3108 3898 3435 3964 eximatur
3473 3897 3752 3964 conditio
3797 3899 3909 3963 illa
3953 3898 4293 3965 habitandi
4334 3901 4475 3966 illic

2525 3981 2635 4046 ubi
2678 3992 2836 4047 sunt
2877 3982 3066 4048 bona.
3132 3983 3214 4048 Id
3256 3997 3476 4050 autem
3521 3995 3741 4068 sperat
3783 3986 4089 4068 consequi
4132 4007 4316 4070 posse
4350 4009 4474 4072 per

2524 4067 2767 4133 amicos
2846 4088 3004 4150 quos
3073 4069 3268 4135 habet
3332 4092 3607 4156 magnos
3683 4070 3856 4153 apud
3919 4072 4135 4153 ipsum
4202 4093 4470 4157 papam:

2524 4152 2695 4217 Nam
2741 4153 2796 4217 si
2839 4152 3123 4219 conditio
3166 4155 3281 4220 illa
3321 4158 3721 4222 eximeretur
3762 4179 3798 4222 e
3842 4167 4250 4238 testamento,
4292 4169 4473 4226 certo

2527 4239 2651 4304 scit
2716 4237 2841 4304 sibi
2910 4259 3039 4304 non
3123 4240 3461 4308 defuturos
3528 4245 3636 4327 qui
3694 4251 3989 4308 emerent
4055 4244 4214 4310 haec
4280 4245 4463 4310 bona.

2526 4322 2661 4389 Sed
2706 4324 2833 4388 alia
2876 4323 3221 4393 difficultas
3256 4330 3480 4393 oritur.
3560 4329 3728 4394 Nam
3776 4329 3935 4394 dicit
3977 4351 4046 4395 se
4082 4341 4258 4396 certo
4300 4334 4471 4397 scire

2524 4428 2762 4492 papam
2807 4429 2936 4475 non
2982 4412 3106 4477 sibi
3143 4411 3265 4479 hoo
3307 4436 3782 4494 concessurum,
3829 4418 3951 4481 nisi
3997 4436 4144 4482 cum
4194 4418 4317 4482 hac
4360 4414 4473 4482 ad-

2526 4493 2791 4572 ditione,
2851 4509 2922 4561 ut
2965 4497 3212 4564 scilicet
3256 4501 3563 4567 ecclesiae
3607 4503 3914 4584 praebeat
3956 4502 4232 4585 singulis
4275 4504 4468 4568 annis

2522 4580 2755 4646 saltem
2799 4603 3027 4649 aureos
3074 4590 3187 4649 30:
3232 4586 3402 4670 quod
3448 4609 3532 4653 an
3572 4590 3775 4671 possit
3820 4589 3959 4653 fieri
3999 4589 4181 4654 salva
4224 4589 4469 4671 pietate

2524 4686 2641 4731 nec
2686 4688 2798 4746 ne,
2866 4670 3210 4737 nescimus.
3295 4674 3575 4739 Decrevi
3640 4675 3843 4755 igitur
3898 4672 3979 4739 ad
4037 4685 4101 4739 te
4159 4675 4465 4752 scribere,

2522 4771 2878 4837 rogareque
2935 4766 3013 4821 ut
3055 4758 3111 4823 si
3169 4759 3238 4824 in
3297 4760 3418 4826 hac
3473 4780 3543 4823 re
3609 4759 3868 4843 aliquod
3930 4759 4292 4825 remedium
4351 4774 4467 4825 tuo

2521 4839 2789 4906 consilio
2836 4841 3069 4907 afferre
3134 4853 3337 4927 potes,
3404 4843 3469 4909 id
3539 4844 3698 4910 velis
3768 4866 3880 4927 pro
3938 4854 4051 4911 tua
4107 4847 4176 4911 in
4234 4866 4468 4913 omnes

2521 4923 2746 4992 fideles
2811 4927 3224 4995 humanitate
3288 4939 3354 4996 et
3431 4929 3673 5012 pietate
3753 4931 3994 4997 facere.-
4070 4931 4139 4997 id
4218 4941 4466 5008 autem,

2688 5165 2782 5248 .2)
2821 5166 3039 5222 Nomen
3085 5169 3375 5224 memoriae
3412 5170 3695 5238 proditum
3739 5187 3848 5226 aon
3893 5179 3986 5225 ese.
4064 5173 4234 5228 Porta
4266 5172 4332 5227 de
4364 5173 4474 5231 hoc

2516 5241 3228 5374 Μαοὴοὸἷαιοῦἓηίηεηφωπ
3265 5306 3371 5372 (Ν.
3406 5305 3589 5374 2045).

2720 5373 2773 5433 4)
2810 5381 2972 5429 autor
3008 5376 3201 5445 ubique
3235 5375 3447 5432 scribit.-
3486 5375 3742 5431 redditus.
