4850 6200
371 455 489 517 469

370 638 536 707 volet
578 646 769 703 stare.
849 637 1158 720 Alioquin
1197 637 1254 702 si
1296 658 1427 701 non
1471 638 1695 702 veniat
1715 640 1751 675 ⁸
1794 642 1832 700 4
1877 634 2026 701 illos
2071 653 2300 700 aureos

371 723 611 801 reddat,
655 745 775 807 pro
815 724 957 788 fure
999 723 1188 788 illum
1233 721 1498 789 habebo.
1566 722 1711 787 Non
1758 727 1858 787 est
1899 722 2010 804 qui
2054 720 2302 786 maiora

373 808 474 875 det
537 807 862 892 stipendia
918 830 1114 893 quam
1171 809 1312 891 ipse
1370 809 1470 874 do.
1559 808 1695 873 Res
1759 809 2044 891 integra:
2111 804 2302 871 modo

372 895 587 962 saltem
635 897 811 961 intra
846 899 928 960 20
964 895 1102 960 dies
1137 894 1542 961 voluntatem
1581 890 1921 976 significet.
2008 891 2086 958 Si
2126 891 2301 957 enim

366 982 540 1057 velit,
587 988 918 1064 exspectet
959 979 1162 1047 donec
1204 979 1449 1065 pascha
1491 977 1665 1062 apud
1709 990 1775 1044 te
1818 978 2059 1044 fecerit.
2124 978 2302 1043 Lau-

369 1066 529 1133 dabo
577 1067 714 1131 hoc.
799 1066 921 1133 Ille
964 1086 1157 1149 quem
1201 1065 1455 1144 vidisti,
1512 1067 1621 1148 qui
1667 1064 1748 1131 ad
1793 1087 1897 1129 me
1940 1064 2128 1130 venit
2169 1063 2303 1127 'Pu-

371 1151 662 1238 binguae,
712 1174 883 1218 nunc
929 1152 1132 1217 literis
1177 1152 1425 1229 matris,
1483 1152 1685 1216 fratre
1731 1158 2005 1223 mortuo,
2052 1150 2303 1215 excitus

369 1241 530 1304 redit
577 1241 645 1302 in
690 1239 1061 1304 Neustriam
1107 1239 1382 1321 patriam
1427 1259 1630 1303 suam.
1717 1236 1896 1301 Vale.
1978 1233 2304 1299 Dominus

367 1334 463 1477 13³
461 1334 528 1390 et
564 1323 901 1391 ecclesiam
938 1343 1122 1389 suam
1158 1333 1380 1389 servet
1415 1336 1480 1387 et
1503 1332 1757 1408 augeat.
1821 1320 2302 1405 Montbelgardi

463 1412 504 1478 l.
555 1411 783 1476 Martii
839 1416 1013 1475 1555.

1512 1547 1694 1611 Tuus
1739 1553 2050 1628 perpetuo

1429 1648 1702 1714 Carolus
1746 1646 2132 1712 Molinaeus.

1242 2266 1432 2336 213⁰.

811 2440 1288 2507 TOSSANUS
1335 2434 1862 2504 BLAURERO.

545 2616 983 2680 Ministrorum
1040 2614 1186 2678 olim
1249 2612 1652 2677 dimissorum
1717 2630 1911 2674 causa
1972 2627 2091 2672 non
2149 2606 2310 2672 male

356 2704 642 2785 procedit
684 2708 738 2766 et
783 2721 923 2782 spes
967 2706 1055 2765 est
1097 2704 1165 2762 ut
1217 2700 1287 2762 in
1339 2697 1617 2780 qratiam
1668 2696 2074 2778 recipiantur,
2134 2694 2310 2758 modo

366 2808 439 2854 ne
485 2788 784 2855 Farellus
827 2808 893 2851 se
934 2785 1293 2850 immisceat.

363 2961 473 3027 (Ex
525 2958 862 3029 autographo
899 2957 1037 3010 Bibl.
1084 2953 1636 3084 eiss‘fhsssnfagssnm
1672 2950 1821 3006 MSS.
1861 2950 2010 3005 Tom.
2053 2946 2122 3004 37
2167 2949 2307 3019 Epp.

1281 3066 1292 3078 .
1348 3041 1417 3077 o.
1490 3063 1501 3075 .

544 3219 927 3285 Clarissimo
974 3217 1112 3281 viro
1158 3214 1241 3280 D.
1291 3214 1634 3279 Ambrosio
1681 3210 1999 3277 Blaurero
2051 3208 2311 3274 domino

363 3326 480 3373 suo
527 3329 603 3372 ac
648 3305 836 3370 fratri
879 3302 1351 3369 colendissimo,
1914 3381 1995 3447 Β.
2038 3380 2082 3444 Γ

1977 3403 2037 3445 ιθ
2067 3403 2140 3446 is.

542 3563 614 3630 S.
692 3562 886 3645 Quod
950 3561 1143 3626 citius
1208 3559 1432 3624 literas
1497 3581 1535 3622 a
1600 3576 1704 3620 me
1770 3574 1904 3618 non
1968 3552 2312 3635 acceperis,

363 3651 826 3718 colendissimo
870 3648 1200 3722 Blaurere,
1267 3646 1338 3708 in
1402 3663 1600 3710 causa
1656 3648 1754 3707 est
1809 3638 1981 3721 quod
2045 3638 2312 3704 domum

363 3758 675 3805 reversus
718 3737 954 3802 fratres
993 3734 1330 3798 ministros
1373 3730 1486 3814 qui
1531 3727 1778 3793 dimissi
1825 3735 2015 3790 erant
2058 3731 2316 3807 praeter

362 3824 923 3908 exspectationem
957 3818 1338 3885 invenerim.
1366 3819 1417 3892 ¹)
1478 3813 1611 3896 Qui
1645 3831 2017 3895 quanquam
2053 3812 2122 3875 in
2145 3809 2311 3875 mul-

363 3911 452 3975 tis
497 3909 797 3997 graviter
839 3915 1184 3982 errassent,
1202 3907 1258 3980 ²)
1303 3911 1371 3968 et
1423 3898 1736 3984 principis
1789 3896 2152 3962 sententiae
2208 3915 2313 3961 ac-

359 3997 791 4079 quievissent,
849 4001 913 4060 et
968 3992 1124 4057 hinc
1167 3988 1406 4056 abituri
1449 4008 1489 4051 a
1530 3983 1854 4069 praefecto
1915 3982 2158 4047 dimitti
2202 4001 2313 4067 pe·

361 4083 651 4162 tiissent,
704 4101 832 4164 quo
887 4079 1012 4146 sibi
1055 4075 1212 4143 alibi
1255 4073 1716 4158 prospicerent,
1777 4078 1843 4133 et
1885 4090 2049 4153 quae
2095 4068 2315 4134 volue-

361 4168 507 4234 rint
539 4166 718 4252 apud
752 4167 912 4232 alias
946 4163 1252 4232 ecclesias
1281 4160 1362 4226 de
1396 4158 1582 4224 nobis
1617 4157 2025 4240 sparsissent,
2071 4153 2318 4222 reversi

363 4261 596 4321 tamen
641 4252 923 4336 benigne
967 4249 1173 4316 auditi
1216 4257 1404 4313 sunt:
1451 4244 1803 4311 clementer
1844 4260 1996 4306 cum
2037 4239 2132 4307 eis
2177 4239 2316 4324 agi-

363 4348 500 4421 tur,
558 4359 877 4423 speroque
921 4336 1057 4402 fore
1102 4346 1196 4414 ut,
1252 4343 1316 4398 te
1368 4353 1485 4413 per
1527 4329 1770 4407 literas,
1830 4326 2112 4404 consule,
2168 4347 2317 4392 con-

364 4425 769 4508 siliariisque
823 4435 888 4489 et
956 4421 1139 4489 nobis
1204 4416 1742 4502 supplicantibus,
1807 4413 1875 4478 in
1940 4413 2218 4498 gratiam
2276 4433 2317 4476 a

360 4513 667 4595 principe
710 4509 955 4593 recepti
989 4506 1352 4573 ministerio
1395 4503 1845 4576 restituantur,
1889 4497 2079 4565 modo
2123 4497 2318 4580 culpa

359 4764 553 4824 21³0.
581 4768 641 4837 1)
679 4767 951 4821 Suadentc
1012 4765 1182 4820 classe
1248 4762 1603 4817 Neocomemi
1669 4757 1942 4813 redierant
2012 4761 2062 4810 ct
2118 4753 2315 4810 Gemitu*

365 4835 612 4907 Gom-aio
641 4839 955 4907 petitionem
990 4833 1336 4888 tradiderant
1380 4830 1622 4886 Touana
1658 4829 1886 4883 absente.

575 4906 635 4974 2)
676 4904 884 4973 Goquol
913 4901 1056 4972 1255
1089 4908 1251 4956 autor
1284 4906 1362 4954 m
1396 4913 1485 4955 eos
1520 4898 1768 4954 ecclesias
1787 4892 2315 4974 Mombeloardevpses

360 4988 402 5029 ο
427 4973 893 5044 wau-centnm
925 4975 1213 5042 separatas
1233 4968 1524 5023 Heluam
1540 4968 1748 5023 arctim
1770 4967 1993 5033 innuere
2025 4961 2315 5029 etudume,

359 5047 416 5098 d
464 5044 632 5099 siml
671 5042 1021 5112 disciplinam
1070 5040 1384 5095 memorem
1431 5053 1498 5092 ex
1540 5041 1710 5089 (κακία
1759 5031 1980 5086 Calvisi
2019 5036 2072 5086 et
2103 5029 2318 5085 Far-ello·

356 5113 786 5170 mundane.
858 5108 1189 5178 Kirchhofcr
1225 5106 1362 5160 Far.
1394 5122 1451 5176 p.
1490 5104 1592 5158 126
1625 5103 1761 5159 aicit
1792 5115 1884 5156 cos
1916 5115 2060 5180 novo
2081 5099 2315 5169 Aqenda

359 5185 659 5306 wine,
702 5180 1202 5260 min-usman-
1234 5174 1620 5236 ordinationis,
1664 5176 1717 5227 ct
1746 5184 1906 5240 acan
1951 5168 2138 5225 tuasne

365 5246 1604 5441 M„Q”3⁶m⁹“mffl.
1653 5239 1940 5364 ιῒέἴέΐ
1973 5236 2311 5377 ΨΜωὲ

2104 449 2263 510 1555
2309 444 2591 511 MART.

4224 459 4354 519 470

2403 635 2630 718 agnita
2721 633 2987 719 rincipis
3031 635 3509 702 ordinationem
3555 640 3889 723 recipiant,
3911 642 3967 719 ⁸)
4025 642 4106 707 ad
4150 663 4349 727 quam

2403 740 2652 803 perpen
2698 720 2936 785 endam
3000 720 3198 786 tridui
3262 724 3548 806 spatium
3612 726 3962 808 petierunt,
4031 728 4349 796 nimirum

2403 815 2481 870 ut
2522 805 2776 872 interea
2796 806 2861 871 N
2862 827 3270 876 eocomenses
3304 809 3734 890 consulerent,
3771 832 4047 894 quorum
4091 815 4161 878 in
4207 820 4355 881 tota

2404 892 2655 958 actione
2691 893 3034 958 consilium
3068 915 3137 959 se
3171 894 3355 978 sequi
3389 915 3648 979 semper
3680 896 4112 963 affirmarunt.
4163 900 4353 982 Quae

2404 998 2605 1061 quum
2656 979 2751 1043 ita
2808 977 3093 1044 habeant
3147 986 3220 1044 ut
3269 1001 3373 1047 res
3426 981 3744 1047 inclinent
3788 983 3869 1047 ad
3914 984 4351 1065 concordiam,

2406 1085 2538 1128 non
2583 1063 2895 1130 iudicavit
2948 1065 3314 1147 praefectus
3358 1067 3470 1149 qui
3527 1066 3681 1134 hinc
3736 1069 3881 1133 heri
3935 1091 4084 1136 cum
4146 1093 4353 1137 uxore

2406 1149 2478 1213 in
2545 1150 2848 1215 viciniam
2915 1150 3117 1214 animi
3183 1172 3381 1218 causa
3444 1152 3604 1217 abiit
3663 1163 3807 1218 acta
3863 1177 4101 1221 causae
4160 1155 4241 1220 ad
4287 1162 4353 1222 te

2407 1234 2753 1315 mittenda,
2808 1235 3187 1318 priusquam
3242 1247 3573 1303 transacta
3625 1238 3869 1305 fuerint
3911 1242 4143 1306 omnia.
4233 1242 4354 1307 In-

2407 1328 2587 1385 terea
2643 1320 2775 1400 fac,
2832 1321 3123 1398 obsecro,
3181 1332 3257 1387 ut
3300 1321 3622 1389 Farellum
3679 1324 3850 1390 domi
3908 1328 4265 1405 contineas,
4297 1332 4353 1405 ⁴)

2408 1407 2595 1472 cuius
2639 1406 2962 1472 adventus
3009 1429 3138 1472 non
3183 1408 3395 1474 solum
3438 1409 3691 1475 inutilis
3736 1420 3909 1476 esset
3954 1411 4109 1477 huic
4153 1412 4357 1478 eccle·

2408 1494 2543 1557 siae
2609 1503 2675 1555 et
2734 1492 3060 1569 fratribuS‚
3128 1494 3243 1559 sed
3309 1495 3508 1560 etiam
3575 1496 3849 1580 principi
3918 1497 4355 1577 decumbenti,

2411 1577 2905 1655 valetudinario,
2964 1587 3031 1643 et
3086 1578 3320 1645 harum
3380 1582 3724 1647 turbarum
3781 1582 3926 1666 plus
3987 1585 4148 1650 satis
4206 1605 4356 1669 per-

2409 1669 2590 1729 taeso
2635 1666 2948 1747 ingratus.
3014 1663 3279 1748 Optime
3316 1666 3465 1732 vale
3508 1689 3653 1733 cum
3693 1689 3893 1733 uxore
3932 1669 4357 1750 pientissima,

2415 1747 2742 1836 Func[l]i0
2767 1752 2826 1833 ⁵)
2863 1758 2930 1815 et
2972 1750 3230 1818 Nicolao
3272 1753 3582 1819 fratribus
3619 1753 4026 1831 venerandis,
4077 1776 4357 1839 quorum

2413 1839 2655 1901 sanctis
2699 1836 3017 1920 precibus,
3063 1837 3177 1902 sed
3220 1840 3352 1904 tuis
3396 1841 3695 1921 inprimis
3738 1862 3842 1905 me
3888 1863 4147 1925 semper
4182 1863 4357 1908 com-

2411 1921 2664 1987 mendo,
2750 1922 3300 2005 Mombelgardiae
3344 1928 3400 1990 2.
3450 1925 3678 1990 Martii
3732 1931 3910 1992 1555.

3494 2062 3675 2127 Tuus
3721 2086 3870 2129 vere
3923 2087 4003 2130 ex
4055 2066 4273 2132 animo

3567 2164 3806 2230 Petrus
3850 2167 4203 2235 Tossauus.

3298 2705 3480 2776 2131.

2517 2858 3253 2927 PROOLAMATION
3318 2861 3451 2928 DU
3516 2861 4058 2931 MAGISTRA'P
4131 2867 4256 2932 DE

3130 2961 3499 3030 LAUSAN
3508 2964 3648 3029 NE.

2422 3222 2482 3288 G
2568 3133 2973 3294 *ceungeu-nant
3051 3137 3117 3202 la
3192 3135 3436 3218 defense
3510 3136 3740 3202 d’aller
3820 3138 3862 3202 ὰ
3940 3141 4006 3205 la
4084 3141 4242 3208 Ceno·
4320 3145 4367 3209 (ὶ

2484 3243 2673 3286 eneve.

2416 3392 2613 3461 (Oopie
2648 3393 3104 3462 contempni-aine.
3162 3393 3542 3462 Bibliotheque
3577 3393 3645 3446 de
3683 3393 3916 3448 Geneve.
3965 3396 4169 3452 Carton
4196 3397 4367 3456 19722.

2921 3463 3096 3514 hieme
3130 3462 3311 3515 feuille
3350 3479 3451 3530 que
3490 3463 3541 3515 le
3574 3462 3641 3516 N.
3677 3461 3861 3529 2117.)

2589 3631 2768 3696 Nous
2811 3631 2874 3697 le
2918 3632 3408 3717 Bourgmaistre
3453 3639 3518 3697 et
3554 3631 3815 3697 Conseil
3864 3631 3944 3698 de
3987 3634 4054 3699 18
4100 3636 4250 3703 ville
4294 3648 4361 3704 et

2417 3717 2546 3784 cite
2605 3716 2684 3783 de
2737 3717 3107 3796 Lausanne,
3177 3739 3381 3801 ayans
3441 3717 3728 3783 entendu
3794 3739 4047 3784 comme
4114 3742 4364 3794 aucuns

2417 3801 2711 3869 residens
2757 3824 3033 3867 manans
3076 3809 3142 3869 et
3187 3802 3487 3868 habitans
3533 3823 3612 3867 en
3660 3814 3877 3869 nostre
3928 3805 4085 3871 ville
4130 3810 4254 3874 cite
4299 3819 4370 3878 et

2419 3887 2829 3955 iurisdiction
2884 3910 2969 3954 ne
3020 3909 3089 3954 se
3147 3897 3526 3955 contentent
3590 3888 3703 3953 des
3767 3895 4168 3958 ceremonies
4226 3896 4363 3961 ius-

2418 3996 2578 4059 ques
2620 3995 2660 4039 8
2702 3982 2964 4058 present
3005 3976 3174 4040 riere
3215 3995 3378 4040 nous
3420 3977 3682 4054 usitees,
3727 3977 3870 4042 ains
3916 3999 3989 4044 se
4032 3987 4368 4064 transpor-

2418 4072 2563 4127 tent
2616 4082 2698 4126 en
2763 4060 2829 4125 la
2892 4061 3020 4127 cite
3075 4060 3154 4125 de
3215 4060 3486 4126 Geneve
3543 4083 3675 4126 aux
3742 4063 3918 4128 iours
3983 4085 4105 4147 que
4164 4066 4274 4132 lon
4316 4089 4368 4153 y

2418 4147 2673 4214 celebre
2714 4146 2780 4210 18
2823 4149 3068 4213 saincte
3113 4166 3273 4213 cene
3316 4146 3490 4212 selon
3536 4148 3679 4212 leur
3714 4148 3906 4213 ordre
3951 4163 4020 4214 et
4050 4155 4363 4231 maniere,

2419 4233 2483 4298 la
2526 4241 2834 4298 recevant
2889 4232 3035 4297 illec
3093 4253 3342 4298 comme
3384 4232 3437 4298 si
3481 4254 3603 4318 par
3647 4233 3804 4298 deca
3860 4235 4044 4301 icelle
4088 4257 4170 4302 ne
4223 4238 4363 4304 fust

2419 4319 2771 4385 distribues
2813 4340 2933 4401 par
2973 4318 3061 4384 tel
3105 4318 3297 4383 ordre
3342 4328 3405 4384 et
3459 4340 3544 4384 en
3596 4319 3662 4384 18
3719 4321 4009 4386 maniere
4049 4343 4175 4405 que
4233 4322 4364 4389 elle

2418 4414 2520 4471 est
2574 4403 2881 4469 institues
2937 4424 3055 4488 par
3110 4413 3332 4470 nostre
3384 4424 3667 4470 sauveur
3706 4404 4098 4485 Iesuchrist,
4164 4407 4361 4476 chose

2417 4511 2541 4575 que
2606 4509 2770 4555 nous
2833 4489 3076 4555 semble
3139 4489 3573 4557 scandaleuse.
3666 4494 3725 4556 A
3792 4513 3864 4558 ce
3930 4493 4121 4558 effect
4189 4502 4359 4561 tres-

2416 4584 2695 4642 assertes
2737 4572 3119 4642 deffendons
3155 4597 3195 4641 a
3236 4584 3384 4641 tous
3427 4597 3548 4641 noz
3592 4575 3930 4661 bourgeois
3965 4599 4245 4646 manans
4289 4589 4361 4646 et

2416 4662 2718 4729 habitans
2777 4682 2862 4726 en
2924 4670 3149 4728 nostre
3215 4661 3381 4728 dicte
3436 4662 3592 4729 ville
3649 4672 3713 4728 et
3771 4661 4212 4731 iurisdictione
4271 4663 4355 4731 de

2438 4806 2577 4813 ⁴7...ss

2489 4956 2509 5009 ι
2560 4956 2569 4968 .
2620 4885 2681 4951 3)
2728 4883 2886 4940 Vides
2953 4899 3045 4939 soc
3093 4885 3373 4939 mim‘stros
3426 4901 3467 4937 a
3534 4883 3689 4940 civili
3739 4887 3966 4954 nauiter·
3967 4892 4066 4941 atu
4132 4887 4357 4944 mm·
4260 4889 4271 4901 ·
4344 4889 4361 4906 “

2414 4971 2489 5011 ao
2508 4969 2669 5011 ausc.

2614 5022 2673 5088 4)
2714 5021 2883 5077 Gaius
2909 5023 3226 5091 praesentia
3260 5035 3430 5091 neque
3469 5024 3598 5089 paci
3636 5028 3991 5090 prospectum
4025 5027 4146 5078 erat
4180 5040 4352 5097 noque

2427 5092 2671 5149 Touana
2716 5092 2829 5146 iam
2872 5090 3298 5146 luam-animatu·
3336 5097 3514 5159 prata.
3589 5089 3775 5146 Comes
3821 5093 3951 5159 ipse,
3998 5097 4359 5161 quantumvis

2415 5161 2702 5225 niodoeate,
2735 5163 2797 5214 in
2828 5159 3014 5215 eadem
3045 5164 3165 5214 erat
3196 5160 3478 5214 acnuam.

2619 5231 2679 5295 5)
2714 5228 2914 5285 lacum
2946 5230 3008 5283 in
3039 5228 3247 5283 charta
3318 5225 3434 5282 Iac.
3454 5226 3669 5282 walde
3688 5226 3950 5282 Blaesi-eri
3982 5229 4184 5299 calleyo
4217 5231 4365 5288 olin-

2415 5297 2768 5354 Constantia
2797 5312 2945 5352 nunc
2977 5296 3169 5351 Biatia.

2415 5365 2589 5421 2181.
2623 5365 2679 5433 1)
2715 5363 2795 5420 N.
2828 5362 2984 5420 2097.
3019 5361 3173 5419 211⁷.
3207 5361 3361 5419 2127.
