4850 6200
334 423 452 485 689

332 609 462 675 suis
497 607 718 675 verbis
758 606 1154 696 saluta[rem,
1190 606 1463 695 tuisque]
1508 605 2034 674 commendarem
2066 606 2275 689 preci·

331 695 467 760 bus.
557 694 887 760 Dominus
946 695 1405 778 magistratum
1469 693 1707 779 spiritu
1771 691 2153 777 prudentiae
2211 699 2278 756 61

330 780 729 847 fortitudinis
767 778 1097 867 imple[at]
1144 790 1212 848 et
1254 781 1512 864 dirigat.

498 866 606 932 De
681 868 879 934 rebus
959 867 1205 932 nostris
1269 867 1425 950 quid
1502 864 1782 932 scribam
1848 886 1982 931 non
2048 862 2274 930 habeo.

330 951 596 1018 Habent
640 960 716 1018 ut
756 955 959 1037 prius.
1005 987 1601 1000 —————

500 1037 805 1105 Calvinus
848 1049 915 1103 et
969 1039 1204 1106 fratres
1246 1059 1473 1105 omnes
1517 1037 1947 1104 Genevenses
1990 1044 2055 1101 et
2097 1034 2279 1100 Lau-

331 1146 686 1191 666666666
744 1134 809 1190 16
861 1123 1349 1213 6[ωαηίἰ.ς6·ἱοη6]
1408 1124 1714 1191 66161661.
1804 1121 2067 1189 Salutat
2111 1142 2279 1186 uxor

330 1220 394 1277 et
446 1211 714 1278 familia.
805 1210 1095 1276 Mariam
1144 1212 1415 1277 filiolam
1472 1220 1655 1276 tuam
1707 1209 1866 1275 duxi
1910 1208 2278 1284 Genevam‚

329 1317 521 1380 quam
565 1298 860 1363 commisi
896 1298 1213 1379 compatri
1247 1318 1394 1362 6166
1430 1297 1639 1364 Enoco
1680 1295 2152 1379 ludimagistro,
2196 1293 2277 1358 ab

326 1404 531 1448 uxore
561 1382 1056 1449 instituendam.
1123 1382 1361 1450 Saluta
1381 1383 1716 1467 collegam,
1752 1382 1836 1447 ad
1871 1401 2064 1465 quem
2086 1378 2277 1444 mitto

332 1472 407 1533 13
454 1488 634 1535 66666
664 1490 827 1552 (1666
871 1469 1141 1535 dederat
1175 1469 1257 1535 ad
1294 1470 1607 1535 viaticum
1645 1468 1906 1533 mulieri
1945 1487 2111 1550 quae
2148 1466 2277 1531 huc

325 1553 530 1620 missa
595 1566 699 1621 est
759 1555 843 1620 ad
910 1576 1199 1621 uxorem.
1298 1556 1535 1622 Saluta
1600 1555 1679 1619 D.
1749 1555 2148 1637 praefectum
2211 1559 2278 1616 et

327 1641 569 1708 amicos
612 1642 791 1707 61166.
883 1643 1279 1708 Lausannae
1333 1646 1427 1707 18.
1473 1641 1625 1706 Iulii
1682 1646 1861 1703 1555.

1304 1780 1488 1845 'l'uus
1527 1778 1771 1845 Petrus
1812 1777 2100 1842 Viretus.

1203 2514 1402 2585 2248.

478 2690 859 2757 vsRNou
906 2688 1093 2757 AUX
1135 2674 1509 2755 FRERES
1555 2688 1680 2754 DE
1727 2671 2126 2754 GENEVE.

504 2862 680 2929 Recit
722 2866 798 2927 de
840 2883 918 2926 sa
958 2862 1337 2927 translation
1372 2860 1414 2924 ὰ
1455 2859 1796 2941 ΟῙιαηιὸἑη]
1831 2864 1886 2924 et
1919 2859 1994 2923 de
2028 2859 2173 2924 celle
2204 2860 2280 2924 de

325 2970 426 3016 ses
470 2969 881 3032 compagnons
922 2954 979 3013 et
1019 2949 1096 3015 de
1128 2949 1299 3012 leurs
1328 2948 1634 3028 premiere
1678 2946 2198 3028 interroyatoires.
2226 2948 2278 3019 ¹)

547 3121 814 3187 (Histoire
851 3120 947 3173 des
982 3121 1241 3190 Mat-tyrs,
1280 3120 1363 3173 ed.
1400 3119 1468 3172 (16
1506 3117 1662 3187 1619,
1694 3117 1789 3173 fol.
1823 3115 1944 3170 345.
1986 3120 2061 3183 ν.)

504 3295 648 3360 Mes
726 3296 950 3370 freres,
1028 3295 1073 3358 il
1132 3315 1170 3358 6
1259 3292 1410 3377 11166
1493 3300 1535 3358 a
1593 3299 1819 3356 nostre
1900 3290 2027 3355 bon
2108 3290 2281 3354 Dieu

322 3402 497 3447 nous
557 3382 719 3446 faire
770 3393 907 3447 cest
965 3380 1269 3445 honneur
1326 3377 1575 3443 d’avoir
1642 3384 1779 3443 este
1842 3397 2071 3441 menez
2146 3376 2279 3440 l’un

325 3488 521 3551 apres
578 3468 812 3533 l’autre
857 3466 1207 3532 enchainez
1268 3465 1349 3529 de
1407 3466 1471 3529 la
1526 3465 1746 3548 prison
1791 3484 1872 3528 en
1920 3461 2281 3527 l‘auditoire

322 3573 446 3637 par
507 3553 749 3618 devant
804 3554 866 3618 le
936 3554 1300 3618 lieutenant
1366 3551 1455 3616 du
1512 3549 1809 3627 Vibailli,
1868 3549 1930 3613 le
1979 3550 2279 3622 Prevost,

322 3640 673 3705 l'Advocat
717 3640 806 3704 du
852 3639 996 3714 Rei,
1042 3639 1137 3703 les
1175 3637 1502 3704 Officiaux
1549 3637 1630 3702 de
1672 3647 1846 3700 ceste
1890 3635 2047 3700 ville
2090 3647 2157 3700 et
2199 3633 2279 3698 (16

319 3725 730 3803 Τ616616166,
768 3726 1218 3808 l’Inquisiteur
1253 3723 1333 3789 de
1376 3724 1442 3789 16
1484 3724 1589 3798 foi,
1628 3723 1978 3805 l'Evesque
2013 3718 2288 3804 portatis

321 3821 596 3878 nomme
658 3811 1009 3893 Furbiti,2)
1067 3810 1377 3893 quelques
1421 3810 1675 3874 moines
1735 3821 1801 3873 et
1853 3816 2074 3872 autres
2129 3827 2279 3890 per·

321 3919 669 3982 sonnages.
794 3899 899 3963 La
978 3895 1285 3961 dereohef
1351 3918 1434 3960 on
1503 3916 1668 3959 nous
1734 3917 1773 3959 a
1837 3892 2158 3957 demands
2224 3891 2279 3957 si

320 4007 494 4050 nous
559 3985 862 4050 voulions
929 3997 1099 4048 estre
1177 3982 1563 4064 opiniastres
1640 4004 1721 4044 66
1788 3999 1909 4044 666
1974 3979 2281 4056 116166166,

320 4072 517 4155 (16’116
562 4072 898 4156 appelent:
945 4071 1112 4134 mais
1156 4089 1346 4151 apres
1382 4089 1545 4131 nous
1580 4074 1753 4131 estre
1788 4064 2281 4130 recommandez

321 4165 363 4223 6
421 4158 490 4221 la
545 4157 861 4238 eonduite
904 4155 989 4219 du
1046 4157 1114 4221 S.
1174 4154 1403 4237 Esprit
1458 4173 1662 4217 avons
1720 4159 2084 4217 remonstre
2157 4172 2282 4233 que

321 4243 548 4327 quand
608 4265 693 4308 on
755 4263 918 4306 nous
962 4244 1145 4324 print
1199 4261 1362 4304 nous
1420 4260 1506 4303 ne
1560 4239 1827 4303 saisions
1881 4258 2009 4318 quc
2058 4257 2283 4320 passer

320 4341 552 4395 nostre
605 4330 863 4394 chemin
922 4327 1407 4411 paisiblement,
1465 4334 1534 4389 et
1588 4346 1670 4389 au
1733 4331 1923 4399 reste,
1974 4329 2177 4404 quant
2242 4330 2284 4387 a

319 4426 550 4482 nostre
575 4416 678 4490 soi,
704 4414 939 4495 qu'elle
964 4415 1155 4478 estoit
1168 4413 1319 4477 telle
1335 4432 1460 4494 que
1477 4410 1636 4476 celle
1650 4408 1729 4474 de
1745 4410 2039 4484 Genava,
2064 4409 2284 4475 Berne

324 4510 394 4567 et
440 4511 665 4568 autres
688 4501 947 4585 Eglises
993 4500 1342 4564 reformees
1377 4519 1497 4579 par
1532 4495 1900 4579 l’Evangile
1936 4505 2002 4560 et
2034 4515 2285 4561 comme

326 4586 516 4653 desia
568 4609 649 4652 en
709 4588 937 4652 avions
982 4587 1099 4650 fait
1158 4586 1432 4667 quelque
1477 4582 1860 4648 confession.
1958 4579 2064 4646 De
2120 4601 2287 4646 6666

326 4673 755 4740 contraindre
822 4681 863 4737 6
928 4673 992 4737 16
1065 4672 1310 4754 quitter
1371 4691 1537 4753 pour
1603 4678 1904 4750 acceptet·
1980 4666 2140 4731 celle
2207 4666 2288 4731 de

324 4760 606 4847 l'Eglise
645 4759 989 4836 Romaine,
1034 4758 1222 4840 qu’ils
1258 4779 1341 4822 66
1375 4757 1436 4823 16
1465 4760 1840 4840 pouvoyent
1878 4752 2042 4818 faire
2077 4752 2291 4837 legiti-

331 5019 604 5084 66461)
644 5018 808 5073 Nous
842 5034 912 5072 ne
940 5017 1252 5071 donnes-om
1287 5013 1353 5067 de
1375 5019 1507 5067 cette
1538 5012 1900 5080 lonyueletm
1934 5026 2037 5080 que
2068 5010 2291 5078 lesper-

332 5093 435 5145 n'es
484 5088 805 5144 essentiales
849 5102 990 5156 pour
1038 5085 1314 5140 l’ln'stoire.
1433 5082 1515 5136 Le
1570 5082 1760 5149 proces·
1809 5096 1863 5132 se
1915 5080 2288 5148 protervam,

332 5159 431 5213 elle
466 5165 545 5212 est
580 5159 756 5212 suivie
791 5155 953 5211 d’une
989 5152 1128 5210 se'rie
1162 5153 1417 5216 d'autres,
1454 5166 1557 5220 que
1590 5163 1729 5203 nous
1766 5147 2133 5204 n'ime'rerom
2178 5163 2292 5203 non

327 5228 462 5298 plus
494 5233 670 5282 tontes
704 5226 847 5281 dam
881 5231 1036 5279 notre
1068 5222 1358 5279 collection.

543 5296 607 5363 2)
650 5295 722 5350 Ce
755 5310 882 5349 nom
917 5294 1230 5360 estfameuae
1266 5289 1687 5344 dansl'ht'stoire
1721 5288 1815 5344 des
1845 5289 2109 5357 premiere
2141 5301 2288 5340 mou·

333 5372 572 5421 omenta
604 5363 672 5419 de
706 5365 764 5420 16
793 5359 1027 5429 re'forme
1058 5366 1095 5418 ὰ
1134 5361 1356 5416 Genese.

547 5451 769 5508 cavi-⁸·
792 5464 978 5521 opera.
1058 5448 1169 5504 m
1204 5447 1336 5503 xv.

1970 421 2132 482 1555
2171 416 2355 486 IUL.

4203 421 4334 487 690

2376 612 2698 671 mement:
2757 626 2891 672 veu
2955 627 3040 671 en
3102 605 3387 689 premier
3449 605 3582 672 lieu
3645 627 3772 690 que
3835 627 4005 673 ceux
4067 607 4182 690 qui
4244 628 4339 673 66

2376 691 2713 757 1166111661
2767 690 3005 757 l’ordre
3047 690 3355 776 publique
3407 712 3492 756 ne
3538 691 3826 778 doyvent
3881 700 4056 760 estre
4111 713 4332 775 perse—

2378 788 2561 846 cutez
2626 798 2792 861 pour
2855 777 3000 843 leur
3063 777 3168 843 foi.
3272 776 3787 859 Secondement,
3845 778 4141 845 combien
4202 797 4330 862 que

2379 884 2609 948 [ξι-6666
2653 871 2695 929 a
2717 864 2912 943 Dieu,
2956 884 3198 947 soyons
3219 864 3506 930 certains
3549 862 3631 929 de
3664 875 3888 931 nostre
3927 864 4035 943 foi,
4082 870 4332 930 tontes·

2378 951 2501 1016 fois
2544 950 2599 1015 si
2637 970 2725 1015 66
2769 970 2934 1014 6666
2993 951 3345 1016 1666611611
3398 969 3518 1034 par
3559 949 3627 1015 la
3684 951 3933 1017 saincte
3987 950 4330 1017 Escriture

2380 1044 2551 1101 estre
2618 1034 2955 1100 defaillans
3035 1057 3120 1100 en
3190 1035 3466 1119 quelque
3543 1035 3766 1116 chose,
3835 1055 4001 1102 6666
4076 1036 4333 1102 6611666

2378 1130 2593 1206 preste
2644 1121 2726 1185 de
2770 1142 2938 1186 nous
2997 1123 3328 1187 assuiettir
3393 1121 3433 1185 ὲ
3483 1129 3707 1187 666116
3764 1121 3940 1187 Β166
3996 1122 4145 1205 11616
4202 1142 4332 1206 que

2380 1206 2461 1273 de
2505 1214 2648 1272 tout
2690 1218 2904 1289 temps
2963 1207 3010 1271 il
3053 1228 3217 1273 nous
3273 1208 3457 1272 avoit
3498 1205 3714 1273 donne
3769 1228 3844 1273 66
3889 1208 4101 1274 sainct
4158 1207 4332 1273 desir

2380 1294 2462 1359 de
2504 1294 2567 1357 le
2610 1292 2840 1369 servir,
2884 1313 3133 1359 mesme
3176 1291 3265 1358 du
3308 1300 3523 1375 temps
3569 1292 3649 1358 de
3694 1302 3917 1359 nostre
3958 1295 4330 1378 ignorance,

2379 1378 2618 1462 auquel
2664 1398 2831 1445 nous
2875 1380 2938 1443 le
2975 1380 3274 1445 servions
3311 1387 3353 1444 6
3386 1379 3719 1463 l'esgaree.
3806 1380 3899 1444 Et
3941 1400 4069 1462 que
4102 1400 4222 1463 par
4256 1398 4331 1444 66

2378 1488 2619 1549 moyen
2662 1465 2710 1529 il
2753 1486 2920 1532 6666
2981 1486 3021 1530 6
3071 1465 3307 1531 1661166
3369 1472 3411 1530 a
3462 1485 3630 1530 nous
3684 1467 3987 1548 enquerir
4044 1464 4123 1531 de
4181 1464 4333 1547 quel

2377 1560 2556 1618 coste
2601 1552 2795 1617 estoit
2850 1573 2924 1617 sa
2968 1551 3178 1617 verite
3234 1573 3315 1617 en
3373 1571 3480 1617 ces
3534 1548 3780 1636 grands
3836 1549 4130 1616 troubles
4185 1558 4331 1616 tou-

2376 1637 2580 1704 chant
2632 1637 2699 1701 la
2741 1637 3064 1722 Religion.
3188 1637 3281 1702 Et
3332 1657 3501 1703 6666
3558 1657 3598 1701 6
3649 1636 4033 1702 finalement
4092 1656 4332 1722 rengez

2378 1745 2465 1788 au
2499 1724 2674 1807 parti
2718 1721 2797 1789 de
2819 1746 2986 1791 ceux
3030 1722 3110 1789 de
3139 1723 3414 1789 Geneve
3456 1731 3690 1788 entant
3711 1723 3902 1806 qu’ils
3924 1723 4333 1788 soustienent

2374 1810 2444 1874 16
2485 1809 2714 1889 verite,
2772 1816 2840 1874 et
2881 1830 2966 1874 ne
3023 1808 3427 1875 demandons
3484 1816 3670 1875 autre
3724 1808 3919 1876 chose
3960 1809 4154 1875 sinon
4208 1827 4336 1892 que

2374 1896 2442 1961 la
2484 1894 2680 1961 Bible
2720 1896 2848 1961 soit
2889 1896 3051 1961 mise
3093 1903 3298 1961 avant
3330 1916 3497 1978 pour
3537 1903 3709 1960 estre
3753 1902 3973 1961 nostre
4004 1896 4187 1980 Iuge.
4246 1894 4341 1960 Et

2378 1982 2527 2065 puis
2606 2002 2731 2064 que
2810 1980 3248 2047 l'Institution
3323 1981 3763 2048 Chrestienne
3854 1979 4015 2047 dont
4086 1981 4333 2047 fusmes

2380 2078 2650 2133 trouvcz
2715 2067 2903 2132 saisis
2969 2067 3163 2133 estoit
3219 2067 3287 2132 16
3350 2088 3465 2132 661
3528 2066 3595 2131 16
3638 2067 3844 2145 table,
3909 2071 4104 2150 qu’en
4148 2066 4334 2133 icelle

2380 2174 2548 2219 nous
2591 2153 3067 2219 monstrerions
3110 2173 3456 2236 responses
3491 2152 3962 2237 peremptoires
4000 2159 4041 2218 a
4075 2162 4219 2218 tout
4260 2172 4334 2219 66

2383 2240 2575 2323 (16’116
2622 2248 3026 2323 pourroyent
3069 2238 3390 2323 alleguer:
3445 2238 3629 2305 voire
3677 2257 3912 2305 encore
3957 2238 4146 2322 qu'ils
4204 2237 4335 2303 dis·

2384 2334 2535 2391 sent
2577 2346 2702 2407 que
2744 2323 2907 2390 ledit
2949 2324 3117 2390 livre
3161 2325 3354 2390 estoit
3387 2346 3460 2389 re
3507 2334 3711 2390 rouve
3747 2331 3816 2389 et
3849 2323 4215 2390 condamne
4258 2345 4344 2389 au

2387 2410 2658 2478 0666116
2704 2410 2784 2476 (16
2829 2412 3095 2491 Τ16616,
3156 2432 3317 2478 avec
3362 2410 3443 2476 de
3471 2430 3632 2476 ense
3675 2408 3757 2474 de
3800 2431 3884 2476 ne
3937 2410 4000 2476 16
4042 2409 4165 2475 1116
4224 2428 4342 2474 66-

2386 2505 2756 2564 666661661.
2804 2532 2886 2543 -
2922 2534 3007 2545 -

2559 2582 2884 2650 Mei-credi
2951 2588 3045 2649 10.
3108 2581 3190 2648 (16
3246 2582 3473 2648 1611161
3538 2602 3708 2647 6666
3772 2582 4017 2647 fusmes
4077 2601 4343 2646 amenez

2385 2670 2523 2734 l’un
2565 2689 2605 2732 6
2651 2690 2759 2734 166
2800 2668 3033 2735 1’6611·6
3055 2667 3409 2736 enchainez
3445 2689 3566 2752 par
3600 2668 3843 2734 devant
3881 2666 3943 2733 le
3983 2666 4349 2732 lieutenant

2385 2755 2475 2821 du
2534 2756 2618 2820 Vi
2665 2754 2818 2833 ailli,
2872 2764 3307 2838 accompagne
3366 2755 3447 2819 de
3505 2754 3680 2819 deux
3732 2753 4010 2820 vicaires
4065 2753 4205 2817 l'un
4264 2752 4346 2818 de

2383 2840 2738 2923 l’Evesque
2803 2839 2882 2906 de
2950 2841 3335 2906 Tarantaise
3396 2841 3629 2906 l'autre
3694 2838 3792 2904 de'
3847 2839 4197 2921 l'Evesque
4262 2838 4346 2903 de

2385 2926 2741 3005 Grenoble,
2788 2926 3242 3010 l’Inquisiteur
3278 2926 3358 2992 de
3393 2926 3459 2991 16
3501 2926 3592 2993 foi
3651 2935 3718 2991 et
3760 2923 4048 2991 d’autres
4090 2924 4345 2990 moines

2384 3020 2530 3078 tant
2570 3012 2874 3096 Iaoopins
2914 3033 3040 3095 que
3076 3011 3449 3079 Cordeliers
3493 3019 3561 3078 et
3599 3033 3693 3076 un
3732 3011 4036 3094 Evesque
4071 3008 4351 3093 portatif

2385 3108 2649 3164 nomme
2717 3098 2972 3165 Furbiti
3018 3150 3031 3164 .
3081 3150 3094 3163 .
3144 3150 3158 3165 .
3209 3151 3222 3164 .
3291 3101 3383 3164 Et
3447 3120 3638 3184 apres
3718 3119 3843 3181 que
3922 3097 3985 3162 le
4061 3097 4346 3164 Prevost

2387 3207 2556 3251 nous
2601 3196 2714 3250 eut
2755 3186 2824 3250 lu
2870 3195 3096 3251 nostre
3149 3187 3510 3252 confession
3568 3185 3649 3250 de
3705 3184 3812 3262 foi,
3872 3204 3960 3249 on
4002 3205 4170 3249 nous
4230 3182 4344 3248 de-

2386 3272 2629 3337 manda
2689 3273 2744 3337 si
2789 3273 2926 3338 cela
2967 3274 3302 3338 contenoit
3346 3272 3553 3338 verite
3610 3281 3678 3337 et
3721 3271 3778 3334 si
3835 3291 4000 3336 nous
4044 3268 4344 3336 voulions

2489 3359 2831 3440 persistet:
2901 3379 3067 3424 nous
3127 3357 3369 3424 dismes
3426 3378 3507 3422 en
3551 3357 3618 3421 la
3659 3363 3855 3422 vertu
3913 3363 3979 3422 et
4020 3357 4193 3423 force
4253 3353 4343 3419 du

2385 3382 2456 3509 ἔ.
2483 3444 2712 3528 Esprit
2754 3444 2969 3528 qu’oui
3014 3453 3080 3509 et
3105 3464 3229 3526 que
3274 3443 3572 3508 voulions
3592 3441 3923 3509 soustenir
3963 3441 4027 3506 le
4062 3446 4345 3506 6661666

2384 3551 2469 3594 66
2515 3530 2701 3595 166116
2743 3532 3047 3612 iusqu’au
3092 3529 3353 3595 dernier
3395 3530 3655 3611 souspir
3698 3526 3778 3592 de
3822 3533 4044 3592 nostre
4101 3527 4212 3593 vie
4269 3535 4337 3593 et

2383 3617 2662 3682 effusion
2706 3616 2786 3681 de
2831 3617 2895 3681 la
2917 3615 3216 3680 derniere
3238 3622 3463 3698 goutte
3508 3613 3590 3679 de
3612 3620 3837 3679 nostre
3858 3633 4040 3698 sang,
4085 3633 4337 3698 comme

2383 3711 2606 3768 estant
2661 3703 2893 3767 fondee
2947 3724 3062 3766 sur
3118 3700 3186 3765 la
3250 3700 3473 3784 parole
3528 3698 3610 3765 de
3667 3700 3842 3764 Dieu
3885 3709 4208 3763 66616666
4251 3720 4337 3764 66

2384 3789 2543 3854 vieil
2607 3799 2676 3853 et
2740 3809 3042 3853 nouveau
3107 3787 3503 3852 Testament.
3613 3786 3785 3851 Bien
3848 3793 3951 3850 est
4003 3785 4147 3851 vrai
4212 3805 4340 3867 que

2386 3874 2685 3940 d'autant
2728 3895 2855 3957 que
2905 3875 3000 3938 les
3044 3871 3404 3957 Seigneurs
3458 3871 3539 3936 de
3583 3871 3802 3936 Berne
3846 3880 4137 3954 avoyent
4194 3890 4339 3954 pre-

2386 3970 2574 4027 sente
2621 3967 2918 4043 requeste
2962 3980 3093 4023 aux
3138 3960 3481 4043 seigneurs
3523 3957 3612 4022 du
3654 3956 4037 4022 Parlement
4094 3967 4162 4022 et
4221 3978 4339 4022 en·

2385 4056 2556 4132 voye
2597 4044 2874 4112 herauld
2907 4053 3344 4129 accompagne
3366 4043 3523 4109 d’un
3567 4042 3884 4108 escholier
3928 4042 4008 4108 de
4030 4042 4340 4107 Lausane

2387 4154 2552 4216 pour
2593 4153 2759 4197 nous
2804 4132 3109 4208 delivrer,
3166 4151 3333 4196 nous
3377 4130 3739 4214 requismes
3796 4129 3954 4210 qu'il
3997 4150 4163 4193 nous
4206 4131 4340 4192 fust

2384 4220 2544 4285 faict
2587 4218 2794 4284 droict
2837 4218 2904 4282 la
2948 4216 3193 4293 dessus,
3238 4223 3306 4281 et
3347 4237 3472 4297 que
3515 4238 3599 4280 66
3642 4213 3977 4280 recevions
4020 4233 4188 4296 pour
4223 4235 4341 4279 nos

2386 4305 2587 4389 Iuges
2631 4313 3007 4386 competens
3051 4300 3279 4368 lesdits
3323 4300 3619 4367 Vicaires
3684 4307 3754 4367 et
3795 4299 4202 4382 Inquisiteur
4258 4298 4340 4364 de

2386 4392 2454 4457 la
2496 4392 2603 4470 foi,
2647 4410 2898 4456 comme
2941 4397 3161 4454 661666
3204 4389 3449 4471 parties
3492 4386 3799 4453 adversos
3844 4385 3924 4450 de
3966 4384 4341 4469 l’Evangile

2389 4490 2456 4543 et
2492 4476 2606 4542 des
2650 4475 2911 4559 Eglises
2953 4475 3337 4539 reformees:
3398 4475 3545 4539 bref
3581 4494 3706 4555 que
3748 4493 3833 4536 ne
3877 4469 4342 4554 respondrions
4389 4547 4398 4554 ,

2391 4565 2578 4648 116161
2621 4562 2864 4629 devant
2906 4582 3053 4626 eux.
3156 4560 3252 4625 06
3309 4581 3436 4641 (166
3486 4581 3653 4624 6666
3696 4555 3939 4622 (1161666
3995 4578 4129 4621 666
4175 4577 4341 4638 pour

2389 4648 2648 4715 reculer
2690 4649 2857 4712 mais
2899 4667 3066 4729 pour
3108 4666 3191 4711 ne
3233 4646 3328 4711 les
3372 4644 3679 4710 habiliter
3720 4663 3886 4727 pour
3939 4662 4060 4707 nos
4117 4641 4335 4727 Iuges.

2393 4735 2527 4802 061
2549 4733 2768 4818 quand
2791 4733 2856 4797 la
2899 4754 3054 4798 cour
3094 4752 3261 4798 6666
3286 4753 3371 4797 66
3391 4730 3716 4797 bailleroit
3737 4728 4044 4807 d'autres,
4091 4728 4339 4795 estions

2390 4830 2607 4906 prestz
2667 4819 2748 4884 de
2791 4819 2954 4884 faire
3011 4818 3227 4901 ample
3269 4817 3634 4883 confession
3702 4814 3781 4880 de
3845 4821 4064 4878 nostre
4119 4813 4211 4879 foi
4274 4824 4343 4879 et

2390 4907 2673 4991 religion
2696 4904 3134 4972 Chrestienne
3177 4910 3244 4969 et
3286 4901 3366 4968 de
3404 4903 3470 4967 la
3489 4922 3774 4985 prouver
3812 4920 3931 4983 par
3949 4899 4342 4965 l’Escriture

2392 4993 2575 5060 selon
2619 4992 2685 5058 la
2735 5011 2930 5076 grace
2995 5011 3121 5074 (166
3181 4989 3353 5054 Dieu
3412 5008 3579 5053 nous
3644 5007 3730 5052 en
3785 4986 4000 5051 auroit
4063 4984 4339 5053 donnee.

2391 5081 2493 5146 Le
2538 5079 2945 5145 Lieutenant
2987 5097 3153 5142 6666
3196 5073 3582 5141 commanda
3638 5094 3758 5157 par
3802 5071 3977 5138 deux
4031 5091 4120 5136 ou
4174 5073 4340 5138 trois

2393 5167 2515 5231 fois
2559 5177 2626 5231 et
2667 5186 2788 5231 usa
2823 5163 2903 5228 de
2939 5162 3433 5228 commination:
3476 5159 3646 5225 mais
3678 5179 3848 5224 nous
3884 5157 4340 5240 persistasmes

2394 5273 2476 5315 66
2521 5262 2742 5316 666116
2785 5250 2975 5332 appel
3020 5257 3086 5313 et
3142 5247 3313 5312 ainsi
3365 5246 3613 5311 fusmes
3669 5263 3971 5310 ramenez
4015 5265 4147 5308 aux
4203 5245 4340 5327 pri-

2394 5359 2578 5416 sons,
2646 5344 2914 5419 excepte
2968 5355 3093 5417 que
3150 5342 3376 5399 nostre
3431 5334 3603 5398 frere
3655 5340 3724 5398 et
3777 5349 4185 5416 compagnon
4254 5350 4347 5396 en.
