4850 6200
320 459 443 522 793

322 646 765 712 valetudinem
785 697 801 724 ,
869 653 1064 727 atque
1129 644 1326 708 etiam
1392 642 1675 726 amplius
1738 663 1934 725 quam
2000 642 2260 725 possim,

321 733 855 798 annotationibus
897 733 987 795 im
1035 730 1219 807 endo,
1265 726 1435 812 quod
1473 727 1670 795 velim
1696 726 2002 810 Stephano
2038 736 2259 793 nostro

318 818 694 903 significari,
739 818 925 883 cuius
1013 816 1288 882 esiderio
1332 813 1571 881 vellem
1615 822 1687 878 ιιι
1732 813 2072 897 diligentia
2113 834 2259 879 mea

315 924 437 987 par
478 924 624 969 esse
665 910 898 986 posset.

490 988 812 1055 Beraldus
872 987 1020 1052 heri
1096 985 1365 1052 advenit
1390 986 1450 1068 ²)
1517 1006 1665 1051 cum
1747 984 1994 1049 familia
2061 993 2129 1048 et
2196 992 2258 1049 te

317 1095 713 1158 magnopere
757 1074 1019 1139 salutat.
1100 1070 1310 1155 Spero
1353 1072 1573 1153 ipsum
1616 1080 1880 1134 strenue
1922 1067 2258 1135 nobiscum

317 1158 388 1224 in
430 1180 625 1243 opere
669 1159 938 1224 Domini
993 1158 1317 1223 facturum
1362 1155 1663 1219 officium.
1751 1152 1886 1219 Sed
1930 1154 2259 1219 scribendi

315 1245 515 1310 finem
550 1244 735 1321 facio,
775 1264 856 1308 ne
892 1242 1059 1307 nihil
1094 1243 1180 1307 sit
1213 1238 1385 1323 quod
1420 1260 1726 1323 praesens
1760 1260 2257 1305 commemorem

316 1330 576 1396 scilicet.
662 1330 761 1394 Mi
805 1339 1007 1412 pater,
1053 1325 1205 1392 vide
1251 1336 1323 1391 ut
1364 1325 1608 1403 valeas,
1662 1333 1740 1390 ut
1782 1324 2074 1389 diabolus
2118 1325 2254 1390 rin-

311 1424 510 1565 fatur
553 1423 619 1481 et
660 1415 864 1498 ipsius
907 1413 1229 1479 emissarii
1271 1431 1500 1477 omnes
1543 1421 1828 1494 crepent.
1902 1410 2254 1475 Dominum

348 1521 531 1567 esum
569 1499 906 1566 Christum
952 1499 1143 1564 deum
1189 1508 1490 1563 nostrum
1532 1516 1762 1580 precor
1805 1504 1878 1560 ut
1934 1507 1998 1560 te
2040 1496 2253 1561 indies

310 1587 522 1670 magis
558 1594 626 1650 et
647 1587 857 1670 magis
884 1587 1227 1651 confirmet
1261 1592 1326 1648 et
1360 1582 1666 1648 ecclesiae
1701 1602 1856 1647 suae
1891 1592 2248 1647 conservet.

311 1670 449 1736 Vix
507 1673 717 1755 possis
761 1670 1024 1737 credere
1067 1680 1462 1752 quantopere
1506 1666 1586 1733 de
1630 1678 1697 1732 te
1748 1668 2004 1733 laboret
2047 1667 2251 1732 Blau-

310 1779 492 1824 rems
534 1759 640 1823 vir
681 1757 983 1840 optimus,
1029 1777 1067 1821 a
1110 1776 1236 1838 quo
1280 1755 1423 1820 heri
1467 1754 1699 1819 breves
1741 1754 1967 1819 literas
2011 1755 2246 1836 accepi,

310 1842 423 1909 sed
468 1843 663 1909 valde
718 1845 858 1927 pias
902 1851 971 1907 et
1026 1841 1382 1926 religiosae.
1472 1838 1786 1923 Optarem
1835 1847 1908 1904 ut
1951 1839 2057 1903 vel
2102 1861 2247 1904 ver-

308 1928 461 1994 bum
507 1951 714 1994 unum
757 1928 836 1994 ad
894 1950 1043 1993 eum
1101 1925 1444 2004 scriberes,
1504 1947 1585 1990 ex
1642 1947 1771 2009 quo
1829 1925 2244 2009 intelligeret,

306 2014 479 2097 quod
521 2016 644 2099 ipsi
687 2035 831 2081 cras
873 2013 1294 2097 respondebo,
1339 2020 1406 2076 te
1448 2032 1582 2077 non
1617 2010 1809 2076 modo
1852 2034 1982 2077 non
2028 2011 2245 2094 frangi

305 2100 543 2179 animo,
588 2100 704 2166 sed
735 2101 932 2166 etiam
968 2100 1114 2165 istis
1146 2098 1645 2181 tempestatibus
1680 2098 1889 2181 magis
1925 2118 2000 2162 ac
2036 2098 2247 2180 magis

304 2188 694 2252 confirmari.
753 2187 944 2271 Rogo
980 2194 1055 2251 ut
1088 2184 1169 2250 de
1204 2206 1279 2250 eo
1314 2184 1558 2269 cogites
1593 2205 1711 2268 per
1746 2184 1973 2248 otium.
2042 2183 2239 2248 Laus.

305 2275 404 2337 24.
451 2272 880 2357 Septembris.

1092 2408 1164 2473 Τ.
1212 2409 1328 2474 Be.
1374 2407 1550 2473 filius
1592 2405 1710 2471 tibi
1752 2410 1826 2470 in
1870 2404 2157 2472 Domino

1365 2491 1865 2558 addictissimus.

1065 2738 1472 2747 ..—--——

1171 2956 1374 3027 23⁰4.

729 3094 1319 3165 SOHENOKIUS
1368 3094 1802 3161 OALVINO.

470 3269 863 3335 Commendat
919 3270 976 3334 ei
1029 3270 1307 3334 iuvenem
1371 3268 1682 3333 Genevam
1735 3271 1973 3331 euntem
2015 3271 2070 3329 et
2125 3262 2240 3330 hac

289 3356 601 3424 occasione
653 3356 1020 3422 avidissime
1074 3360 1325 3436 arrepta
1375 3359 1629 3438 yratum
1694 3373 1880 3417 suum
1946 3351 2234 3416 animum

288 3443 571 3595 adar?
603 3442 786 3523 piam
808 3442 1173 3506 memoriam
1195 3440 1546 3506 scholarum
1578 3439 1726 3504 olim
1748 3438 2233 3521 Aryentoraten-

622 3699 733 3765 (Ex
765 3698 1101 3768 autographo
1138 3698 1265 3753 Cod.
1307 3697 1510 3752 Genev.
1548 3696 1664 3762 113,
1699 3696 1791 3751 fol.
1825 3695 1907 3759 3.)

290 3870 456 3937 Viro
496 3872 744 3954 optimo
787 3869 982 3935 simul
1025 3879 1092 3936 et
1135 3867 1508 3935 doctissimo
1554 3867 1636 3931 D.
1681 3867 1913 3932 Ioanni
1958 3864 2234 3931 Calvino

330 3958 745 4025 ecclesiastae
790 3956 1169 4021 Genevensi
1206 3955 1609 4039 praeceptori
1654 3974 1799 4018 meo
1834 3952 2188 4017 carissimo.

289 4129 615 4196 Matthias
639 4126 1050 4195 Schenckius
1071 4132 1124 4210 ¹)
1155 4126 1610 4210 ludimagister
1629 4125 2055 4208 Augustanus
2092 4123 2233 4189 viro

566 4214 981 4280 ornatissimo
1027 4215 1107 4279 D.
1155 4212 1389 4278 Ioanni
1432 4210 1711 4276 Calvino
1756 4209 1824 4276 S.
1872 4208 1954 4272 D.

468 4385 694 4467 Quum
739 4385 1104 4451 dubitarem
1147 4381 1594 4450 intercedatne
1650 4382 1768 4448 tibi
1824 4380 2045 4462 aliqua
2085 4400 2236 4445 cum

288 4473 605 4541 ecclesiae
663 4480 924 4537 nostrae
969 4474 1398 4555 Augustanae
1469 4467 1836 4534 doctoribus
1892 4465 2230 4531 familiari-

289 4567 414 4637 tas,
474 4557 963 4640 iudicaremque
998 4568 1260 4641 gratum
1323 4556 1462 4633 tibi,
1513 4565 1707 4637 atque
1748 4551 1926 4617 haud
1970 4553 2103 4618 scio
2148 4572 2234 4615 an

286 4644 455 4711 utile
532 4664 746 4727 uoque
779 4644 1091 4719 futurum,
1127 4643 1184 4708 si
1218 4661 1413 4725 quem
1445 4641 1517 4705 in
1552 4638 1716 4704 urbe
1750 4648 1884 4702 tam
1921 4637 2142 4721 ampla
2174 4646 2240 4703 et

289 4732 472 4797 clara
557 4730 802 4808 aberes,
848 4728 933 4794 ad
969 4749 1178 4811 quem,
1215 4727 1271 4792 si
1306 4749 1411 4792 res
1446 4737 1829 4808 tempusque
1898 4724 2238 4801 ostularet‚

290 4817 375 4884 de
443 4815 639 4881 rebus
705 4817 836 4880 tuis
893 4813 1176 4881 scribere
1241 4833 1488 4898 posses,
1553 4811 1742 4877 facile
1890 4809 2040 4875 duci
2112 4830 2238 4889 me,

291 5106 490 5161 2804.
512 5039 570 5171 1))
597 5035 896 5160 915αέλέ
898 5034 1158 5160 bewe&
1181 5103 1584 5159 Cannam·
1576 5105 1629 5168 ἐ,
1662 5107 1831 5155 natus
1863 5115 1915 5152 a.
1954 5097 2090 5153 1517
2126 5105 2236 5154 etu-

292 5176 410 5231 ὅδε
461 5190 681 5242 φησιν»
732 5173 885 5229 dedit
928 5174 1301 5243 Argenta-ati,
1355 5171 1654 5241 Maroni-qi
1701 5176 1754 5225 et
1808 5167 2233 5238 Wittemberqae,

375 5245 387 5258 ⁰
581 5247 757 5298 rector
804 5241 1018 5298 scholae
1065 5244 1128 5297 in
1182 5245 1315 5298 urbe
1439 5242 1577 5305 tria,
1627 5255 1680 5294 α.
1730 5236 1882 5292 1553.
1934 5237 2233 5307 Auyuutao.

297 5260 472 5438 mm
455 5312 944 5437 laplxnarelsoaiidi‘tl
955 5313 1209 5435 iwan
1241 5311 1367 5367 echo
1551 5348 1563 5361 .
1622 5308 1707 5374 Of.
1739 5306 2030 5363 &aethon-n
2062 5322 2233 5361 amoe-

294 5400 336 5436 n
408 5419 421 5435 .
524 5422 539 5438 .
626 5420 638 5433 .
815 5423 827 5446 ,
947 5421 958 5434 .
1102 5419 1115 5434 .

1979 456 2138 517 1555
2186 452 2639 522 SEP'PEM'B.

4173 458 4297 521 794

2367 641 2622 709 Calvino
2642 643 3028 720 doctissime,
3074 665 3114 710 a
3154 645 3394 709 iuvene
3426 645 3671 728 optimo
3693 642 3981 725 mihique
4022 644 4103 710 ob
4124 646 4300 715 vitae

2362 748 2751 813 morumque
2798 731 3238 814 integritatem
3296 731 3630 796 carissimo
3689 728 3974 814 Georgio
4021 729 4290 814 Poma,

2364 834 2593 895 passus
2650 837 2814 893 sum,
2874 824 2952 880 ut
3015 836 3162 880 cum
3230 816 3365 880 suis
3429 816 3509 880 ad
3569 828 3635 880 te
3690 815 3897 880 literis
3954 816 4296 897 epistolam

2363 901 2562 964 etiam
2597 899 2768 965 hanc
2801 922 3015 967 meam
3058 902 3538 985 coniungerem,
3575 910 3642 965 et
3684 902 3754 964 in
3797 921 3875 965 ea
3915 921 3989 965 re
4032 921 4298 985 operam

2364 982 2481 1047 tibi
2541 986 2883 1068 pollicerer
2940 1008 3014 1052 ac
3058 986 3377 1052 deferrem
3425 1007 3652 1051 meam.
3742 987 4005 1051 Etenim
4050 989 4120 1052 in
4163 1011 4299 1056 me-

2362 1071 2572 1135 moria
2614 1073 2814 1136 etiam
2858 1094 3031 1137 nunc
3063 1072 3270 1136 habeo
3313 1094 3438 1154 qua
3473 1071 3600 1137 fide
3651 1093 3904 1154 quaque
3961 1072 4302 1158 diligentia

2362 1155 2429 1218 in
2475 1175 2580 1220 me
2615 1156 2698 1220 ad
2740 1159 3047 1239 pietatem
3070 1157 3674 1240 humanitatemque
3712 1156 4125 1224 informando
4167 1183 4301 1228 una

2360 1259 2511 1305 cum
2565 1242 2939 1308 clarissimis
2992 1244 3151 1308 viris
3211 1243 3293 1307 D.
3344 1242 3651 1324 Capitone,
3694 1242 3957 1321 Buca-o,
4005 1243 4299 1330 Sturmio,

2361 1325 2640 1392 Hedione
2676 1339 2874 1410 atque
2916 1327 3187 1394 Bedroto
3230 1331 3634 1412 Argentinae
3693 1328 3931 1394 abhinc
3965 1351 4171 1397 annos
4222 1336 4298 1398 16

2358 1433 2516 1478 usus
2570 1414 2677 1489 sis,
2722 1434 2957 1496 meque
3009 1434 3127 1495 pro
3185 1414 3306 1479 hoc
3361 1422 3546 1478 tanto
3587 1414 4021 1480 institutionis
4055 1416 4298 1484 benefi-

2356 1498 2474 1574 cio,
2546 1520 2675 1563 non
2742 1499 2884 1563 dico
2951 1499 3204 1564 nullam
3268 1500 3585 1565 hactenus
3651 1499 3951 1565 retulisse
4006 1505 4288 1585 gratiam

2356 1584 2531 1666 (fieri
2581 1586 2756 1649 enim
2811 1585 2895 1662 id,
2954 1605 3074 1648 nec
3124 1585 3181 1650 si
3219 1586 3418 1650 vitam
3466 1606 3582 1668 pro
3625 1595 3691 1648 te
3726 1585 4111 1668 profundam
4159 1611 4291 1656 non

2355 1680 2623 1751 posset),
2679 1671 2791 1735 sed
2856 1691 2976 1736 nec
3030 1671 3201 1753 grati
3260 1672 3463 1735 animi
3511 1671 4054 1752 significationem
4089 1676 4289 1741 etiam

2354 1755 2557 1820 ullam
2647 1755 2919 1821 dedisse.
3009 1754 3200 1835 Quod
3258 1777 3457 1838 quum
3513 1757 3677 1820 mihi
3742 1757 4040 1839 inprimis
4097 1766 4290 1844 turpe
4354 1793 4359 1798 ·

2352 1862 2494 1906 esse
2530 1841 2853 1919 ducerem,
2896 1842 3065 1905 hanc
3107 1840 3428 1906 scribendi
3465 1841 3547 1906 ad
3584 1853 3667 1919 te,
3701 1842 4026 1925 simulque
4069 1845 4295 1912 eluen-

2351 1926 2471 1991 dae
2506 1929 2695 1992 istius
2740 1927 3053 2004 maculae,
3091 1928 3490 1992 occasionem
3526 1929 4048 2010 praetermittere
4092 1932 4289 2013 nolui,

2350 2025 2640 2095 optatam
2684 2013 2846 2078 mihi
2890 2012 3167 2096 quidem,
3212 2013 3324 2078 sed
3346 2013 3699 2095 gratiorem
3742 2014 3952 2079 multo
3985 2016 4290 2098 futuram,

2350 2098 2408 2161 si
2450 2097 2763 2182 postridie
2808 2121 2998 2182 quam
3045 2098 3206 2163 haec
3241 2099 3470 2180 scripsi
3524 2099 3755 2163 fuisset
3799 2099 4030 2165 oblata.
4119 2103 4291 2169 Nam

2350 2193 2498 2250 acta
2540 2187 2969 2263 comitiorum,
3007 2205 3170 2267 quae
3204 2185 3603 2267 publicatum
3646 2185 3728 2248 iri
3774 2207 3848 2248 eo
3885 2186 3989 2250 die
4032 2199 4291 2256 cousta-

2349 2270 2480 2347 bat,
2527 2271 2610 2336 ad
2655 2281 2717 2336 te
2760 2272 3117 2336 misissem:
3164 2290 3325 2353 quae
3370 2291 3492 2347 res,
3537 2270 3593 2334 si
3631 2270 3797 2334 nihil
3828 2271 4023 2349 aliud,
4067 2282 4288 2341 tamen

2345 2355 2573 2421 literas
2648 2368 2824 2422 certe
2903 2356 3024 2421 has
3069 2376 3249 2420 meas
3315 2354 3433 2419 tibi
3500 2355 3891 2420 reddidisset
3944 2360 4282 2440 gratiores.

2347 2441 2526 2522 Quas
2571 2453 2789 2507 tamen
2836 2465 2920 2507 ne
2963 2443 3054 2507 sic
3088 2441 3367 2523 quidem,
3407 2461 3569 2523 quae
3614 2452 3724 2505 tua
3769 2454 3867 2506 est
3889 2441 4280 2526 humanitas,

2345 2529 2464 2594 tibi
2507 2528 2803 2612 ingratas
2845 2528 2986 2593 fore
3028 2527 3301 2604 confido,
3338 2528 3575 2610 quippe
3614 2527 3739 2591 mei
3794 2547 3951 2610 erga
3994 2536 4058 2593 te
4103 2551 4282 2595 amo-

2341 2615 2435 2678 ris
2472 2622 2685 2690 testes,
2712 2625 2777 2678 et
2799 2634 3009 2678 meam
3048 2614 3165 2677 tibi
3202 2615 3271 2677 in
3296 2613 3474 2677 omni
3497 2614 3853 2678 officiorum
3879 2635 4115 2695 genere
4135 2637 4284 2698 ope-

2342 2720 2486 2764 ram
2536 2699 2916 2766 deferentes.
3007 2700 3189 2764 Bene
3234 2699 3395 2776 vale,
3434 2699 3524 2762 mi
3570 2698 3651 2763 D.
3698 2697 3955 2766 Calvino
3997 2703 4277 2767 ornatis-

2342 2787 2522 2862 sime,
2583 2796 2650 2851 et
2701 2784 3014 2869 Spartam
3062 2806 3258 2868 quam
3303 2794 3534 2850 nactus
3579 2805 3667 2862 es,
3713 2785 4052 2849 ecclesiam
4099 2787 4276 2853 vide-

2340 2870 2492 2936 licet
2545 2891 2848 2953 sponsam
2915 2869 3183 2949 Christi,
3248 2891 3584 2949 exornare,
3644 2880 3718 2934 ut
3774 2868 3953 2949 facis,
4020 2873 4275 2939 fortiter

2340 2978 2571 3041 perge,
2632 2956 2980 3023 auditurus
3037 2957 3193 3020 olim
3248 2958 3477 3037 quavis
3533 2957 3783 3021 musica
3828 2956 4276 3024 iucundiorem

2342 3063 2596 3108 vocem:
2670 3044 2859 3127 Euge
2917 3064 3103 3108 serve
3151 3042 3318 3107 bone
3372 3054 3487 3107 etc.
3568 3042 3677 3107 Me
3737 3041 3852 3106 tibi
3899 3042 4276 3111 commendo

2340 3129 2540 3194 etiam
2577 3140 2769 3212 atque
2813 3130 3028 3193 etiam.
3115 3128 3446 3212 Rogarem
3481 3130 3634 3193 item
3681 3137 3753 3192 ut
3813 3127 3894 3192 ad
3940 3150 4045 3194 me
4091 3131 4284 3196 vicis·

2339 3216 2464 3280 sim
2507 3213 2756 3297 aliquid
2791 3216 3125 3291 scriberes,
3171 3214 3286 3279 sed
3329 3215 3484 3279 novi
3528 3215 3981 3296 occupationes
4026 3224 4169 3281 tuas
4211 3226 4282 3283 et

2339 3321 2623 3384 agnosco
2664 3300 2853 3365 facile
2896 3322 3029 3365 non
3069 3321 3147 3365 ea
3189 3321 3294 3365 me
3338 3321 3480 3365 esse
3523 3299 3891 3365 conditione
3936 3309 4010 3364 ut
4042 3302 4111 3364 in
4158 3324 4278 3368 uu-

2340 3408 2591 3451 merum
2653 3395 2915 3452 tuorum
2978 3386 3104 3450 sim
3160 3385 3586 3467 recipiendus.
3692 3385 3855 3450 Vale
3921 3387 4156 3451 iterum
4218 3395 4279 3453 ἐν

2341 3474 2633 3558 Χριστῷ.
2721 3475 3061 3555 Augustae
3108 3476 3161 3535 7.
3210 3470 3347 3536 Oal.
3394 3470 3622 3536 Octob.
3673 3491 3844 3535 anuo
3894 3477 3990 3536 55.

3111 3778 3512 3792 —

3215 4017 3416 4086 2305.

2765 4171 3193 4238 ZANOHUS
3240 4170 3875 4237 BULLINGERO.

2516 4342 2744 4409 Contra
2798 4343 3265 4409 Iaoeherozatras
3323 4342 3571 4409 Calvini
3636 4341 3875 4407 librum
3938 4343 4014 4407 de
4068 4342 4281 4407 eucha-

2338 4431 2529 4496 ristia
2569 4431 3018 4513 impugnantes,

2341 4603 2701 4669 (Excerptum
2748 4617 2816 4654 ex
2872 4600 3207 4669 autographo
3258 4599 3419 4652 Arch.
3459 4599 3634 4653 Turic.
3686 4599 3829 4652 Plut.
3868 4599 3958 4653 VI.
4009 4600 4124 4652 Vol.
4163 4599 4283 4669 170,

2386 4671 2516 4725 olim
2554 4671 2723 4724 Scrin.
2764 4669 2821 4721 B.
2861 4670 2992 4738 Epp.
3032 4668 3182 4721 Tom.
3220 4667 3304 4731 44,
3342 4668 3427 4720 fol.
3470 4665 3586 4722 753.
3631 4696 3689 4706 —
3731 4668 3943 4723 Simler.
3982 4667 4096 4725 Vol.
4131 4667 4247 4735 85.)

2514 4843 2677 4906 Viro
2729 4842 2970 4925 optimo
3025 4851 3093 4906 et
3146 4841 3395 4924 pastori
3427 4839 3811 4926 dignissimo
3859 4841 3938 4905 D.
3987 4840 4277 4906 Henrico

2339 4928 2728 5013 Bulliugero
2772 4927 2978 4993 amico
3022 4937 3089 4991 et
3130 4927 3442 5009 compatri
3487 4925 4093 4992 observandissimo.

3859 5012 4104 5095 ‘rigui-i.

2339 5269 2524 5337 Scies
2568 5272 2784 5338 libello
2830 5273 2910 5336 D.
2955 5270 3203 5338 calvini
3244 5269 3323 5335 de
3366 5291 3437 5335 re
3472 5269 3902 5336 eucharistica
3953 5292 4029 5336 eo
4072 5292 4278 5354 usque

2338 5357 2629 5423 irritatos
2663 5358 2860 5423 fiiisse
2884 5355 3312 5434 adversarios,
3348 5367 3423 5420 ut
3447 5358 3813 5439 pertinaces
3855 5376 3986 5421 non
4030 5356 4276 5439 pudue-
