4850 6200
539 412 665 476 895

1417 596 1618 669 nm.

1065 766 1468 837 VIRE'PUS
1513 767 1950 836 CALVINO.

715 955 1091 1024 Zebedaeum
1133 961 1188 1021 et
1229 956 1539 1041 Anoelum
1579 955 1859 1023 Bemom
1902 962 2147 1024 vocatos
2190 957 2484 1036 nunciat,-

538 1043 692 1127 qm‘d
732 1042 840 1109 hoc
894 1041 1198 1126 siqnifioet
1248 1042 1537 1126 ambiqit,
1594 1044 1749 1127 quid
1808 1043 1952 1108 inde
2005 1043 2484 1127 exspectandum

536 1129 915 1212 suspicatur.
1007 1127 1166 1193 Item
1207 1126 1453 1194 Bolseci
1494 1129 1861 1194 iactantiam
1901 1135 2085 1195 notat.

857 1316 969 1381 (Ex
1007 1316 1342 1387 autographo
1376 1315 1503 1370 cod.
1540 1316 1742 1371 Gonov.
1782 1316 1899 1383 115,
1935 1318 2025 1372 fol.
2060 1317 2173 1383 46.)

712 1504 1286 1571 Praestantissimo
1344 1504 1597 1571 Christi
1666 1526 1857 1572 servo
1915 1505 2148 1572 Ioanni
2205 1505 2484 1573 Calvino

540 1591 953 1659 Genevensis
997 1590 1304 1658 ecclesiae
1347 1592 1596 1676 pastori
1647 1593 1709 1655 vi
1760 1591 2146 1658 'lautissimo
2190 1592 2382 1657 fratri
2420 1599 2488 1657 et

538 1684 941 1763 symmystae
987 1676 1339 1760 plurimum
1383 1678 1704 1742 observan
1750 1699 1805 1745 o.

1981 1780 2311 1847 Genevae.

711 1964 781 2032 S.
851 1965 1074 2031 Rediit
1124 1965 1336 2032 Berna
1392 1966 1707 2032 Claudius
1751 1966 2112 2034 molinaeus
2146 1972 2191 2047 ¹)
2249 1969 2360 2051 qui
2416 1989 2487 2035 se

537 2052 898 2119 occurrisse
943 2052 1235 2117 narravit
1270 2052 1580 2120 zebedaeo
1623 2065 1689 2119 et
1722 2054 1962 2138 Anyelo
2003 2054 2292 2119 Bernam
2335 2074 2486 2137 pro-

536 2137 977 2206 ficiscentibus
1029 2137 1200 2222 apud
1246 2137 1720 2204 Molendinum.
1750 2141 1803 2218 2)
1893 2139 2261 2205 Audiverat
2302 2141 2487 2224 prius

536 2224 800 2291 Bernae
858 2244 896 2287 a
955 2222 1245 2290 Mascula
1302 2234 1567 2291 vocatos
1622 2245 1765 2291 esse
1823 2245 1864 2289 a
1919 2235 2186 2304 senatu,
2254 2226 2488 2291 saltem

538 2308 955 2386 zebedaeum,
1035 2310 1115 2377 ob
1184 2309 1508 2393 quandam
1578 2312 1973 2377 concionem.
2083 2310 2276 2376 Illam
2344 2332 2487 2377 esse

536 2394 951 2478 suspicamur
1006 2395 1087 2459 de
1130 2417 1258 2479 qua
1299 2393 1382 2460 ad
1427 2416 1547 2461 nos
1592 2395 1943 2480 scripsistis
1965 2400 2052 2476 ³):
2112 2397 2227 2462 sed
2272 2396 2487 2479 qualis

536 2482 738 2549 fuerit
779 2499 971 2545 nemo
1017 2495 1311 2547 nostrum
1358 2481 1723 2566 intelligere
1759 2481 1974 2548 adhuc
2019 2484 2249 2565 potuit.
2317 2484 2484 2548 Nes·

535 2567 636 2634 cio
680 2587 768 2632 an
810 2566 892 2632 de
933 2566 1160 2632 eadem
1218 2568 1558 2651 conquesti
1601 2569 1744 2633 sitis
1775 2572 1832 2648 ⁴)
1875 2566 2049 2651 apud
2093 2569 2482 2635 Beruenses.

536 2651 727 2735 Quae
763 2660 985 2718 autem
1029 2673 1179 2738 spes
1222 2652 1410 2719 nobis
1452 2654 1539 2720 sit
1582 2653 2005 2737 concipienda
2047 2653 2128 2719 de
2171 2654 2294 2721 hac
2337 2653 2483 2720 illo-

534 2759 682 2805 rum
728 2736 1128 2822 profectione
1171 2760 1303 2804 non
1348 2739 1555 2805 video.
1642 2739 1986 2806 Vocantur
2028 2741 2166 2806 sine
2211 2748 2484 2825 antago-

534 2825 748 2891 nistis.
839 2823 1065 2905 Quum
1126 2825 1389 2910 egregie
1441 2835 1707 2891 teneant
1761 2824 2209 2891 calumniandi
2252 2836 2483 2905 artem,

533 2931 667 2978 non
712 2908 925 2975 solum
980 2909 1111 2976 illis
1154 2910 1283 2975 erit
1338 2911 1525 2977 facile
1582 2931 1725 2977 sese
1766 2913 1944 2976 omni
1999 2911 2287 2995 periculo
2332 2911 2484 2977 sub-

535 2994 795 3070 ducere,
840 2993 954 3060 sed
995 2996 1192 3061 etiam
1235 3015 1544 3081 magnam
1586 2995 1902 3062 invidiam
1947 2998 2084 3063 suis
2128 2997 2485 3065 mendaciis

527 3089 603 3149 et
667 3079 1017 3149 calumniis
1077 3081 1266 3149 bonis
1329 3081 1629 3149 omnibus
1694 3084 1998 3149 conflare.
2096 3082 2297 3151 Hunc
2362 3105 2484 3170 ego

535 3177 842 3252 exspecto
883 3165 1191 3234 fructum.

710 3252 1330 3321 Monachomedicus
1353 3254 1410 3339 ὁ)
1463 3252 1636 3339 apud
1693 3264 1984 3338 pastores
2041 3256 2486 3322 'I'ononienses

532 3337 756 3425 palam
818 3339 1086 3405 iactavit
1136 3360 1208 3406 se
1264 3341 1331 3406 in
1392 3360 1465 3406 os
1509 3339 1751 3407 dixisse
1795 3340 2084 3421 Hallem,
2148 3349 2215 3407 te
2257 3343 2400 3407 ess'e
2445 3363 2486 3407 a

535 3444 609 3490 se
652 3431 953 3491 vocatum
999 3425 1437 3504 haereticum,
1497 3448 1693 3510 seque
1797 3434 2052 3493 aratum
2111 3447 2254 3493 esse
2308 3425 2485 3512 quod

535 3508 780 3576 dixerit
820 3512 1011 3576 tueri.
1090 3509 1451 3597 Cognosces
1496 3535 1578 3579 ex
1621 3512 1704 3578 H
1863 3513 1877 3526 '
1919 3512 2126 3579 literis
2168 3513 2252 3578 ad
2294 3534 2400 3579 me
2431 3513 2484 3599 ⁶)

534 3595 689 3680 quid
736 3598 878 3680 ipse
922 3597 1044 3663 hac
1089 3597 1170 3662 de
1214 3619 1287 3663 re
1341 3607 1630 3664 testetur.
1722 3596 1937 3663 Valde
1977 3609 2196 3665 metuo
2239 3620 2327 3664 ne
2369 3621 2484 3682 pa-

531 3703 682 3750 rum
744 3682 1057 3765 propitios
1122 3683 1480 3750 habeamus
1537 3683 1799 3751 eosdem
1859 3684 2006 3750 illos
2063 3685 2175 3769 qui
2223 3684 2486 3751 Hauero

739 3768 754 3783 ⁹
1660 3771 1687 3811 7

531 3773 872 3921 ”1525ssae
903 3769 1231 3921 5333?ssss
1277 3770 1640 3921 '3253‘ss
1691 3769 2485 3940 ζοηῖἰῖἐῖζῗιοωξέἓὲ

531 3939 858 4006 rationem
892 3961 1085 4024 quam
1120 3940 1308 4009 nobis
1350 3941 1752 4042 sequendam
1787 3963 1930 4008 esse
1973 3965 2198 4009 censes
2243 3944 2314 4008 in
2359 3943 2485 4009 hac

532 4024 791 4110 agenda
824 4045 1021 4092 causa
1053 4026 1135 4093 de
1170 4049 1297 4111 qua
1331 4028 1703 4110 scnpsistis.
1770 4026 1921 4094 Scio
1954 4029 2202 4112 quoties
2240 4030 2486 4094 frustra

530 4111 824 4178 Bernam
850 4112 1116 4195 profecti
1152 4134 1398 4191 sumus,
1436 4125 1504 4180 et
1532 4114 1773 4197 quibus
1806 4114 2290 4180 conditionibus
2331 4114 2486 4180 inde

531 4197 822 4275 remissi,
894 4206 962 4262 et
1014 4197 1247 4282 quibus
1301 4199 1639 4266 cachinnis
1693 4200 1872 4265 irrisi
1930 4202 2011 4266 ab
2069 4197 2484 4280 adversariis,

574 4284 644 4349 ui
690 4305 807 4350 nos
851 4283 1081 4351 illusos
1124 4293 1191 4351 et
1231 4286 1456 4352 irrisos
1497 4286 1745 4353 iactant
1786 4306 1824 4351 a
1868 4293 2120 4365 senatu,
2165 4296 2241 4352 ut
2274 4287 2485 4372 magis

528 4389 569 4437 e
593 4380 794 4435 event
851 4370 1201 4437 ministerii
1265 4372 1470 4438 nostri
1535 4372 1966 4438 autoritatem.
2061 4372 2483 4456 Pergendum

530 4461 754 4521 tamen
801 4455 930 4522 erit
962 4456 1109 4523 Deo
1145 4456 1327 4524 duce.
1394 4458 1622 4524 Nostri
1665 4468 1730 4524 te
1772 4478 1998 4524 omnes
2035 4458 2484 4525 amantissime

531 4540 844 4620 salutant,
891 4542 1278 4609 nominatim
1323 4565 1490 4610 uxor
1531 4555 1598 4610 et
1642 4551 1781 4610 tota
1823 4543 2090 4611 familia.
2159 4545 2484 4610 Remittes

533 4849 1349 4986 msswum
1373 4948 1437 4960 -
1463 4919 1843 4977 Demeam
1875 4927 1926 4975 a
1947 4919 2157 4989 mezo
2190 4933 2241 4972 ο.
2264 4917 2487 4975 flauere

532 5001 621 5057 ep.
652 5001 906 5056 mommo
939 4994 1255 5070 sequentem.
1407 5057 1420 5070 ⁶

738 5054 802 5186 ἒξ
843 5054 1266 5181 wrm?
1297 5056 1696 5182 ‘'fffflg‘ss.
1730 5053 2292 5182 ΞαΨὼὲῖι-ὶοῗι

742 5193 806 5328 23
844 5261 924 5319 N.
954 5235 1112 5319 2078}
1277 5333 1288 5345 ‚
1918 5332 1928 5344 ,
2094 5332 2107 5345 .

747 5330 803 5398 7)
845 5332 1076 5402 Propter
1105 5337 1375 5403 motum
1415 5330 1778 5387 mnem-
1859 5329 1994 5386 Vnds
2025 5331 2238 5388 woden.

2040 405 2564 475 EPISTOLAE
2609 410 3027 474 2092-2094

4394 407 4517 468 396

2582 594 2849 747 galfr-³8¹⁹:
2862 595 3089 662 literas
3109 616 3228 680 per
3247 594 3532 679 primum
3552 594 3882 661 nuncium.
3909 592 4093 660 Vale.
4130 593 4521 660 Lausannae

3544 782 3728 847 'l'uus
3770 782 4013 849 Petrus
4059 781 4347 848 Viretus.

3333 1078 3741 1090 ————o

3453 1296 3651 1368 2⁰98.

3099 1432 3502 1502 VIRETUS
3546 1433 4009 1502 F'ARELLO.

2761 1607 2989 1673 Relata
3041 1606 3230 1689 refert
3284 1607 3361 1672 de
3405 1604 3709 1672 Zebedaeo
3752 1605 4034 1671 Bernam
4076 1611 4281 1672 vocato
4335 1608 4528 1690 dequo

2589 1693 2842 1761 Romo
2883 1697 3095 1759 eontra
3145 1690 3481 1759 Calvinum
3522 1692 3953 1771 deblaterante,
3999 1691 4278 1774 aliosque
4318 1713 4525 1760 rumo-

2586 1800 2689 1846 res
2729 1800 2922 1863 aeque
2959 1779 3173 1863 mayni
3215 1778 3501 1843 momenti
3543 1779 3793 1862 attinyit
3833 1782 3893 1840 ἐν
3935 1776 4207 1865 παρόδῳ.

2589 1952 2699 2017 (Ex
2749 1950 3085 2020 autographo
3142 1949 3496 2004 bibliothecae
3553 1954 3828 2019 pastorum
3883 1948 4329 2004 Neocomensium
4386 1951 4527 2020 Bpp.

3212 2018 3392 2073 Virsti
3427 2019 3555 2072 fasc.
3590 2018 3687 2072 lx.
3730 2019 3798 2075 N.
3832 2016 3911 2083 2.)

2758 2173 3015 2260 Insigni
3072 2171 3322 2239 Christi
3379 2195 3566 2240 servo
3624 2173 3979 2240 Guilielmo
4033 2173 4296 2241 Farello
4354 2174 4527 2240 Neo-

2588 2260 2907 2327 comensis
2969 2259 3278 2325 ecclesiae
3341 2260 3583 2343 pastori
3647 2259 4153 2343 vigilantissimo
4220 2260 4404 2325 fratri
4462 2267 4529 2326 et

2587 2347 2759 2432 patri
2803 2366 2922 2413 suo
2968 2344 3321 2428 plurimum
3367 2344 3652 2413 colendo.
4030 2431 4355 2497 Neooemi-

2760 2565 2830 2633 S.
2898 2566 3132 2634 Nescio
3176 2586 3260 2631 an
3305 2566 3634 2633 audiveris
3679 2573 3945 2633 vocatos
3999 2567 4198 2633 fuisse
4241 2568 4528 2633 Bernam

2589 2653 2970 2720 zebedaeum
3011 2662 3077 2718 et
3115 2652 3445 2736 Anyelum.
3470 2657 3520 2730 ¹)
3611 2651 3895 2719 Causam
3940 2673 4070 2717 non
4115 2653 4273 2720 satis
4318 2667 4529 2719 teneo.

2589 2738 2924 2824 Scriptum
2958 2746 3060 2805 est
3092 2738 3175 2803 ad
3209 2759 3316 2803 me
3339 2737 3539 2816 Orba,
3576 2739 3776 2822 vulgo
3808 2738 4054 2804 iactare
4077 2739 4532 2813 maedan-²)

2587 2847 2738 2893 cum
2803 2825 2931 2890 alio
2994 2823 3272 2908 quodam
3336 2825 3626 2890 Bernam
3689 2825 4011 2909 proficisci
4076 2846 4153 2892 ac
4216 2845 4292 2891 eo
4359 2825 4531 2891 ferre

2593 2911 2862 2989 Calvini,
2909 2924 3089 2976 tuam
3127 2919 3194 2975 et
3228 2910 3850 2995 meam-imaginem,
3888 2910 4198 2976 nimirum
4265 2911 4378 2977 uia
4411 2931 4533 2977 nos

2589 2998 2700 3082 pin
2751 2995 2950 3062 endos
2983 2997 3358 3063 curavimus
3389 3006 3467 3061 ut
3501 2994 3938 3076 adoraremur,
4026 3018 4218 3063 uema
4265 2995 4534 3063 modum

2590 3084 2702 3167 qui
2789 3105 2854 3148 m
2897 3105 3016 3150 nos
3060 3082 3558 3150 calumniantur.
3627 3079 3908 3166 Scripsit
3949 3018 4030 3147 ad
4067 3104 4172 3150 me
4207 3082 4531 3164 Ballene,

2590 3169 3048 3253 Hieronymum
3103 3170 3350 3235 fassum
3394 3189 3537 3235 esse
3581 3168 3754 3251 apud
3795 3189 3895 3249 se,
3958 3169 4295 3237 Calvinum
4336 3190 4532 3237 voca-

2590 3271 2730 3321 tum
2772 3255 2973 3320 fuisse
3017 3275 3057 3318 a
3101 3277 3173 3321 se
3214 3254 3647 3321 haereticum:
3708 3255 3841 3320 imo
3884 3255 4103 3334 etiam,
4147 3256 4276 3322 nisi
4318 3255 4533 3334 fallor,

2587 3339 2932 3417 addidisse,
2988 3361 3059 3406 se
3100 3340 3166 3404 id
3210 3350 3513 3423 paratum
3558 3341 3729 3406 tueri
3771 3341 3943 3425 quod
3987 3341 4244 3407 dixerit.
4332 3341 4535 3408 Certe

2587 3426 3011 3509 Hieronymus
3061 3425 3204 3510 ipse
3259 3425 3433 3509 apud
3477 3427 3810 3492 ministros
3853 3427 4294 3494 Tononienses
4349 3427 4419 3493 id
4460 3448 4534 3494 se

2587 3513 2833 3578 dixisse
2888 3511 3150 3578 Hallero
3205 3512 3519 3596 gloriatus
3574 3520 3703 3590 est,
3770 3521 3837 3577 et
3894 3512 4228 3579 Hallerum
4285 3533 4534 3579 renun-

2585 3600 2789 3665 ciasse
2832 3599 3107 3676 senatui,
3153 3616 3229 3662 ac
3271 3618 3532 3664 omnem
3565 3598 3848 3664 movisse
3890 3598 4173 3683 lapidem
4217 3596 4534 3666 adversus

2587 3705 2658 3750 se
2717 3683 3069 3750 Hella-mn.
3156 3683 3463 3749 Halteras
3519 3693 3739 3749 autem
3794 3684 4022 3750 scribit
4078 3685 4536 3768 Hieromus·

2586 3793 2669 3837 ne
2717 3791 2862 3836 asse
2919 3770 2989 3834 in
3047 3777 3296 3849 senatu,
3322 3771 3377 3853 ⁸)
3431 3777 3731 3836 vocatum
3790 3792 4077 3854 unquam
4135 3772 4337 3838 fuisse
4379 3790 4421 3835 a
4461 3791 4535 3837 se

2756 3857 2768 3870 '
2811 3876 2922 3921 um
2962 3855 3381 3922 haereticum.
3445 3855 3649 3922 Vides
3691 3864 3770 3920 ut
3807 3856 3932 3923 sibi
3975 3867 4230 3924 constet
4271 3856 4530 3923 nebulo.

2587 3943 3067 4026 Exspectamus
3147 3941 3305 4025 quid
3383 3942 3587 4008 simus
3660 3940 3951 4008 audituri
4026 3954 4173 4025 post
4247 3941 4535 4008 reditum

2589 4028 2889 4095 Zebedaei
2930 4035 2998 4092 et
3038 4027 3283 4112 Anyeli.
3373 4027 3599 4094 Facile
3653 4028 3782 4093 erit
3832 4027 3964 4093 illis
4021 4048 4286 4096 causam
4336 4048 4535 4114 agere

2587 4115 2729 4180 sine
2793 4113 3200 4179 adversariis.
3283 4114 3609 4181 Dominus
3673 4113 3905 4195 perdet
3969 4135 4197 4180 omnes
4259 4115 4371 4199 qui
4434 4113 4532 4180 lo-

2587 4209 2878 4284 quuntur
2900 4199 3310 4265 mendacium
3355 4209 3421 4264 et
3484 4201 3552 4264 ui
3594 4201 3662 4264 in
3700 4220 3776 4265 eo
3811 4199 4235 4266 delectantur.
4306 4199 4533 4267 Misis-

2587 4307 2728 4352 sem
2770 4284 2854 4349 ad
2910 4294 2974 4350 te
3017 4296 3382 4369 postremas
3496 4286 3683 4352 alleri
3741 4284 3964 4351 literas
4021 4286 4105 4351 ad
4149 4307 4272 4366 me,
4314 4286 4384 4366 ,si
4445 4284 4531 4352 ad

2586 4391 2853 4436 manum
2896 4369 3286 4449 habuissem,
3333 4369 3447 4437 sed
3489 4379 3645 4437 sunt
3684 4370 3855 4453 apud
3908 4370 4255 4439 calvinum

2756 4455 2992 4522 Nescio
3056 4476 3141 4521 an
3208 4455 3540 4523 audiveris
3618 4457 3937 4540 quomodo
4001 4459 4211 4525 nostri
4276 4455 4535 4524 Orbani

2583 4542 2902 4627 Friburgi
2943 4542 3196 4628 excepti
3241 4543 3503 4609 fuerint.
3534 4542 3589 4629 ⁴)
3675 4542 3829 4608 Non
3886 4553 4073 4611 teneo
4131 4552 4337 4610 totam
4392 4543 4533 4611 his-

2584 4712 2850 4834 20083)
2880 4712 2975 4837 Z.
3015 4713 3239 4770 Rudent
3272 4714 3368 4769 Vl.
3406 4712 3523 4767 122.
3604 4713 3850 4769 Treeheel
3885 4714 3933 4767 1.
3973 4713 4093 4771 197.

2784 4783 2848 4916 33
2888 4822 3059 4905 Iden
3091 4866 3307 4934 nupera
3352 4850 3570 4932 quidest
3615 4849 3837 4906 Hauon·
3959 4852 3972 4865 ⁶
4156 4868 4271 4908 non
4313 4852 4537 4924 lenitur,

2581 4925 2635 4974 et
2666 4918 2927 4975 Bolsoeun
2957 4919 3058 4975 hoc
3087 4935 3211 5002 spec
3245 4919 3456 4974 dmum
3489 4918 3579 4974 dte
3610 4935 3663 4973 a.
3697 4918 3752 5002 ᾀ.
3782 4918 3886 5002 {X
3926 4920 4225 4976 GaLFebr.
4260 4928 4541 5004 aptum

2582 4988 2811 5112 offam
2838 4988 2968 5071 fate.
3055 4987 3120 5043 8·
3164 5004 3293 5070 crgo
3337 4988 3427 5043 luc
3466 5003 3587 5110 391⁸
3632 4988 3843 5070 eloqu„
3898 4989 4028 5045 latet
4070 5006 4242 5056 mor,
4288 5006 4403 5045 σοι
4457 5007 4537 5045 n.

2783 5124 2847 5193 4)
2893 5058 3645 5208 msewpffaioent
3698 5073 3781 5180 :⁸6
3820 5126 4234 5210 causan-inter
4286 5126 4540 5211 συζώ-

2848 5193 3086 5249 Honora
3117 5195 3480 5263 melma·
3524 5202 3576 5248 et
3621 5193 3949 5278 βοῇ-σφωε
3996 5196 4167 5251 leet
4205 5196 4545 5278 oqthdtcsns

2581 5279 2774 5387 cor&
2806 5263 3265 5332 sauromatae
3307 5270 3485 5319 adan
3530 5263 3598 5318 de
3639 5279 3881 5332 murus,
3927 5265 3997 5320 de
4038 5281 4151 5336 qua
4197 5262 4546 5332 Rmsfiem·
