4850 6200
474 420 614 486 24⁸
1973 418 2499 489 EPISTOLAE
2543 417 2970 483 2017-2018
4369 414 4497 477 244

553 609 697 675 Quis
732 608 877 663 ferat
908 609 1044 664 haec
1079 609 1269 662 vates?
1340 608 1470 672 Quis
1505 624 1612 661 non
1649 609 1987 663 incommoda
2020 616 2206 664 cernat

555 678 626 733 In
662 685 852 734 coetus
884 694 1074 732 casura
1105 679 1225 747 pios
1260 675 1570 746 Christique
1605 678 1897 747 clienteis‘ff

556 747 684 801 Heu
720 746 925 801 cladem
962 747 1145 800 miseri
1179 746 1398 800 tandem
1436 749 1741 814 cognoscite
1778 756 1956 801 vates:

561 816 853 870 Poeniteat
887 817 1028 880 facti,
1065 830 1166 868 nec
1200 816 1375 868 inanis
1409 815 1584 883 gloria
1619 825 1856 869 vestrum

557 885 758 939 Pectus
793 889 920 953 agat
951 885 1172 953 pulsans
1205 883 1522 954 tumidoque
1556 886 1811 954 superbia
1843 885 2000 938 fastu.

700 1020 838 1086 Quid
876 1027 1091 1073 vestros
1128 1020 1328 1072 iactare
1365 1022 1515 1073 sinus
1550 1021 1829 1091 laetosque
1867 1039 2125 1089 recessus,

607 1108 674 1143 uo
711 1090 845 1143 libet
883 1090 1125 1142 Ausonia
1160 1090 1356 1141 fratres
1392 1092 1625 1143 traxisse
1661 1093 1866 1157 relicta,

611 1169 636 1210 t
672 1169 855 1211 vestro
892 1158 946 1210 in
987 1166 1144 1211 coetu
1180 1158 1343 1210 facies
1379 1158 1564 1211 divina
1598 1160 1772 1212 videri

553 1226 738 1280 Possit
773 1227 840 1278 ab
876 1227 977 1292 his,
1015 1234 1132 1279 toto
1169 1244 1328 1295 quam
1367 1244 1628 1295 quaerere
1664 1236 1884 1297 pectore
1918 1229 2166 1281 debent?

551 1296 665 1348 Ista
701 1296 800 1347 Dei
837 1296 1018 1362 facies,
1055 1304 1326 1348 errantem
1365 1313 1591 1348 exurere
1626 1298 1870 1363 flammis,

549 1365 652 1428 Qui
691 1364 968 1418 Christum
1005 1372 1298 1432 natumque
1333 1364 1451 1429 Dei,
1491 1366 1686 1419 Christ-i
1730 1385 1796 1419 uc
1832 1371 2114 1435 parentem

549 1433 686 1486 Esse
723 1433 894 1486 Deum
933 1433 1126 1485 mediis
1163 1434 1244 1485 vel
1283 1434 1469 1485 credat
1506 1434 1560 1487 iu
1596 1384 1823 1503 ignibus,
1861 1444 1916 1487 et
1950 1452 2007 1488 se

550 1502 768 1555 Christo
806 1502 1147 1570 animamque
1184 1519 1333 1554 suam
1368 1504 1583 1555 sublato
1620 1504 1688 1556 ad
1724 1505 1904 1557 sidera
1939 1505 2091 1557 vultu

549 1570 905 1624 Commendet
939 1570 1110 1622 fidens
1148 1576 1459 1638 veniamque
1497 1574 1802 1625 errantibus
1838 1576 1997 1626 oret?

549 1639 793 1692 Ausonio
831 1639 1119 1707 prohibete
1158 1640 1307 1691 nefas
1344 1640 1688 1709 crudeliaque
1725 1660 1853 1694 ausa

552 1707 717 1774 Orbe,
753 1706 827 1775 pii
865 1709 1079 1770 fratres,
1118 1708 1353 1775 dirisque
1390 1711 1640 1762 absi-tite
1674 1713 1905 1779 coeptis:

551 1776 841 1829 Errantem
881 1792 988 1829 non
1026 1778 1162 1844 igne,
1200 1778 1305 1845 piis
1341 1778 1434 1829 sed
1473 1779 1672 1831 vincite
1709 1782 1866 1832 curis.

550 1844 807 1898 Praestat
844 1847 894 1897 in
937 1846 1179 1897 Ausonia
1214 1846 1402 1897 timide
1438 1850 1734 1901 consistere
1771 1856 1934 1912 terra,

552 1914 722 1977 Quam
761 1914 940 1966 tacitis
978 1924 1224 1982 spectare
1260 1916 1427 1967 oculis
1464 1917 1717 1969 immania
1752 1918 1909 1979 facta,

548 1983 699 2046 Quae
737 1983 839 2035 nisi
877 1983 1017 2035 forte
1054 1983 1262 2050 probet,
1298 1984 1527 2052 digitum
1566 1986 1664 2038 nisi
1703 1988 1860 2039 tollat
1898 1987 1952 2038 in
1990 2001 2152 2038 auras

549 2051 797 2115 Advena,
838 2067 962 2103 mox
1000 2053 1200 2103 socium
1239 2053 1454 2105 sceleris
1491 2070 1594 2105 vox
1633 2071 1738 2106 una
1775 2056 2002 2123 putabit,

547 2119 904 2187 Includetque
940 2122 1075 2172 atris
1111 2121 1393 2188 abreptum
1431 2123 1678 2191 protinus
1715 2125 1918 2176 umbris

546 2187 764 2252 Carcer,
803 2197 864 2240 ut
899 2188 1026 2241 hinc
1060 2206 1332 2258 nunquam
1372 2192 1474 2244 nisi
1513 2193 1598 2243 vel
1634 2200 1842 2244 mutata
1879 2198 2162 2246 recantent

544 2256 657 2310 Ora
691 2257 906 2321 malum,
944 2259 1028 2309 vel
1066 2259 1210 2310 dicta
1245 2265 1419 2321 tuens,
1459 2270 1710 2313 censente
1745 2269 1935 2314 senatu

547 2324 747 2377 Missus
783 2326 838 2378 in
877 2327 1123 2379 exsilium
1161 2343 1415 2381 concessa
1449 2331 1619 2381 tristis
1654 2331 1723 2381 ab
1760 2347 1855 2383 ora

546 2394 741 2462 Exeat,
779 2401 839 2446 ut
874 2396 1049 2447 sancti
1086 2402 1270 2448 coetus
1306 2398 1558 2451 turbator
1594 2410 1649 2451 et
1684 2400 1826 2451 altae

546 2463 718 2527 Pacis,
757 2470 817 2515 ut
852 2480 881 2515 e
918 2464 1104 2516 multis
1143 2482 1278 2517 unus
1316 2483 1451 2533 quos
1489 2467 1633 2519 unda
1671 2469 1850 2521 refusa

546 2530 821 2596 Nominat,
860 2533 1088 2585 invisum
1125 2552 1294 2601 genus
1330 2550 1393 2587 ac
1429 2542 1547 2589 toto
1583 2537 1716 2589 orbe
1751 2537 2025 2591 reiectum.

544 2599 835 2654 Saeviiiem
875 2602 1257 2670 indignamque
1294 2604 1400 2671 piis
1435 2612 1697 2685 coetuque
1733 2607 1894 2669 fideli,

544 2668 789 2722 Christus
827 2671 916 2723 ubi
954 2680 1116 2740 caput
1154 2689 1271 2724 esse
1307 2673 1440 2725 velit
1477 2675 1843 2743 Dominusque
1877 2675 2072 2740 videri,

545 2738 663 2801 Quo
699 2739 830 2791 nihil
868 2746 951 2791 est
989 2750 1104 2793 toto
1142 2742 1456 2793 clementius
1492 2745 1625 2798 orbe
1662 2744 1903 2812 nihilque

542 2806 745 2872 Mitius,
782 2816 1026 2861 extremo
1062 2826 1164 2877 pro
1199 2810 1319 2862 aliis
1357 2812 1447 2878 qui
1484 2814 1801 2865 occumbere
1837 2813 1948 2865 fato

541 2876 812 2943 Maluerit,
847 2894 1146 2945 saevosque
1182 2881 1359 2931 animo
1396 2881 1598 2932 sentire
1635 2882 1848 2933 labores

543 2944 714 3010 Unus,
753 2952 810 2997 et
843 2946 1076 2998 innocuo
1112 2956 1322 2998 nostras
1359 2948 1413 2999 in
1449 2964 1675 3017 corpore
1710 2966 1913 3017 poenas

541 3013 793 3065 Perferre
830 3014 1147 3081 immeritus,
1184 3015 1498 3083 tristeisque
1534 3019 1588 3069 in
1625 3028 1843 3086 pectore
1879 3034 2050 3083 curas,

543 3082 713 3147 Quam
753 3083 836 3134 vel
873 3084 1121 3151 cuiquam
1158 3084 1228 3135 ali
1274 3084 1364 3136 uid
1400 3087 1702 3154 meritoque
1738 3088 1938 3140 inferre
1973 3087 2191 3156 pericli,

541 3153 656 3204 Aut
689 3150 884 3203 famam
923 3169 1122 3204 vexare
1158 3170 1244 3204 ma
1268 3153 1314 3205 is
1349 3161 1443 3206 aut
1478 3171 1708 3223 corpora
1742 3157 1941 3209 vindex

542 3219 890 3282 Criminibus,
929 3222 1166 3288 totisque
1202 3222 1434 3275 invisum
1469 3225 1698 3276 reddere
1732 3227 1912 3290 terris,

543 3288 620 3340 Et
654 3305 974 3357 quocunque
1009 3290 1200 3358 pedem
1236 3290 1378 3343 serat
1412 3297 1470 3344 et
1504 3309 1822 3362 quacunque
1857 3298 2102 3347 moretur

543 3355 701 3423 Sede,
737 3359 901 3409 animi
939 3366 1267 3411 metuentem
1304 3375 1580 3429 opponere
1616 3362 1762 3415 mille
1798 3363 2030 3431 periclis.

545 3424 657 3478 Has
694 3441 850 3478 curas
887 3434 1179 3496 coetusque
1218 3430 1334 3497 pios
1371 3433 1690 3499 coetumque
1725 3433 2017 3499 magistros

546 3493 837 3548 Aethereis
873 3503 1086 3563 gestare
1123 3498 1333 3562 animis,
1369 3497 1508 3552 hanc
1545 3509 1763 3568 pectore
1800 3509 2035 3554 mentem

545 3561 680 3615 Tum
718 3564 899 3616 decuit
935 3564 1164 3633 trepidis
1200 3575 1354 3620 tanto
1391 3569 1446 3620 in
1483 3568 1792 3621 discrimine
1827 3571 2004 3623 terris.

545 3631 665 3685 Hoc
701 3634 853 3686 vultu
891 3641 1109 3714 poterat
1143 3635 1308 3688 facies
1342 3636 1528 3691 divina
1562 3638 1735 3689 videri

545 3702 611 3754 In
647 3702 821 3767 nobis,
857 3702 941 3754 his
979 3719 1108 3756 vcra
1143 3705 1305 3768 notis,
1343 3705 1445 3759 hoc
1481 3706 1631 3775 picta
1664 3707 1857 3760 colore.

679 3837 894 3918 Ecquid
932 3840 1075 3892 enim
1113 3856 1209 3893 vos
1245 3858 1406 3910 saepe
1441 3843 1630 3897 iuvant
1665 3843 1977 3914 Christique
2013 3846 2228 3918 Deique

546 3905 784 3959 Auditae
822 3924 979 3961 voces
1016 3917 1072 3961 et
1104 3910 1287 3962 inania
1320 3929 1598 3965 murmura
1632 3919 1741 3966 tem
1784 3914 1889 3967 lis?

547 3975 686 4039 Quid
725 3977 880 4029 vobis
915 3985 1026 4030 tam
1062 3994 1229 4032 coena
1264 3979 1558 4050 frequens?
1629 3983 1730 4047 Qui
1844 3984 2011 4036 rofuit
2043 3985 2192 4038 unda

549 4044 692 4124 Fusa
726 4045 889 4098 semel
926 4047 1090 4127 capiti
1126 4049 1465 4118 deductaque
1499 4052 1717 4104 nomina
1751 4051 1794 4104 C
1835 4052 1986 4121 risto,

551 4111 925 4168 Christicolum
960 4131 1009 4168 si
1044 4117 1221 4170 nullus
1256 4135 1423 4182 amor,
1460 4121 1508 4172 si
1543 4121 1691 4174 nulla
1763 4122 1938 4175 iorum

551 4180 740 4235 Gratia
773 4183 997 4253 flagitio,
1032 4187 1210 4255 pietas
1244 4188 1289 4239 si
1327 4188 1474 4240 nulla
1511 4191 1806 4259 repressit?

551 4250 672 4304 Non
711 4268 885 4316 voces,
926 4270 1032 4306 nou
1070 4256 1235 4323 signa,
1273 4256 1401 4309 licet
1435 4259 1751 4322 castissima,
1788 4264 2006 4313 sanctos

547 4320 851 4374 Instituunt
883 4320 1102 4376 Christo
1136 4332 1322 4377 coetus
1357 4327 1723 4396 populumque
1755 4328 2074 4396 placentem,

548 4389 662 4469 Sed
693 4390 869 4442 virtus
906 4392 1188 4460 complexa
1221 4395 1456 4447 animum
1495 4411 1782 4465 moresque
1817 4396 2088 4467 relingens

551 4457 766 4510 Viribus
801 4458 1106 4513 indubitata
1137 4462 1249 4515 suis
1282 4461 1620 4533 haerensque
1655 4465 1919 4532 medullis,

549 4527 695 4592 Quae
733 4527 881 4580 vitiis
915 4528 1141 4581 adversa
1176 4531 1296 4599 pios
1331 4539 1581 4603 erumpat
1616 4535 1670 4586 in
1707 4541 1875 4602 actus,

549 4596 667 4661 Qua
702 4596 883 4665 vigeat
918 4599 1051 4650 recti
1086 4598 1342 4668 studium,
1378 4618 1487 4669 qua
1519 4603 1699 4668 gratia
1730 4602 1976 4670 fratrum,

549 4666 667 4730 Qua
699 4666 873 4734 patris
910 4666 1150 4719 aetherei
1185 4667 1497 4739 Christique
1533 4672 1780 4741 exempla
1812 4687 1872 4724 se
1913 4687 2124 4737 uamur,

549 4735 663 4798 Quo
697 4749 852 4787 casus
888 4735 1159 4802 miserum,
1201 4753 1308 4804 quo
1341 4755 1442 4792 nos
1477 4741 1695 4794 fortuna
1728 4747 1962 4794 vocarit:

549 4803 723 4855 Huius
759 4804 903 4857 enim
941 4821 1136 4874 corpus
1173 4823 1373 4870 sumus,
1408 4809 1556 4862 illius
1591 4810 1765 4862 altera
1798 4810 1998 4879 proles.

545 4871 930 4952 Non-pulchra
961 4874 1138 4941 pietas
1172 4877 1352 4944 specie
1387 4893 1486 4931 nec
1521 4878 1753 4947 imagine
1788 4883 2020 4944 constat,

548 4939 748 4993 Officiis
783 4941 880 4995 sed
915 4943 1044 4996 nixa
1078 4942 1190 4997 suis
1224 4945 1458 5014 assurgit
1492 4946 1558 4999 Ol
1601 4963 1743 5016 mpo,

553 5007 708 5060 Unde
743 5009 840 5061 Dei
879 5027 1037 5065 veros
1075 5011 1254 5066 vultus
1288 5021 1454 5084 atque
1488 5015 1543 5067 in
1586 5015 1667 5068 uit
1699 5030 1798 5069 ora

545 5078 805 5157 Ausoniis
843 5081 1154 5148 quaerenda
1180 5082 1294 5163 piis
1328 5084 1675 5153 optandaque
1708 5085 1912 5166 passim

544 5145 922 5201 Christicolum
960 5151 1015 5204 in
1051 5150 1244 5217 medio,
1281 5154 1394 5207 vati
1429 5153 1536 5206 iam
1573 5152 1796 5218 credite,
1831 5159 2008 5207 coetu.

685 5281 933 5364 {Jamque
969 5284 1070 5339 Dei
1102 5290 1350 5356 geminae
1384 5289 1564 5354 fades,
1602 5306 1830 5358 quarum
1865 5291 2040 5347 altera
2071 5291 2274 5363 prinis

540 5353 776 5423 Cognit-
809 5354 1159 5424 temporibus,
1194 5359 1470 5427 sacrisque
1504 5367 1720 5419 assueta
1753 5359 1926 5417 videri

2617 605 2874 660 coetibus
2906 612 3073 675 atque
3108 606 3253 659 inter
3287 605 3490 658 veteris
3525 602 3834 673 spectacula
3867 602 4074 672 templi,

2615 676 2758 729 Dum
2792 675 3040 742 Solymae
3077 676 3310 741 stabant,
3344 673 3471 727 dum
3506 672 3687 740 magni
3721 670 3957 725 foederis
3990 687 4117 724 arca

2615 744 2927 812 Perfugium
2964 744 3170 814 populi,
3206 743 3332 796 dum
3369 742 3540 795 caesis
3576 759 3673 793 ara
3708 740 3946 795 iuvencis

2613 813 2868 883 Insperso
2903 814 3093 866 linitur
3126 820 3282 865 coetu
3319 812 3611 881 plaudente
3647 825 3854 874 cruore,

2614 883 2756 936 Dum
2790 888 3037 935 veterum
3073 882 3267 934 mediis
3301 881 3411 933 late
3447 880 3613 933 micat
3644 878 3815 931 infula
3848 877 4018 931 sacris

2615 951 2938 1005 Pontificum
2973 951 3199 1020 gemmis
3233 966 3472 1018 auroque
3509 965 3573 1001 ac
3609 957 3759 1001 veste
3794 948 4079 999 nitentum.

2614 1021 2811 1073 Altera
2844 1021 3125 1088 spiritibus
3160 1026 3371 1071 tantum
3409 1018 3667 1085 coeloque
3704 1017 3910 1069 renatis

2614 1089 2761 1141 Nota
2798 1089 2948 1152 viris,
2986 1106 3093 1141 non
3131 1089 3225 1140 illa
3261 1088 3427 1140 oculis
3466 1086 3714 1139 adeunda
3748 1084 3979 1151 caducis,

2615 1158 2737 1212 Non
2774 1159 2992 1227 templis
3028 1158 3137 1210 alte
3174 1157 3481 1221 exstructis,
3518 1171 3623 1209 000
3663 1154 3852 1207 ordine
3886 1166 4135 1222 pompae,

2616 1227 2731 1280 Nec
2765 1227 3117 1280 circumfusae
3153 1226 3329 1279 media
3364 1227 3510 1277 inter
3546 1241 3819 1277 murmura
3854 1222 4060 1275 turbae.

2752 1364 2915 1431 Ergo,
2953 1379 3047 1415 seu
3084 1364 3258 1432 pietas
3295 1364 3449 1415 vobis
3485 1380 3579 1415 seu
3617 1360 3863 1414 Christus
3898 1358 4077 1427 imago
4112 1362 4201 1410 est

2615 1433 2778 1485 Certa
2814 1433 2931 1497 Dei,
2968 1433 3240 1500 faciesque
3276 1432 3391 1485 Deo
3426 1431 3732 1501 gratissima
3769 1429 3911 1481 natis

2613 1502 2846 1570 Flagitio
2884 1502 3206 1555 abstinuisse
3242 1518 3431 1553 manus
3468 1501 3811 1567 animumque
3846 1497 4089 1559 decebat,

2614 1569 2693 1622 Te
2727 1571 2916 1639 magis,
2953 1571 3192 1623 accensis
3230 1587 3388 1638 quam
3425 1571 3647 1621 fratrem
3682 1568 3976 1619 immittere
4010 1562 4259 1617 flammis.

2613 1643 2691 1693 At
2726 1640 2937 1708 vigileis
2973 1656 3069 1691 vos
3105 1640 3242 1691 forte
3276 1640 3438 1691 duces
3475 1654 3691 1691 movere
3726 1637 3940 1704 piorum

2613 1708 2836 1773 Damna,
2874 1716 2932 1761 et
2968 1708 3345 1763 Christicolum
3382 1724 3545 1774 saepe
3579 1704 3971 1758 immedicabile
4009 1701 4216 1754 vulnus.

2613 1778 2835 1830 Illatum
2871 1784 3087 1845 poterat
3123 1776 3377 1829 medicari
3416 1775 3636 1844 cuspide
3673 1782 3823 1826 certa

2612 1847 2839 1898 Divinus
2873 1845 3140 1913 gladiusss)
3180 1861 3287 1913 quo
3320 1848 3436 1897 solo
3474 1844 3807 1897 exscinditur
3841 1858 4015 1893 error:

2612 1915 2735 1967 Non
2770 1932 2968 1978 carcer,
3008 1932 3114 1968 000
3150 1915 3364 1966 flamma
3398 1930 3614 1975 vorans,
3654 1928 3759 1965 000
3796 1910 4049 1964 caedibus
4085 1907 4253 1964 ultor.

2613 1984 2719 2037 Sed
2755 1985 2803 2036 si
2840 1985 3081 2037 venturis
3118 1984 3458 2036 strinxerunt
3492 1992 3716 2051 pectora
3750 1980 3960 2032 damnis

2612 2053 2809 2104 Vestra
2844 2062 3035 2115 metus,
3075 2053 3341 2119 libuitque
3377 2060 3551 2104 atram
3587 2069 3656 2104 ne
3692 2058 3938 2119 serperet
3972 2045 4195 2117 hydram

2612 2121 2881 2174 Herculea
2917 2121 3170 2174 cohibere
3208 2139 3367 2173 manu
3404 2130 3567 2189 atque
3604 2120 3881 2172 involvere
3916 2114 4162 2179 flammis,

2613 2191 2859 2255 (Factum
2895 2191 3242 2252 horrendum,
3277 2190 3481 2258 ingens,
3519 2198 3675 2242 atrox
3714 2189 3999 2256 dirumque
4035 2186 4264 2255 piaclum
4281 2186 4320 2253 1)

2610 2259 2892 2312 Debuerat
2928 2268 3110 2312 vestro
3147 2259 3401 2320 studium,
3438 2275 3545 2311 nou
3581 2258 3807 2323 multa⁷)
3845 2256 4027 2310 timori

2612 2328 2894 2381 Fratrisve
2932 2330 3157 2381 exitium
3193 2329 3423 2396 trepidis
3459 2344 3774 2380 succurrere
3811 2328 3987 2379 rebus.

2609 2396 2748 2450 Nam
2788 2413 2894 2466 quo
2930 2397 3144 2462 iudicio,
3184 2413 3290 2464 qua
3325 2397 3551 2448 crimina
3589 2397 3705 2464 lege
3743 2396 3922 2448 futura

2609 2465 2833 2518 Multari
2906 2473 3094 2520 otuere
3134 2474 3317 2534 patres
3353 2474 3645 2534 sontesque
3684 2465 3878 2531 vocari,

2612 2535 2715 2599 Qui
2750 2483 2986 2588 nondum
3022 2550 3284 2604 peperere
3320 2535 3520 2586 malum
3555 2534 3870 2600 clademque
3905 2533 4124 2586 tulere?

2749 2674 2829 2725 At
2863 2673 3066 2742 scripto
3103 2673 3158 2724 in
3196 2680 3382 2725 coetus
3419 2673 3591 2724 labem
3627 2672 3915 2738 effusisque
3950 2669 4148 2723 libellis

2608 2742 2897 2809 Intuleras,
2934 2742 3175 2805 Servete,
3215 2741 3357 2810 pios:
3396 2742 3678 2794 conatibus
3714 2739 3911 2792 ardens

2608 2811 2698 2865 Ira
2733 2812 2907 2863 virum
2945 2811 3114 2863 tantis
3151 2810 3439 2879 rapidusve
3478 2809 3608 2878 quid
3645 2809 3862 2861 obstitit
3895 2808 4080 2876 ignis-‘P

2610 2880 2906 2945 Invaluit0)
2946 2886 3264 2947 mentesque
3300 2880 3418 2948 pias
3456 2885 3608 2931 tenet
3643 2878 3840 2946 impius
3877 2893 4045 2930 error.

2607 2949 2826 3017 Scripta
2862 2949 3062 3017 vigent,
3100 2949 3351 3016 doctique
3387 2949 3636 3016 probant,
3674 2946 3976 3014 cupidaque
4009 2948 4262 2998 teruntur

2611 3017 3046 3085 Germanumque
3082 3017 3385 3084 Italamque
3423 3034 3599 3080 manu,
3638 3032 3701 3068 ac
3735 3016 4047 3068 defenditur
4082 3030 4253 3081 error,

2606 3087 2943 3154 Peioresque
2979 3087 3085 3140 orti
3122 3086 3317 3138 vestris
3354 3103 3420 3139 ex
3458 3086 3670 3153 ignibus
3706 3084 3875 3154 ignes.

2608 3155 2769 3208 Irrita
2802 3155 3015 3209 consilii
3051 3173 3176 3223 spes
3214 3156 3368 3222 tanti,
3405 3162 3570 3223 atque
3610 3155 3795 3207 irritus
3833 3157 3946 3209 irae

2611 3225 2863 3288 Conatus,
2903 3225 3014 3277 voti
3048 3224 3150 3276 fuit
3185 3224 3343 3275 irrita
3375 3224 3550 3293 gloria
3585 3224 3771 3288 vestri,

2608 3293 2743 3346 Tam
2778 3300 2929 3346 certo
2964 3293 3295 3361 reprobante
3330 3292 3447 3346 Deo
3483 3293 3725 3345 crudelia
3759 3293 3902 3346 facta

2611 3362 2871 3415 Successu
2905 3362 3262 3429 indignusque
3299 3362 3490 3415 animis
3526 3363 3852 3415 coelestibus
3887 3363 4014 3417 iras.

2745 3500 2771 3553 1
2806 3516 2947 3552 0000
2981 3500 3206 3565 emissis,
3246 3499 3482 3565 Calvine,
3521 3508 3676 3552 tuere
3711 3499 3911 3554 libellis

2608 3566 3034 3637 Convictumque
3069 3568 3218 3622 nefas
3253 3585 3529 3637 vanosque
3565 3570 3620 3622 in
3655 3569 3773 3621 1000
3808 3568 4046 3621 furores!

2607 3637 2832 3690 Iudiciis
2867 3646 3094 3706 patuere
3130 3636 3232 3690 Dei
3270 3655 3539 3706 sensuque
3575 3639 3806 3706 piorum.

2607 3705 2855 3775 Namque
2890 3707 3042 3760 vides
3078 3707 3307 3775 periisse
3342 3707 3610 3760 homiuem
3647 3722 3998 3775 erroremque
4033 3703 4298 3774 relictum,

2606 3776 2794 3843 Atque
2830 3791 3017 3829 omnes
3051 3777 3161 3829 late
3195 3777 3445 3845 contagia
3476 3791 3697 3844 serpere
3731 3781 3926 3828 terras.

2606 3844 2765 3897 Disce
2800 3845 2968 3914 igitur
3002 3861 3220 3897 servare
3257 3846 3502 3898 homines
3538 3851 3595 3896 et
3628 3845 3822 3898 tollere
3857 3845 4031 3913 captis

2605 3912 2864 3967 Errorem
2899 3929 2969 3967 ex
3004 3914 3221 3966 animis:
3258 3915 3457 3967 mutari
3492 3929 3655 3980 saepe
3692 3914 3911 3966 relictos

2604 3982 2773 4036 Posse
2810 3982 3069 4047 homines,
3106 4000 3381 4053 nunquam
3416 3982 3615 4035 mutari
3649 3998 3809 4049 posse
3842 3987 4151 4035 manentem

2609 4052 2779 4115 Quem
2816 4067 2978 4118 saepe
3015 4068 3255 4106 errorem
3292 4052 3545 4121 impietas
3579 4052 3870 4104 comitatur
3905 4056 4124 4104 euntem

2606 4120 2732 4174 Nou
2768 4120 3005 4173 studium
3041 4121 3139 4174 sed
3173 4122 3285 4173 fata
3318 4120 3519 4188 ferunt,
3553 4120 3790 4184 Calvino,
3826 4120 4059 4173 salutem

2608 4189 2694 4242 Ex
2729 4189 2948 4244 Christo
2983 4195 3111 4242 ante
3146 4205 3338 4242 aevum
3375 4189 3601 4242 delectis
3704 4189 3888 4242 ntibus
3924 4196 4078 4258 apta:

2608 4258 2758 4327 Ergo
2792 4260 3121 4328 parcendum
3157 4265 3242 4312 est
3274 4257 3497 4325 homini,
3531 4257 3646 4311 Pau
3671 4274 3810 4327 oque
3845 4258 3980 4312 fides
4014 4261 4114 4311 est.

2608 4326 2916 4395 Contigerit
2950 4327 3170 4381 decreta
3205 4327 3349 4381 salus
3384 4328 3723 4381 vertentibus
3758 4327 3930 4393 annis,

2609 4396 2822 4448 Mutato
2857 4412 2919 4450 ac
2955 4397 3186 4450 Satanae
3223 4397 3432 4465 laqueis
3467 4396 3698 4450 fortasse
3735 4397 3928 4449 soluto.

2609 4533 2688 4587 At
2720 4533 2941 4586 fratrem
2977 4535 3031 4587 in
3066 4534 3308 4586 flammas
3342 4541 3399 4587 te
3434 4535 3727 4588 coniecisse
3762 4534 4009 4604 negabis3

2608 4602 2633 4655 1
2709 4611 2858 4655 otum
2896 4601 3041 4656 dices
3077 4607 3258 4684 ustum
3293 4602 3619 4685 Christoque
3652 4602 3928 4670 rebellem,
4042 4672 4053 4684 .

2605 4671 3652 4821 Cmusrheffgiufgmliegtuldiqgndegglwguor
3668 4671 3901 4821 ‘ihdgghm
3937 4687 4076 4741 mn,

2607 4807 2766 4861 Haud
2802 4816 3026 4863 meritos
3061 4810 3293 4863 immane
3328 4811 3478 4864 nefas
3514 4816 3571 4863 et
3604 4809 3743 4863 labis
3778 4826 3946 4879 origo.

2740 5015 2800 5076 6)
2837 5015 3003 5070 flesr.
3038 5013 3091 5082 4,
3132 5015 3211 5068 12.

2738 5081 2908 5164 721»
2956 5099 3205 5205 maroam
3255 5084 3591 5164 aemon-n·
3643 5084 3868 5151 icy-im
4022 5101 4121 5155 ¹²⁸,
4174 5103 4319 5159 Μ
4368 5103 4489 5146 ¹⁸⁰¹·

2534 5152 2840 5208 mundano
2875 5158 2955 5207 est
2986 5168 3044 5205 se
3116 5166 3358 5233 sapesso
3391 5157 3441 5206 ei
3474 5151 3691 5233 quidem
3726 5154 3877 5206 iusta
3934 5154 4135 5208 mulcta
4161 5194 4176 5209 .

2741 5220 2799 5280 8)
2838 5220 3133 5291 Pei-perun
3192 5237 3255 5274 m
3304 5235 3554 5289 mai-qtae
3607 5237 3675 5276 eo
3732 5230 4075 5278 munros
4174 5225 4187 5237 “
4233 5226 4485 5281 invalida.

2534 5289 2992 5356 Pomtinis-aiat
3043 5287 3526 5344 Serestimorm
3586 5291 4488 5365 admoneamus,

2531 5359 3099 5430 οοᾱωςυοᾱοίαιάἑ.
