4850 6200
304 473 416 533 11¹7

297 658 863 746 mqnilfloriqae
905 682 1082 729 esses
1122 659 1363 728 miluo.
1454 655 1626 725 Vive
1668 666 1735 723 et
1778 659 1944 724 vale.
2034 656 2249 723 Festi·

294 756 529 812 nanter
574 751 634 811 9.
680 747 932 832 Aprilis
975 750 1175 816 Anno
1224 749 1406 810 1554.
1436 742 1483 825 1)

1178 1274 1365 1345 1943.

704 1430 1142 1499 LEVERUS
1187 1428 1821 1497 BULLINGERO.

466 1605 719 1672 Narrat
758 1606 879 1671 iter
926 1622 1117 1670 suum
1168 1603 1397 1668 Turico
1446 1600 1788 1681 Genavam,
1847 1608 1903 1669 ot
1944 1603 2244 1686 quomodo

290 1693 516 1775 ubique
580 1692 831 1757 comiter
897 1695 1189 1771 emt-eptas
1252 1688 1447 1770 fuerit
1502 1689 1735 1756 scilicet
1787 1689 2247 1756 commendatus

292 1778 658 1879 Buzzigzyeri
700 1777 916 1843 literis.
1014 1775 1259 1841 Tristia
1301 1774 1426 1838 imo
1469 1775 1838 1842 tristissima
1881 1795 1961 1841 ex
2004 1774 2246 1859 Anqlia

289 2038 405 2102 (Ex
455 2036 796 2105 autographo
842 2032 1001 2087 Arch.
1050 2033 1233 2086 Turic.
1270 2033 1417 2085 Plut.
1454 2032 1550 2086 vl.
1596 2034 1716 2087 Vol.
1756 2031 1860 2087 108
1922 2033 2051 2086 olim
2097 2033 2246 2087 Tom.

288 2105 389 2159 lv.
426 2105 486 2159 P.
512 2106 561 2169 1,
600 2105 693 2159 rol.
728 2102 847 2158 386.
902 2103 1126 2172 Legitur
1162 2103 1307 2155 inter
1344 2101 1481 2172 Epp.
1519 2118 1654 2222 <inas
1690 2076 2073 2184 Cantabrigiae
2110 2100 2247 2156 1848

288 2174 466 2229 edidit
500 2174 745 2227 Societas
776 2172 1128 2226 Parkeriana.
1184 2171 1250 2225 N.
1270 2169 1354 2236 77,
1499 2212 1510 2223 .
1561 2168 1649 2223 00.
1684 2200 1746 2211 -
1784 2172 2047 2225 simleru-
2082 2170 2250 2225 habet

342 2243 468 2297 Vol.
506 2241 595 2296 81.
669 2241 897 2309 Anglics
932 2247 1117 2295 exstat
1154 2257 1241 2310 ap.
1277 2186 1506 2294 “affl
1543 2240 1662 2294 Soc.
1699 2240 1851 2295 Tom.
1888 2239 1928 2293 1.
1965 2257 2016 2305 p.
2055 2238 2200 2305 153.)

465 2413 765 2480 Salutem
818 2414 1169 2497 plurimam
1211 2414 1284 2477 in
1330 2410 1595 2477 Ohristo
1638 2412 1809 2477 Iesu.
1901 2412 1977 2477 ln
2024 2422 2250 2477 nostro

288 2504 527 2567 itinere
572 2494 791 2583 prima
830 2510 1023 2565 nocte
1067 2497 1529 2582 Lentzburgae
1582 2509 1771 2581 pater
1819 2500 2172 2565 &masiae
2194 2503 2246 2575 ¹)

286 2588 479 2654 lectis
538 2589 673 2652 tuis
728 2585 813 2651 ad
864 2585 1053 2650 illum
1120 2584 1328 2650 literis
1388 2583 1841 2649 admirabilem
1896 2585 1982 2667 pii
2045 2585 2249 2649 animi

285 2671 819 2739 benevolentiam
865 2672 936 2735 in
982 2691 1101 2736 nos
1146 2684 1462 2753 tanquam
1503 2671 1573 2734 in
1619 2670 1990 2736 carissimos
2036 2671 2250 2736 effun-

286 2760 445 2825 dere
488 2759 657 2824 mihi
702 2757 1063 2823 videbat-ur.
1130 2756 1302 2821 Nam
1350 2756 1607 2838 vesperi
1642 2780 1679 2820 e
1724 2754 1986 2838 publico
2030 2755 2248 2821 diver-

285 2846 462 2911 sorio
508 2865 632 2910 nos
676 2842 1003 2909 abducens
1060 2843 1131 2906 in
1172 2844 1308 2907 suis
1349 2840 1615 2907 aedibus
1660 2841 1742 2906 ad
1787 2842 2248 2907 suavissimam

324 2934 579 2997 uietem
644 2927 978 3014 perduxit,
1059 2941 1255 3011 atque
1319 2949 1576 2992 summo
1642 2947 1838 2992 mane
1901 2947 2022 3011 per
2086 2927 2249 2993 duas

286 2954 487 3083 goras
538 3015 878 3084 nobiscum
932 3015 1345 3098 proficiscens
1397 3023 1536 3078 tam
1592 3022 1821 3080 exacte
1865 3034 1985 3079 nos
2029 3012 2252 3081 docuit

286 3107 550 3171 viarum
598 3112 786 3169 notas
831 3113 1025 3186 atque
1070 3101 1325 3185 piorum
1364 3103 1657 3166 virorum
1704 3100 1988 3178 nomina,
2048 3113 2122 3165 ut
2164 3122 2249 3166 ex

284 3190 568 3256 istorum
612 3187 897 3254 consiliis
940 3199 1008 3253 et
1049 3188 1313 3253 illarum
1357 3188 1564 3271 signis
1608 3207 1728 3253 nos
1762 3207 2020 3269 semper
2064 3185 2248 3251 dein-

284 3298 441 3359 ceps
483 3275 808 3341 admoniti
853 3274 933 3340 de
962 3275 1073 3340 via
1111 3273 1301 3339 facile
1344 3284 1524 3339 recta
1568 3272 2040 3356 pervenimus*
2085 3273 2249 3338 Ber-

285 3383 465 3429 nam.
534 3359 639 3427 Ibi
686 3360 1131 3427 intelleximus
1162 3358 1548 3437 musandum,
1595 3358 1931 3424 Hallerum
1973 3369 2043 3423 et
2085 3358 2248 3424 alios

284 3449 511 3514 doctos
554 3445 749 3513 valde
793 3444 1144 3512 benevolos
1184 3446 1383 3512 fuisse
1426 3457 1620 3529 atque
1662 3465 2016 3527 propensos
2060 3443 2247 3511 nobis

286 3533 597 3600 iuvandis
676 3532 942 3600 effectos
1017 3552 1138 3616 per
1214 3539 1363 3597 tuas
1434 3530 1517 3595 ad
1588 3529 1921 3596 Hallemm
2000 3530 2244 3597 literas.

286 3619 461 3686 Nam
518 3619 744 3703 plures
802 3618 1051 3701 pariter
1092 3621 1163 3682 in
1216 3618 1366 3683 unis
1422 3615 1693 3683 aedibus
1735 3617 2115 3701 congregati
2162 3616 2245 3683 ad

284 3703 525 3772 bonam
570 3725 838 3772 coenam
897 3725 1016 3769 nos
1071 3703 1457 3769 invitarunt.
1546 3702 1857 3769 Halteras
1907 3713 2246 3787 praeterea

283 3795 487 3857 trium
532 3790 788 3857 dierum
846 3789 1103 3856 liberali
1158 3789 1442 3871 hospitio
1503 3809 1625 3855 nos
1682 3788 1888 3872 gratis
1947 3801 2245 3872 acceptos

284 3876 566 3944 ducebat
624 3874 912 3961 quotidie
978 3874 1063 3941 ad
1120 3896 1541 3960 quaecunque
1612 3872 1892 3940 videnda
1957 3874 2063 3940 vel
2127 3897 2243 3940 au·

282 3962 527 4029 dieuda
565 3961 1100 4028 desideravimus.
1169 3962 1522 4028 Losannae
1563 3981 1818 4044 quoque
1841 3959 2167 4027 Baesaous
2181 3962 2242 4038 ²)

280 4061 347 4115 st
400 4048 663 4115 Vir-etus
703 4056 842 4114 tam
886 4045 1103 4114 verbis
1146 4068 1343 4131 quam
1400 4046 1589 4114 factis
1641 4045 2074 4112 ostendebant
2128 4068 2245 4129 per

279 4143 433 4201 tuas
487 4135 574 4201 ad
622 4133 771 4200 illos
825 4134 1053 4199 literas
1108 4154 1227 4199 nos
1271 4143 1338 4199 et
1377 4131 1865 4200 commendatos
1908 4138 1976 4198 et
2022 4142 2244 4216 gratos

280 4220 504 4288 fuisse.
597 4218 889 4286 Tandem
943 4240 1103 4285 vero
1161 4221 1436 4303 septimo
1494 4218 1599 4284 die
1646 4217 1894 4301 Aprilis
1938 4219 2244 4285 venimus

280 4305 652 4386 Genavam,
698 4306 810 4372 ubi
853 4306 1125 4372 absente
1171 4303 1444 4382 Calvino,
1469 4308 1521 4381 8)
1581 4304 1666 4370 ad
1709 4324 1907 4387 quem
1950 4302 2093 4369 dixi
2135 4325 2242 4370 me

278 4401 428 4460 tuas
471 4393 702 4459 literas
742 4390 1014 4468 habere,
1059 4392 1280 4457 statim
1323 4391 1569 4474 recepit
1606 4411 1726 4455 nos
1768 4389 2242 4457 commensales

281 4475 2241 4646 &332020132223035222222533mamma?⁵22

278 4670 567 4735 agnosco
610 4659 954 4736 paternam
996 4659 1177 4716 tuam
1213 4670 1372 4734 erga
1412 4669 1520 4714 me
1560 4647 2040 4733 providentiam
2072 4647 2241 4713 mihi

278 4748 348 4802 et
390 4736 684 4804 consorti
732 4757 876 4802 meo
934 4757 1067 4802 non
1110 4736 1321 4802 solum
1362 4737 1435 4800 in
1478 4733 1672 4800 domo
1716 4742 1832 4800 tua
1875 4733 2234 4816 hospitium
2354 4804 2371 4810 ‚

274 4991 551 5060 ml)
603 4991 2236 5076 Videqeqmfflskapuisoedefactostsuspicimista

273 5057 2238 5146 lqut·DeOumnwovjtkodomquamtamenhocmepkndtde

270 5131 1230 5266 muhamatffllm)

483 5269 548 5336 Β)
583 5269 752 5325 Besa.

486 5339 543 5404 3>
594 5338 729 5395 Vide
761 5338 918 5405 infra
961 5338 1143 5408 {pun
1181 5335 1260 5394 N.
1295 5335 1447 5391 194⁷.
1525 5333 1634 5392 mn·
1679 5352 1801 5390 vero
1842 5335 2016 5401 horit
2060 5333 2241 5390 dicore
2310 5420 2317 5426 ο

276 5423 729 5477 κομιοῦσιν.

2066 472 2231 534 1554
2276 468 2588 538 APRIL.

4185 483 4310 544 118

2348 657 2546 744 longe
2590 659 3039 744 gratissimum
3095 662 3299 746 gratis
3343 661 3724 730 exhibuisse
3738 714 3756 743 ‚
3813 686 4048 731 verum
4103 668 4314 737 etiam

2350 745 2422 810 in
2480 745 2627 811 aliis
2692 746 2850 813 locis
2913 745 3089 830 apud
3152 746 3315 814 alios
3371 749 3653 833 gratiam
3709 758 3779 814 et
3835 751 4309 836 benignitatem

2350 830 2548 916 longe
2584 852 2787 915 supra
2821 842 3112 897 nostram
3135 834 3690 916 exspectationem
3712 836 3904 902 nobis
3930 838 4308 909 contulisse.

2350 919 2572 1000 Atque
2615 915 2903 1000 proinde,
2948 919 3120 1002 quod
3161 919 3280 985 tibi
3324 917 3686 986 secundum
3707 920 3926 987 Deum
3971 936 4311 1008 acceptum

2350 1002 2509 1081 fero,
2550 1003 2796 1068 iamdiu
2840 1012 2943 1069 est
2983 1025 3068 1069 ex
3113 1026 3241 1088 quo
3284 1006 3468 1089 coepi
3511 1007 3805 1090 cogitare
3843 1029 3949 1074 me
3993 1031 4125 1075 non
4168 1018 4311 1077 tam

2350 1087 2646 1155 exsulem
2703 1110 2741 1153 e
2796 1089 3008 1172 patria
3063 1110 3210 1155 mea
3260 1091 3671 1177 peregrinari
3727 1114 3927 1176 quam
3970 1096 4309 1164 concivem

2350 1185 2729 1240 sanctorum
2771 1175 2841 1240 in
2885 1171 3238 1241 domestica
3281 1176 3408 1242 Dei
3449 1177 3701 1245 familia
3743 1201 3920 1245 nunc
3967 1185 4232 1248 versari.

2524 1259 2793 1326 Nullam
2829 1262 3050 1345 itaque
3085 1280 3262 1327 nunc
3296 1263 3508 1328 sentio
3543 1285 3756 1330 meam
3795 1266 4145 1345 miseriam,
4190 1267 4309 1335 sed

2348 1364 2572 1411 curam
2642 1366 2846 1430 paene
2911 1347 3340 1414 incurabilem
3406 1371 3524 1433 pro
3579 1350 3675 1416 eis
3730 1371 3893 1435 quos
3949 1352 4022 1416 in
4092 1354 4310 1436 patria

2349 1453 2498 1497 mea
2519 1433 2812 1516 suspicor
2845 1433 3254 1517 gravissimis
3273 1434 3581 1518 periculis
3603 1438 3734 1502 iam
3770 1458 3912 1503 esse
3939 1438 4305 1505 immersos.

2348 1517 2523 1583 Nam
2569 1519 2831 1602 Anglus
2874 1518 3140 1602 quidam
3185 1520 3479 1587 Bernam
3542 1522 3874 1589 transiens
3918 1524 4184 1609 scripsit
4222 1523 4307 1591 ad

2349 1614 2813 1672 conterraneos
2857 1624 3011 1672 suos
3057 1607 3126 1671 in
3171 1606 3481 1683 Geneva,
3541 1606 3715 1690 quod
3773 1609 4098 1693 principes
4141 1610 4308 1677 Ber-

2349 1710 2589 1756 nenses
2631 1691 3028 1774 accepissent
3073 1713 3189 1775 per
3231 1693 3456 1758 literas
3501 1714 3582 1758 ex
3630 1694 3781 1759 aula
3823 1695 4000 1780 regis
4046 1695 4308 1763 Galliae

2348 1775 2434 1841 ad
2470 1798 2579 1843 eos
2615 1778 2869 1856 missas,
2915 1779 3212 1862 reginam
3234 1780 3344 1843 An
3393 1778 3517 1844 liae
3551 1780 3830 1846 occisam
3869 1802 4013 1848 esse
4046 1802 4087 1846 a
4120 1781 4311 1866 plebe

2351 1872 2739 1946 exasperata
2799 1884 2915 1946 per
2973 1865 3113 1929 eius
3176 1865 3337 1947 perfi
3385 1884 3491 1929 am
3549 1865 4021 1932 crudelitatem.
4113 1868 4307 1933 Alius

2351 1959 2594 2027 tamen,
2639 1950 2749 2032 qui
2794 1971 2835 2015 a
2877 1949 3185 2015 Londino
3228 1948 3508 2017 decessit
3557 1954 3632 2015 13
3678 1951 3782 2016 die
3821 1952 4067 2032 Martii,
4114 1953 4310 2020 hodie

2352 2033 2460 2099 hic
2525 2033 2691 2099 mihi
2751 2036 2980 2100 retulit
3037 2034 3209 2118 quod
3267 2037 3338 2101 in
3394 2035 3712 2103 seditione
3755 2060 3873 2121 per
3932 2038 4226 2123 Voyetum
4249 2044 4307 2116 ⁴)

2353 2121 2678 2187 concitata
2736 2120 2905 2186 nulli
2949 2123 3226 2191 sacrifici
3266 2122 3447 2187 fuere
3505 2124 3840 2206 suspensi,
3902 2145 4113 2209 neque
4157 2138 4306 2209 post

2353 2216 2618 2289 captum
2657 2205 2954 2290 Voyetum
2998 2206 3132 2273 ulla
3168 2206 3515 2273 multitudo
3549 2220 3759 2275 morte
3801 2211 3926 2276 fuit
3968 2211 4302 2277 mulctata.

2353 2289 2546 2359 Solos
2605 2292 2777 2357 dixit
2833 2291 3067 2359 ducem
3115 2292 3445 2376 Suffolciae
3498 2303 3568 2359 et
3622 2294 3827 2360 filiam
3881 2297 4023 2363 eius
4069 2297 4150 2362 D.
4199 2298 4304 2362 Io-

2353 2397 2590 2443 annem
2653 2390 2846 2462 atque
2913 2380 3221 2444 maritum
3288 2379 3465 2445 illius
3534 2378 3883 2446 decollatos
3942 2382 4172 2459 fuisse,
4237 2391 4306 2448 et

2352 2484 2581 2530 omnes
2648 2472 3022 2531 constanter
3093 2466 3163 2530 in
3232 2464 3635 2549 professione
3707 2487 3901 2533 verae
3966 2468 4306 2553 religionis

2353 2569 2824 2631 perseverasse.
2913 2552 3131 2633 Atque
3184 2562 3522 2634 praeterea
3577 2554 3995 2620 asseverabat
4056 2577 4128 2620 se
4185 2575 4306 2638 pro

2353 2646 2532 2700 certo
2590 2634 2935 2714 audivisse,
2997 2637 3410 2702 Oranmerum
3454 2637 3996 2705 Cantuariensem
4056 2641 4305 2723 episco-

2355 2742 2531 2804 pum,
2579 2721 2876 2787 Ridleum
2921 2722 3414 2788 Londinsnsem
3470 2720 3863 2806 episcopum,
3911 2725 4308 2791 Laiimerum

2352 2807 2880 2873 concionatorem
2922 2807 3418 2875 celeberrimum
3454 2819 3522 2874 et
3544 2808 3882 2875 Balesium
3898 2812 3957 2890 ὅ)
4005 2810 4169 2895 legis
4191 2833 4306 2895 pe-

2354 2895 2557 2958 ritum
2594 2895 2793 2976 pium,
2830 2915 3059 2959 omnes
3106 2894 3225 2960 hos
3275 2895 3521 2976 pariter
3563 2895 3892 2962 traductos
3926 2918 3967 2962 a
3999 2895 4307 2963 Londino

2353 2978 2438 3043 ad
2492 2977 2820 3045 Oxoniam
2885 2980 3118 3057 fuisse,
3182 2989 3255 3045 ut
3318 2981 3409 3045 ibi
3475 3001 3514 3045 a
3589 2980 3869 3048 dominis
3935 2982 4305 3049 doctoribus

2350 3064 2530 3132 illius
2573 3063 2943 3132 academiae
2987 3064 3398 3133 condemnati
3460 3067 3805 3134 haereseos
3849 3068 3989 3154 igni
4033 3067 4303 3136 combu-

2351 3161 2674 3218 rerentur.
2744 3153 2852 3217 Ex
2894 3153 3037 3218 istis
3082 3153 3383 3220 omnibus
3442 3154 3609 3219 nihil
3652 3153 3829 3220 aliud
3875 3177 4138 3239 possum
4183 3177 4307 3241 ego

2351 3237 2657 3323 colligere
2700 3239 2827 3304 nisi
2873 3249 2988 3304 aut
3033 3240 3297 3305 vivente
3333 3240 3563 3324 regina
3596 3241 4053 3324 gravissimam
4099 3241 4307 3308 eccle—

2350 3324 2486 3390 siae
2530 3325 3123 3408 persequntionem,
3184 3335 3298 3390 aut
3353 3335 3698 3410 grassante
3741 3326 4096 3410 irrequieta
4138 3326 4307 3392 mul-

2350 3408 2632 3476 titudine
2709 3409 3284 3494 irrecuperabilem
3365 3411 3852 3495 dissipationem
3945 3414 4136 3496 regni
4230 3414 4306 3478 in

2352 3497 2600 3581 Anglia
2640 3517 2799 3561 esse.

2522 3580 2766 3647 Verum
2804 3583 3139 3647 enimvero
3174 3581 3385 3649 cordis
3420 3584 3553 3648 mei
3587 3582 3881 3662 durities,
3925 3605 4058 3667 qua
4091 3605 4306 3669 neque

2346 3668 2627 3733 istarum
2671 3666 3115 3734 calamitatum
3159 3668 3722 3734 commiseratione
3760 3690 3969 3753 neque
4005 3690 4303 3736 meorum

2348 3754 2846 3819 commissorum
2882 3754 3305 3837 poenitudine
3327 3776 3617 3838 unquam
3640 3756 3848 3838 possit
3881 3756 3952 3820 in
3974 3755 4306 3841 lacrymas

2348 3838 2611 3918 resolvi,
2657 3860 2850 3923 saepe
2884 3840 3048 3906 solet
3085 3839 3252 3905 mihi
3295 3841 3586 3905 animum
3632 3841 3915 3921 turbare,
3960 3841 4306 3927 ingenium

2347 3923 2710 3992 obtundere
2753 3932 2821 3992 et
2865 3927 3251 3991 memoriam
3306 3926 3722 3993 confundere.
3812 3926 4037 4009 Quare
4080 3937 4146 3993 te
4189 3928 4305 3993 ob-

2346 4031 2550 4090 secro,
2595 4012 2685 4076 mi
2732 4021 2936 4094 pater,
2981 4012 3051 4077 in
3075 4013 3432 4080 visceribus
3454 4013 3710 4079 Christi
3729 4013 3905 4091 Iesu,
3952 4013 4303 4080 coelestem

2345 4106 2605 4181 patrem
2649 4119 2903 4164 mecum
2950 4119 3066 4181 pro
3122 4119 3230 4164 me
3285 4100 3572 4178 invoces,
3631 4108 3707 4164 ut
3759 4100 3900 4182 ipse
3943 4100 4304 4183 respiciens

2346 4194 2603 4249 nostras
2639 4185 2954 4262 miserias,
2991 4182 3244 4250 Christi
3279 4186 3513 4251 merita
3546 4193 3615 4250 et
3635 4206 3791 4251 suas
3826 4185 4302 4264 miserationes,

2346 4269 2511 4334 mihi
2580 4268 2904 4335 condonet
2966 4291 3180 4335 meam
3255 4271 3720 4355 negligentiam
3789 4283 3856 4335 et
3921 4271 4299 4354 nequitiam,

2344 4355 2600 4420 auferat
2619 4354 2834 4421 cordis
2857 4355 3184 4435 duritiem,
3222 4365 3287 4422 et
3322 4357 3570 4424 tribuat
3588 4356 4077 4441 resipiscentiae
4098 4367 4298 4440 atque

2344 4439 2882 4508 sanctificationis
2932 4441 3256 4525 spiritum.
3300 4478 3386 4489 ——
3444 4481 3522 4490 —u
3571 4483 3584 4488 -
3587 4478 4298 4491 ——————

2347 4526 2662 4593 Genevae
2715 4535 2779 4592 11
2832 4527 2936 4593 die
2976 4527 3239 4611 Aprilis.

3020 4664 3235 4730 Filius
3278 4675 3433 4731 tuus
3473 4666 3760 4731 Thomas
3807 4666 4127 4731 Leverus.
4155 4668 4212 4742 ⁶)

2543 4867 2603 4934 4)
2654 4869 2886 4925 stamas
2933 4870 3110 4941 Wyat.
3191 4871 3326 4925 Vide
3363 4869 3681 4925 Slet‘danum
3719 4869 3794 4924 N.
3831 4867 3981 4923 1940.

2544 4937 2601 5006 ὃ)
2641 4937 2730 4993 Dc
2760 4942 2879 4994 eius
2910 4940 3178 5011 martyrio
3210 4939 3473 4995 Editores
3511 4939 3659 5009 Epp.
3705 4939 3885 4995 strio.
3931 4938 4143 5007 aualice
4177 4953 4298 4992 ver·

2338 5020 2529 5061 aarum
2563 5008 2798 5063 laudant
2832 5008 3002 5076 Foaee,
3041 5013 3175 5065 Acts
3207 5011 3324 5064 aad
3356 5015 3694 5063 monuments
3729 5008 3824 5062 Vl.
3862 5006 3980 5062 710.

2550 5077 2613 5144 6)
2647 5076 2737 5132 De
2768 5078 2868 5134 boc
2901 5081 3023 5134 viro
3067 5079 3190 5133 vids
3223 5077 3301 5134 N.
3338 5077 3503 5142 1934,
3546 5084 3655 5133 not.
3691 5075 3741 5130 3.
3817 5077 4015 5132 Plures
4048 5075 4168 5131 eius
4202 5092 4298 5131 σε·

2340 5151 2496 5202 stant
2525 5148 2782 5215 epistolae
2825 5149 2886 5202 in
2919 5147 3002 5202 sd.
3041 5145 3406 5203 Parkers‘ana.
3479 5146 3568 5201 Dc
3599 5162 3750 5201 anno
3791 5153 4004 5202 constat
4047 5160 4115 5200 ec
4148 5161 4304 5201 m·

2341 5216 2489 5271 tione
2519 5230 2702 5269 rerum
2738 5216 3093 5285 mqldcanm.

3469 5357 3514 5365 —
