4850 6200
554 436 631 495 31
2181 421 2647 491 EPISTOLA
2697 424 2853 488 1907
2869 450 2902 489 c
4470 428 4548 489 32

551 618 654 683 nit
697 616 935 693 David,
982 616 1106 683 hoc
1152 624 1267 692 est,
1314 614 1535 680 divina
1592 613 1887 693 oracula,
1945 612 2188 680 librum
2233 613 2497 679 divinae

549 704 717 790 legis
757 712 825 767 et
866 700 1227 767 voluntatis
1271 710 1502 767 testem
1546 716 1613 765 et
1655 698 2003 766 doctorem.

730 789 823 854 At
866 809 951 853 ne
993 787 1101 852 hic
1144 784 1403 871 quidem
1446 786 1604 851 satis
1643 793 1763 864 est,
1810 786 1865 850 si
1909 806 2041 851 non
2079 784 2345 852 accedat
2386 785 2503 849 ali-

552 875 645 940 ud
687 875 884 959 longe
925 872 1372 957 praestantius
1416 872 1544 938 Dei
1588 871 2008 950 beneficium,
2071 894 2196 955 quo
2256 871 2503 938 scilicet

554 962 743 1027 novis
797 982 867 1027 se
926 957 1225 1024 cordibus
1282 965 1350 1022 et
1406 960 1658 1023 carneis
1714 958 1928 1042 legem
1986 979 2171 1024 suam
2230 958 2502 1041 inscrip-

553 1056 775 1112 turmn
822 1045 1082 1128 recepit,
1129 1042 1324 1126 idque
1369 1045 1575 1109 multo
1633 1044 1957 1109 efficacius
1984 1065 2179 1127 quam
2228 1054 2503 1109 naturae

554 1133 725 1218 lege:
786 1130 1101 1215 siquidem
1161 1131 1273 1212 qui
1343 1129 1518 1196 illius
1577 1130 1727 1196 facti
1776 1136 1933 1194 sunt
1985 1130 2134 1195 libri
2170 1138 2502 1195 consortes

552 1240 687 1283 non
732 1238 957 1283 omnes
1002 1214 1446 1293 crediderunt,
1503 1218 1676 1298 quia,
1736 1215 1859 1279 etsi
1902 1213 2057 1297 quid
2102 1217 2188 1281 sit
2230 1215 2503 1281 creden-

554 1304 707 1369 dum
785 1302 1013 1381 tradit,
1083 1321 1213 1367 non
1284 1310 1497 1383 potest
1561 1310 1781 1366 tamen
1858 1309 1929 1365 ut
1994 1302 2299 1368 credatur
2364 1302 2501 1366 effi-

554 1411 712 1458 cere.

724 1472 1009 1551 Idcir00‚
1069 1475 1189 1538 etsi
1236 1474 1485 1538 Paulus
1531 1473 1945 1556 evangelium
1998 1471 2330 1556 praedicat
2389 1495 2501 1555 po-

552 1563 823 1625 tentiam
867 1580 1009 1624 esse
1031 1558 1152 1623 Dei
1183 1559 1263 1624 ad
1300 1559 1595 1633 salutem,
1643 1581 1775 1624 non
1822 1566 2042 1623 tamen
2085 1560 2255 1625 hanc
2299 1560 2504 1641 ipsius

554 1649 686 1711 vim
748 1649 819 1711 in
878 1645 1219 1729 quibusvis
1277 1646 1547 1723 exserit,
1602 1644 1716 1708 sed
1760 1646 1827 1709 in
1873 1644 2290 1709 credentibus
2336 1645 2501 1709 dun-

553 1743 743 1797 taxat
797 1732 1048 1797 asserit.

557 1818 923 1883 admirante
999 1817 1403 1883 credentium
1490 1819 1822 1881 raritatem
1900 1826 1965 1880 et
2040 1824 2500 1900 percontante:

555 1902 723 1984 Quis
791 1914 1052 1967 nostrae
1129 1901 1403 1967 credidit
1484 1903 1949 1984 praedicationi
2030 1912 2095 1965 et
2162 1903 2505 1968 brachium

558 1991 825 2055 Domini
883 1992 985 2054 cui
1043 1992 1439 2070 patefactum
1494 1990 1639 2052 est?
1744 1989 2019 2053 Minime
2077 1987 2344 2053 dubium
2405 1998 2506 2053 est

556 2080 712 2157 quin
761 2075 1097 2142 brachium
1150 2076 1417 2138 Domini
1464 2075 1748 2157 appellet
1792 2095 2097 2139 arcanam
2140 2074 2321 2138 illam
2370 2074 2505 2138 vim

556 2163 855 2246 spiritus,
921 2182 1049 2243 qua
1110 2162 1290 2224 Deus
1356 2159 1696 2224 hominum
1760 2168 2011 2225 mentes
2071 2182 2189 2225 suo
2235 2161 2506 2225 numine

559 2248 819 2313 afflatas
865 2250 1045 2310 intus
1092 2247 1279 2312 docet
1323 2256 1389 2308 et
1432 2245 1731 2311 cordibus
1777 2246 1992 2328 infigit
2036 2247 2201 2328 quod
2244 2247 2401 2311 foris
2437 2248 2505 2310 in

559 2335 831 2398 auribus
871 2335 1153 2397 insonat.

728 2418 904 2486 Solis
951 2427 1170 2483 autem
1232 2418 1354 2483 hoc
1399 2417 1671 2482 Domini
1722 2418 2060 2484 brachium
2105 2428 2205 2483 est
2256 2417 2507 2481 revela-

558 2517 699 2570 tum
745 2527 906 2587 quos
949 2514 1137 2587 pater
1184 2502 1456 2568 tradidit
1496 2503 1646 2568 filio.
1716 2502 2132 2587 Quapropter
2170 2503 2349 2568 Deus
2388 2505 2508 2568 hos

556 2612 782 2656 omnes
839 2614 909 2655 66
951 2612 1083 2654 11611
1129 2590 1340 2655 60111111
1399 2589 1715 2654 divinitus
1775 2590 2116 2655 docturum
2177 2591 2498 2674 promisit,

556 2678 874 2760 cordaque
922 2677 1175 2760 lapidea
1219 2677 1289 2740 111
1334 2698 1571 2741 carnea
1610 2698 2110 2753 conversurum,
2173 2697 2247 2741 ac
2290 2676 2503 2759 legem

556 2784 741 2829 suam
786 2761 1148 2828 visceribus
1192 2763 1683 2846 inscriptum,
1730 2763 1844 2829 sed
1882 2764 2077 2826 etiam
2116 2764 2501 2827 effecturum

554 2860 627 2914 ut
661 2850 1073 2915 ambularent
1108 2850 1179 2911 in
1218 2848 1546 2914 mandatis
1582 2849 1736 2925 suis,
1775 2870 2050 2932 quorum
2095 2849 2290 2913 corda
2325 2849 2504 2912 hunc

554 2938 617 3000 in
667 2934 928 2999 modum
976 2937 1318 2998 immutata
1362 2936 1594 3000 forent.

726 3022 835 3084 Ex
882 3040 1013 3103 quo
1072 3021 1353 3084 efficitur
1404 3028 1480 3084 ut
1536 3030 1714 3085 certo
1761 3020 2090 3086 affirmare
2152 3020 2495 3104 possimus,

552 3109 861 3190 primum,
907 3127 1040 3170 11611
1083 3104 1384 3171 omnibus
1421 3106 1561 3171 dari
1602 3105 1796 3171 corda
1830 3128 2083 3184 carnea,
2131 3127 2206 3172 ac
2228 3106 2503 3189 proinde

551 3192 677 3256 hoc
720 3192 1110 3274 promissum
1156 3213 1239 3257 ex
1284 3213 1489 3274 aequo
1544 3194 1624 3257 ad
1685 3214 1911 3257 omnes
1967 3214 2093 3257 non
2153 3195 2500 3277 pertinere.

556 3277 739 3342 Deus
784 3279 958 3342 enim
1006 3298 1127 3342 nec
1182 3279 1446 3342 mentiri
1506 3299 1627 3344 nec
1677 3278 1904 3344 fallere
1958 3287 2185 3362 potest.
2277 3277 2501 3360 Quare

552 3384 819 3429 necesse
897 3374 996 3428 est
1064 3363 1187 3430 hoc
1253 3366 1470 3446 ipsum
1531 3365 1850 3446 praestari
1894 3365 1978 3431 iis
2039 3366 2200 3447 ipsis
2263 3365 2501 3447 quibus
2549 3397 2556 3446 2

553 3450 979 3534 promittitur.
1068 3449 1454 3515 Praestatur
1510 3459 1729 3515 autem
1776 3451 1930 3516 solis
1975 3449 2195 3516 electis
2241 3459 2307 3515 61
2351 3470 2500 3515 611111
2548 3465 2555 3532 ι

553 3557 629 3601 66
674 3535 1037 3601 foederatis.
1127 3537 1307 3619 Ergo
1352 3535 1435 3600 ad
1480 3535 1625 3601 illos
1669 3536 1839 3602 solos
1882 3538 2186 3619 pertinet.

727 3620 999 3698 Deinde,
1048 3619 1249 3686 nullis
1292 3622 1598 3687 humanis
1642 3623 1912 3700 viribus,
1959 3631 2074 3687 aut
2115 3623 2503 3705 cuiusquam

550 3707 1051 3792 praestantioris
1095 3717 1401 3785 naturae,
1458 3707 1573 3773 scd
1616 3708 1744 3773 Dei
1799 3708 1999 3774 solius
2042 3728 2335 3786 munere,
2393 3731 2500 3774 eo-

553 3816 678 3878 que
722 3795 1041 3876 gratuito,
1101 3816 1212 3860 cor
1267 3795 1648 3877 cuiusquam
1703 3817 1740 3860 o
1799 3816 1994 3860 saxeo
2066 3796 2135 3858 111
2191 3817 2500 3860 carneum

552 3879 947 3946 mollescere.
1040 3881 1210 3945 Nam
1270 3881 1326 3945 si
1386 3881 1567 3945 Deus
1623 3901 1694 3946 se
1755 3882 2139 3946 effecturum
2203 3882 2504 3964 promisit

551 3972 627 4031 ut
672 3965 738 4029 hi
783 3967 854 4030 in
899 3967 1033 4031 suis
1074 3965 1415 4031 ambulent
1459 3965 1784 4033 mandatis
1820 3966 2052 4049 quibus
2096 3988 2207 4033 cor
2251 3964 2504 4033 dederit

551 4072 815 4130 novum,
861 4053 1282 4134 consequitur
1305 4051 1449 4116 illos
1492 4072 1605 4117 cor
1639 4074 1883 4117 novum
1920 4060 1987 4117 et
2021 4072 2329 4119 carneum
2368 4074 2504 4117 11011

555 4138 881 4221 accepisse
924 4138 1038 4221 qui
1081 4139 1285 4222 ipsius
1332 4161 1461 4202 non
1506 4149 1739 4220 parent
1781 4139 2128 4205 mandatis.

724 4224 1001 4300 Deinde,
1067 4226 1122 4289 si
1165 4224 1348 4290 Deus
1410 4222 1554 4305 ipse
1618 4245 1729 4290 cor
1784 4246 2027 4289 novum
2086 4225 2316 4302 donat,
2381 4224 2505 4292 hoc

555 4310 769 4392 ipsum
810 4331 1003 4374 nemo
1051 4311 1247 4376 habet
1298 4329 1338 4373 a
1381 4333 1450 4373 66
1507 4310 1677 4389 ipsu,
1739 4319 1853 4375 aut
1907 4333 2063 4376 suae
2122 4323 2393 4376 naturae
2440 4320 2506 4376 et

558 4396 913 4462 voluntatis
957 4398 1246 4462 bonitate
1299 4394 1380 4459 ad
1425 4393 1914 4478 percipiendum
1976 4398 2099 4463 hoc
2143 4396 2264 4462 Dei
2308 4398 2504 4462 bene-

552 4483 775 4548 ficium
810 4502 882 4548 se
915 4501 1302 4567 praeparare
1333 4502 1409 4546 ac
1431 4501 1806 4566 comparare
1840 4484 2070 4565 potuit,
2114 4504 2317 4567 quum
2354 4504 2504 4548 eum

551 4590 658 4634 res
703 4570 844 4653 ipsa
889 4566 1193 4634 deficeret
1235 4588 1400 4651 quae
1445 4568 1642 4634 11111116
1701 4589 1843 4634 6666
1887 4566 2112 4635 debuit
2157 4589 2508 4653 praepara·

559 4656 758 4720 tionis
799 4655 1117 4719 effectrix.

724 4741 895 4805 Cum
963 4741 1069 4805 his
1134 4738 1330 4823 probe
1394 4742 1811 4806 consentiunt
1878 4741 2132 4807 Christi
2201 4743 2266 4806 in
2335 4741 2508 4806 hanc

555 4827 952 4891 sententiam
998 4827 1388 4903 testimonia,
1435 4827 1669 4909 quibus
1715 4825 1795 4892 ad
1842 4849 1910 4892 so
1954 4829 2183 4893 venire
2226 4835 2510 4892 testatur
2555 4843 2558 4852 ·

555 4932 783 4976 61111166
828 4913 938 4996 qui
983 4911 1156 4979 docti
1199 4933 1239 4976 a
1278 4920 1470 4996 patre
1513 4911 1885 4979 audiverint
1921 4920 1988 4979 et
2021 4913 2102 4979 ab
2139 4914 2282 4995 ipso
2318 4911 2510 4979 tracti
2555 4921 2561 4946 ¹

554 4996 826 5073 fuerint,
882 5018 957 5062 ac
999 5007 1415 5064 servaturum
1474 5018 1894 5083 quoscunque
1953 5000 2076 5066 sibi
2131 5007 2316 5082 pater
2374 5007 2510 5064 tra-

558 5081 813 5159 diderit,
863 5086 1195 5150 nemiuem
1240 5103 1401 5151 vero
1444 5085 1575 5149 nisi
1634 5083 1716 5149 ab
1778 5083 2008 5150 eodem
2066 5094 2351 5151 tractum
2395 5106 2508 5150 ve-

556 5171 719 5236 nire.
808 5167 1024 5252 Quam
1070 5172 1152 5237 ob
1195 5191 1457 5237 causam
1502 5181 1708 5256 rogat.
1757 5192 1888 5237 non
1923 5192 2042 5254 pro
2086 5171 2348 5250 mund0,
2394 5169 2510 5237 sed
2555 5167 2562 5240 ἶ

556 5277 679 5339 pro
721 5257 801 5321 iis
847 5278 1007 5339 quos
1052 5259 1112 5321 ei
1158 5256 1339 5323 dedit
1382 5263 1587 5340 pater.

1147 1731 1364 1796 Huius
1424 1732 1519 1794 rei
1576 1752 1842 1796 causam
1903 1731 1982 1794 ab
2037 1731 2211 1795 Isaia
2266 1732 2506 1814 repetit
2552 1718 2556 1739 ¹

2602 612 2857 678 audivit
2900 619 2969 676 et
3010 619 3255 677 tractus
3299 620 3366 676 et
3409 612 3601 678 datus
3645 618 3760 689 est,
3805 612 3848 676 ii
3885 614 4172 696 profecto
4208 635 4327 681 nec
4371 612 4556 678 audi-

2606 707 2860 777 verunt,
2908 718 3028 763 nec
3070 696 3257 777 docti,
3305 720 3425 764 nec
3468 697 3624 775 dati,
3670 720 3789 764 nec
3835 700 4025 764 tracti
4081 710 4236 765 sunt
4283 720 4322 764 a
4364 709 4554 783 patre

2602 784 2713 868 qui
2753 805 2883 849 non
2925 791 3271 848 venerunt.

2775 870 2984 935 Porro
3029 869 3136 934 hic
3180 868 3388 952 patris
3433 880 3697 949 tractus,
3746 870 3870 936 etsi
3916 870 4236 937 violentus
4282 892 4416 935 non
4451 880 4558 936 661

2605 956 2712 1039 qui
2759 955 3087 1023 nolentem
3124 970 3190 1019 et
3231 955 3630 1021 resilientem
3674 964 3883 1041 cogat,
3927 963 4028 1023 est
4060 965 4284 1023 tamen
4322 956 4558 1022 efficax

2605 1063 2814 1125 usque
2874 1062 2950 1107 eo
3009 1049 3088 1105 ut
3142 1041 3363 1106 trahat
3408 1043 3733 1107 neminem
3792 1043 3905 1125 qui
3962 1064 4093 1108 non
4137 1043 4310 1108 ultro
4356 1063 4430 1109 ac
4474 1042 4558 1107 li·

2605 1127 2759 1193 bere
2817 1135 3128 1209 sequatur
3185 1127 3575 1192 trahentem.
3669 1126 3960 1207 Deinde,
4021 1130 4076 1194 si
4140 1136 4387 1194 tractus
4432 1138 4556 1207 est,

2607 1212 2788 1278 nulla
2833 1212 3185 1296 praecessit
3228 1213 3423 1278 tracti
3459 1212 3744 1279 hominis
3780 1215 4099 1281 voluntas.
4166 1213 4337 1296 Quis
4378 1215 4558 1280 enim

2606 1300 2891 1365 trahitur
2935 1299 2989 1363 si
3038 1308 3272 1363 natura
3312 1298 3568 1363 volebat
3612 1300 3824 1383 (Libr.
3851 1299 3933 1365 ad
3955 1301 4168 1366 Bonif.
4193 1300 4246 1365 Ι.
4270 1321 4368 1382 cp.
4400 1299 4555 1365 19³?

2605 1386 2861 1452 Idcirco
2905 1385 3211 1450 Christus
3257 1384 3563 1450 trahendi
3609 1408 3802 1469 quam
3863 1385 4142 1451 ducendi
4200 1385 4398 1452 verbo
4459 1385 4560 1451 1111

2607 1471 2869 1547 maluit,
2939 1492 3018 1536 ne
3064 1473 3119 1535 si
3164 1470 3357 1536 homo
3402 1472 3629 1537 volens
3686 1471 4168 1557 intelligeretur
4211 1472 4561 1539 ducentem

2606 1558 2823 1640 sequi,
2883 1556 3209 1621 humanae
3266 1557 3588 1622 voluntati
3647 1559 4078 1637 tribueretur,
4143 1556 4313 1641 quod
4357 1559 4559 1624 solius

2607 1652 2706 1707 est
2750 1644 2873 1708 Dei
2920 1644 3184 1727 gratiae.

2779 1731 2978 1811 Atqui
3034 1748 3227 1793 nemo
3281 1738 3503 1794 tamen
3567 1731 3751 1795 venit
3804 1729 3934 1795 nisi
3983 1730 4153 1796 velit.
4243 1729 4561 1795 Trahitur

2607 1836 2763 1900 ergo
2808 1816 2989 1879 miris
3034 1813 3244 1879 modis
3300 1824 3376 1879 ut
3421 1815 3605 1891 velit,
3665 1814 3746 1880 ab
3800 1815 3916 1880 illo
3970 1817 4081 1900 qui
4140 1817 4325 1881 novit
4379 1817 4560 1880 intus

2607 1904 2674 1966 in
2719 1902 2878 1984 ipsis
2925 1901 3264 1966 hominum
3303 1902 3601 1967 cordibus
3645 1904 3920 1983 operari,
3971 1925 4100 1967 11611
4144 1914 4221 1968 111
4261 1902 4560 1967 nolentes

2607 1987 2904 2064 credant,
2959 1986 3126 2069 quod
3172 1988 3312 2050 fieri
3367 2009 3503 2052 non
3556 1996 3801 2071 potest,
3862 1988 3974 2053 sed
4022 1998 4095 2053 ut
4139 1988 4432 2055 volentes
4477 2009 4562 2054 ex

2608 2073 2980 2140 nolentibus
3025 2075 3276 2137 fierent.

2780 2159 2932 2223 Huc
2977 2159 3134 2224 facit
3178 2158 3345 2241 quod
3384 2157 3510 2222 alio
3548 2159 3686 2224 loco
3726 2160 4039 2242 scriptum
4086 2170 4202 2236 est,
4249 2159 4371 2223 hac
4418 2159 4562 2244 dig-

2608 2247 2818 2309 nitate
2863 2254 3130 2310 ornatos
3175 2252 3239 2308 et
3282 2244 3590 2310 facultate
3636 2245 3993 2310 instructos
4039 2255 4116 2309 ut
4158 2247 4394 2310 fierent
4439 2245 4562 2309 Dei

2608 2331 2728 2395 filii
2766 2332 2871 2413 qui
2917 2331 2989 2394 in
3034 2330 3377 2395 Christum
3421 2329 3779 2411 crederent,
3835 2331 3950 2395 filii
3997 2333 4219 2414 utique
4263 2352 4392 2397 non
4437 2332 4561 2395 hu-

2611 2438 2807 2481 mano
2851 2417 3169 2499 sanguine
3213 2418 3551 2499 procreati,
3605 2430 3718 2481 aut
3762 2439 3842 2481 ex
3890 2419 4104 2482 carnis
4149 2418 4401 2501 virique
4444 2439 4562 2482 vo-

2609 2505 2883 2581 luntate,
2930 2502 3042 2567 sed
3089 2524 3172 2566 ex
3218 2502 3352 2567 Deo
3395 2503 3551 2566 nati.

2784 2588 2933 2670 Quo
2980 2602 3196 2653 autem
3240 2599 3430 2670 pacto
3477 2589 3651 2654 hunc
3712 2590 3779 2652 in
3835 2589 4154 2654 mundum
4201 2590 4564 2674 gignantur

2610 2685 2675 2738 et
2742 2684 3096 2741 nascantur
3161 2675 3278 2739 filii
3344 2676 3502 2751 Dei,
3583 2675 3850 2741 docetur
3917 2675 4171 2759 Lydiae
4237 2676 4559 2758 exemplo.

2611 2761 2817 2826 Paulo
2862 2762 3036 2825 enim
3085 2774 3398 2843 tanquam
3444 2760 3732 2845 agricola
3774 2771 4030 2826 serente
4074 2760 4374 2826 divinum
4424 2782 4562 2825 ser-

2611 2867 2870 2911 monem
2919 2846 3101 2910 Deus
3159 2847 3341 2911 intus
3396 2866 3506 2912 cor
3565 2847 3925 2930 apparabat
3978 2856 4045 2912 et
4087 2847 4440 2925 excolebat,
4491 2856 4564 2910 ut

2607 2934 2854 2999 iactum
2902 2956 2938 2997 a
2984 2934 3192 2997 Paulo
3237 2955 3461 2998 semen
3517 2934 3881 3016 susciperet
3939 2943 4250 3016 tanquam
4308 2934 4563 2998 foecun-

2609 3017 2731 3085 dus
2775 3039 2949 3104 ager,
2995 3019 3062 3083 in
3108 3040 3235 3101 quo
3273 3017 3521 3085 radices
3558 3028 3779 3104 ageret
3818 3027 3884 3085 et
3918 3020 4206 3084 fructum
4241 3020 4565 3103 proferret

2608 3107 3032 3172 uberrimum.
3124 3107 3429 3171 Testatur
3487 3107 3662 3171 6111111
3709 3107 3954 3185 Lucas,
4015 3128 4125 3173 cor
4167 3108 4293 3190 ipsi
4338 3129 4378 3172 a
4418 3106 4563 3171 Deo

2606 3205 2905 3277 apertum
2951 3192 3150 3256 fuisse
3207 3201 3279 3256 ut
3335 3192 3415 3255 iis
3471 3192 3841 3258 attenderet
3893 3213 4062 3276 quae
4120 3215 4158 3257 a
4202 3193 4408 3258 Paulo
4454 3192 4553 3256 di-

2607 3277 2937 3343 cebantur.
2970 3277 3018 3361 ¹)

2778 3362 2853 3430 Si
2917 3363 3196 3429 eundem
3264 3365 3330 3428 in
3411 3364 3672 3429 modum
3741 3366 4012 3430 caeteris
4079 3363 4378 3430 omnibus
4444 3385 4554 3429 661·

2604 3448 2791 3515 Ι)6116
2834 3451 3193 3532 aperuisset
3252 3470 3460 3533 aequa
3511 3452 3742 3515 fuisset
3785 3452 4080 3516 omnium
4132 3471 4290 3516 sore.
4379 3450 4554 3516 Nam

2603 3545 2679 3601 ut
2723 3557 2841 3602 nec
2886 3536 3040 3600 solis
3093 3537 3320 3601 lumen
3376 3555 3643 3603 caecum
3702 3537 4103 3614 illuminare,
4158 3556 4280 3601 nec
4324 3536 4552 3601 oculus

2603 3623 2958 3705 quamlibet
3011 3634 3238 3687 acutus
3284 3632 3352 3686 et
3392 3624 3734 3705 perspicax
3780 3623 3851 3688 in
3891 3622 4179 3688 tenebris
4225 3623 4365 3687 sine
4409 3622 4555 3688 luce

2603 3730 2869 3774 cernere
2924 3731 2997 3774 ac
3057 3730 3197 3773 eam
3257 3706 3381 3774 sibi
3438 3709 3564 3791 ipsi
3616 3708 3881 3785 afferre,
3949 3711 4044 3775 ita
4101 3729 4314 3792 neque
4375 3727 4554 3773 mens

2601 3794 2896 3860 humana
2931 3794 3193 3859 divinae
3237 3794 3403 3860 lucis
3447 3793 3683 3870 radios,
3732 3797 3857 3860 nisi
3903 3817 3980 3859 ea
4025 3815 4094 3860 se
4137 3795 4350 3877 ipsam
4396 3795 4552 3857 offe-

2604 3888 2810 3958 rente,
2857 3883 2988 3945 imo
3035 3901 3248 3963 neque
3291 3880 3571 3946 oblatam
3618 3883 3993 3965 conspicere
4037 3887 4267 3966 potest,
4327 3881 4452 3945 nisi
4500 3879 4556 3945 si

2605 3989 2748 4031 eam
2795 3968 2904 4049 qui
2951 3967 3143 4031 offert
3185 3964 3358 4031 idem
3404 3987 3626 4034 caecos
3671 3968 3910 4032 mentis
3954 3968 4172 4033 oculos
4232 3967 4555 4031 restituat.

2606 4052 2830 4134 Quum
2874 4054 3092 4135 itaque
3135 4054 3276 4136 pari
3322 4056 3632 4118 caecitate
3677 4062 3914 4118 natura
3971 4073 4197 4118 omnes
4241 4051 4557 4126 laborent,

2605 4139 2713 4223 qui
2761 4141 2830 4204 fit
2879 4150 2948 4202 ut
3009 4160 3142 4203 non
3199 4148 3312 4202 aut
3354 4141 3527 4204 caeci
3569 4141 3815 4222 pariter
3857 4160 4085 4205 omnes
4130 4145 4560 4222 permaneant

2607 4233 2722 4288 aut
2765 4224 3012 4306 pariter
3067 4225 3304 4290 oculati
3348 4225 3545 4302 fiant,
3607 4235 3670 4289 et
3726 4247 3810 4290 ex
3867 4245 4071 4308 aequo
4124 4224 4236 4288 illa
4295 4225 4560 4292 coelesti

2607 4310 2751 4375 11166
2795 4310 3146 4374 fruantur?

2781 4396 2968 4462 Haec
3010 4397 3226 4479 prima
3268 4403 3367 4460 est
3410 4417 3606 4462 causa
3706 4418 3860 4463 uam
3915 4398 4208 4463 humana
4252 4397 4418 4462 ratio
4463 4396 4566 4461 fa-

2607 4482 2796 4549 cilius
2856 4503 3121 4547 cernere
3186 4489 3254 4547 et
3320 4419 3812 4565 apprehendere
3875 4492 4122 4567 potest,
4190 4481 4362 4568 quod
4427 4504 4566 4548 non

2610 4567 2913 4638 omnibus
2957 4590 3040 4634 ex
3084 4590 3289 4651 aequo
3325 4568 3551 4633 eadem
3596 4569 3765 4636 lucis
3799 4571 3985 4653 copia
4030 4571 4321 4648 affertur,
4369 4578 4443 4634 ut
4477 4590 4568 4634 ex

2611 4653 2986 4720 discrimine
3029 4654 3276 4738 liquido
3322 4663 3594 4738 apparet
3628 4655 3798 4738 quod
3843 4658 4016 4721 inter
4069 4664 4297 4742 gentes
4339 4663 4407 4720 et
4448 4655 4568 4720 Iu·

2611 4740 2804 4806 dacos
2841 4740 3033 4823 paulo
3077 4751 3228 4806 ante
3272 4741 3640 4806 statuimus.

2781 4826 3012 4893 Altera
3071 4826 3229 4892 haec
3285 4835 3385 4893 est
3444 4827 3636 4911 quod,
3684 4848 3885 4909 quum
3931 4837 4171 4894 natura
4212 4827 4384 4894 caeci
4430 4829 4568 4893 sint

2609 4933 2852 4990 01111166,
2897 4934 3033 4979 11611
3077 4913 3326 4996 pariter
3368 4912 3671 4980 omnibus
3714 4911 3882 4979 oculi
3938 4915 4330 4996 aperiuntur
4371 4913 4570 4979 resti-

2612 5005 3028 5083 tuunturque.
3093 5020 3211 5065 nec
3255 4999 3396 5082 pari
3440 4999 3605 5065 lucis
3647 5000 3832 5082 copia
3874 5006 3944 5065 et
3984 5000 4367 5066 efficacitate
4409 4997 4568 5063 illu·

2609 5085 2977 5151 minantur:
3040 5107 3242 5169 quare
3284 5084 3831 5169 quemadmodum
3875 5084 4104 5151 Iudaei
4163 5109 4202 5150 a
4263 5085 4570 5170 gentibus

2793 5261 3014 5269 ---————

728 5343 905 5427 Ergo
951 5343 1007 5408 si
1050 5341 1131 5408 ad
1177 5343 1520 5409 Christum
1562 5344 1744 5409 venit
1786 5343 1900 5424 qui
1955 5363 1996 5407 a
2050 5355 2235 5424 patre
2280 5342 2509 5411 doctus
2557 5373 2564 5396 ι
2611 5360 2772 5416 1007
2787 5379 2829 5415 c.
2876 5365 2927 5430 1)
2967 5361 3078 5415 Hic
3108 5362 3303 5426 finitur
3335 5359 3428 5425 fol.
3465 5358 3583 5413 239.
3661 5361 3949 5431 Sequentia
3983 5363 4044 5415 in
4073 5361 4166 5425 foe.
4207 5358 4323 5414 192.
