4850 6200
338 468 460 529 745

337 654 559 719 furent
600 673 868 719 amenez
922 664 991 719 et
1046 663 1241 719 tenus
1284 660 1465 718 toute
1502 652 1571 718 18
1612 652 1921 732 1118111166,
1982 653 2291 737 ausquels

337 737 399 804 16
440 737 771 823 Seigneur
827 739 1066 806 assista
1119 740 1177 804 si
1229 738 1380 805 bien
1436 736 1632 823 qu’ils
1685 739 2167 824 triompharent
2209 738 2292 804 de

336 824 705 891 rembarrer
747 823 960 892 Satan
1016 832 1085 891 et
1142 845 1248 891 ses
1301 824 1634 893 cautelles.
1720 825 1815 890 Et
1869 846 2079 909 apres,
2140 825 2292 891 bien

335 912 609 996 ioyeux,
669 909 762 977 du
816 911 1389 979 commandement
1430 908 1512 977 de
1553 909 1621 976 18
1662 909 1843 977 06111·
1893 911 2144 978 fusmes
2186 933 2290 976 re-

336 997 462 1062 mis
515 997 868 1064 ensemble.
954 999 1056 1064 Le
1114 996 1342 1063 Lundi
1394 1018 1595 1082 apres
1638 999 1740 1063 26.
1786 995 2083 1078 d’Aoust,
2142 1008 2291 1063 tous

336 1082 667 1150 ensemble
742 1083 995 1150 fusmes
1060 1104 1330 1149 amenez
1395 1082 1642 1149 devant
1704 1082 2096 1164 Messieurs,
2177 1084 2291 1166 qui

335 1170 532 1235 firent
588 1168 841 1255 grande
892 1180 1384 1236 remonstrance
1438 1174 1507 1235 et
1563 1169 1861 1236 instance
1917 1191 2081 1253 pour
2123 1189 2291 1235 nous

333 1255 616 1322 reduire.
704 1256 807 1322 Le
861 1254 1036 1322 frere
1092 1255 1359 1336 Vcrnou,
1416 1276 1540 1339 par
1594 1254 1662 1320 la
1719 1277 1913 1340 grace
1971 1255 2053 1320 de
2094 1256 2289 1334 Dieu,

333 1340 673 1424 respondit
715 1341 1117 1426 amplement
1158 1362 1324 1426 pour
1365 1353 1531 1421 tous,
1579 1340 1660 1407 de
1703 1350 1878 1407 sorte
1920 1362 2045 1425 que
2090 1341 2290 1425 glori-

331 1429 598 1494 fiasmes
640 1435 865 1495 nostre
900 1429 1076 1494 Dieu
1120 1440 1189 1493 et
1230 1449 1395 1494 nous
1439 1449 1523 1493 en
1558 1435 2050 1493 retournasmcs
2086 1428 2289 1493 victo-

332 1515 543 1580 rieux.
650 1512 909 1598 Depuis
986 1534 1192 1581 avons
1268 1522 1408 1581 este
1487 1512 1885 1579 condamnez
1964 1517 2288 1590 entr’eux,

335 1621 588 1667 comme
650 1598 787 1666 l’on
832 1600 949 1679 dit,
1016 1607 1061 1666 a
1115 1608 1290 1667 estre
1333 1599 1594 1665 bruslez
1634 1608 1785 1665 tous
1848 1599 2015 1683 cinq.
2105 1598 2291 1665 Nous

331 1685 618 1753 rendons
659 1706 890 1770 graces
933 1694 976 1752 a
1014 1687 1194 1753 Dieu
1250 1695 1320 1752 et
1375 1685 1728 1752 attendens
1787 1684 2059 1765 l’heure,
2124 1705 2290 1751 nous

331 1770 874 1840 recommandans
917 1779 961 1838 a
1002 1794 1120 1839 voz
1164 1774 1430 1858 prieres.
1459 1777 1512 1851 ¹)

1121 2102 1525 2109 ——ss-

1201 2371 1394 2443 2281.

721 2522 1204 2594 SULZERUS
1249 2525 1888 2593 BULLINGERO.

498 2694 874 2762 Discidium
906 2699 1071 2764 inter
1112 2696 1499 2764 Beruensem
1550 2704 1609 2763 et
1666 2698 2080 2766 Gencvensem
2120 2719 2281 2765 rem·

311 2780 638 2863 publicam
696 2802 762 2846 co
823 2804 1021 2865 usque
1065 2804 1558 2869 promes-suram
1609 2784 1855 2851 videtur
1894 2790 1964 2851 ut
2006 2785 2102 2851 vel
2140 2805 2283 2852 con-

322 2866 665 3018 ζιὲπειὲεᾲῖαίίο
714 2868 961 2952 alioqui
997 2872 1367 2955 propediem
1413 2872 1777 2938 renovanda
1832 2872 1905 2937 in
1943 2872 2283 2938 discrimen

322 3127 437 3192 <¹³²1
473 3126 1245 3267 6111110616
1264 3130 1428 3255 a
1463 3128 1724 3252 ‘m
1762 3127 2056 3264 13111
2104 3129 2277 3185 2...

318 3368 486 3434 Viro
543 3369 1107 3451 praestantissimo
1148 3370 1233 3436 D.
1294 3369 1660 3437 Heinricho
1719 3319 2099 3456 Bullingero
2166 3368 2277 3434 do·

580 3455 762 3520 mino
806 3462 874 3520 et
915 3465 1323 3544 symmystae
1365 3455 1825 3523 colendissimo
1881 3477 2017 3523 suo.

493 3625 568 3693 S.
632 3626 888 3711 Scripsi
939 3647 1060 3711 per
1129 3628 1292 3695 civis
1343 3627 1688 3696 cuiusdam
1752 3648 2048 3708 uxorem,
2114 3648 2282 3712 quae

316 3710 760 3779 Zurzachium
817 3714 1108 3796 profecta
1159 3714 1461 3799 promisit
1515 3714 1746 3780 literas
1788 3736 1859 3782 se
1902 3721 2285 3782 curaturam

318 3798 389 3864 111
436 3798 636 3865 aedes
669 3797 758 3865 D.
799 3799 1151 3866 Heinrichi
1205 3800 1544 3868 Lachman.
1632 3799 1821 3883 Quas
1876 3801 1935 3866 si
1976 3799 2285 3884 accepisti

317 3906 481 3970 rogo
540 3885 889 3970 significes.
971 3885 1200 3970 Neque
1259 3887 1436 3953 enim
1497 3886 1698 3953 velim
1741 3885 1853 3953 vel
1896 3906 2007 3952 eas
2047 3885 2159 3953 vel
2201 3885 2283 3951 iis

319 3971 666 4038 adiunctas
706 3970 1120 4039 intercidere.

492 4057 608 4123 Ex
650 4058 876 4123 Berua
907 4062 955 4136 ¹)
998 4065 1066 4123 et
1099 4056 1368 4124 aliunde
1409 4058 1675 4141 accipio,
1710 4057 2107 4143 gravissima
2152 4056 2284 4123 dis-

321 4143 548 4209 cordia
610 4144 789 4209 inter
846 4165 919 4210 se
981 4142 1204 4211 collidi
1261 4144 1678 4210 Genevatem
1742 4154 1812 4208 et
1873 4145 2287 4210 Beruensem

328 4434 605 4558 111011..)
642 4433 1046 4573 ficata.
1070 4434 1459 4559 “mm
1478 4433 1564 4557 ἐξ.
1580 4432 2096 4558 &tam
2055 4432 2128 4557 ⁶¹5
2165 4431 2291 4573 ²32:

326 4573 511 4630 doum
546 4573 795 4628 d'aatrcs
829 4571 1025 4627 details
1058 4588 1158 4626 sur
1191 4587 1277 4628 ces
1310 4569 1503 4627 mimas
1531 4573 1688 4639 faits.
1739 4570 1860 4627 Par
1893 4573 2288 4628 inadveriaacc

328 4641 581 4697 Hditeur
615 4640 689 4697 Pa
723 4641 993 4697 attn‘bue'c
1023 4641 1319 4710 dyalement
1351 4644 1389 4697 ἁ
1423 4641 1680 4696 Labon‘e.

329 4711 513 4766 2281.
539 4710 601 4776 1)
637 4710 728 4764 De
772 4712 864 4764 his
907 4710 1203 4766 discordiis
1248 4710 1328 4766 ad
1377 4727 1444 4764 ea
1488 4726 1629 4779 quae
1681 4724 1855 4777 supra
1906 4710 2020 4763 iau·
2065 4709 2288 4776 saepius

328 4787 748 4837 commorata
788 4782 946 4843 fuere
987 4781 1301 4849 „epm-ime
1341 4780 1460 4834 alia
1505 4785 1848 4835 accesserunt
2070 4779 2288 4832 animos

328 4852 591 4920 uritque
622 4852 1028 4905 exacerbarent.
1101 4848 1353 4903 Maxime
1380 4848 1718 4903 Gemmas
1750 4847 1814 4903 δα
1846 4862 2009 4917 coyro
2037 4846 2287 4914 ferebant

514 4918 825 4974 Ber-nmen
857 4920 968 4974 sibu·
1008 4923 1365 4987 patronatum
1628 4933 1683 4971 m
1715 4917 1778 4970 in
1814 4915 2130 4971 Libertinos
2158 4930 2286 4983 pro-

428 5003 493 5043 os
539 4989 894 5056 arrogabant,
953 4994 1238 5057 praeterea
1290 4987 1425 5042 tales
1476 4987 1538 5040 M
1586 4986 1924 5043 conditiones
1976 4983 2289 5040 renovandi

326 5056 571 5123 faederis
597 5057 983 5182 mmai
1016 5057 1213 5128 quibus
1254 5058 1307 5109 si
1349 5055 1437 5110 2212·
1478 5073 1535 5111 se
1578 5056 1954 5111 submisissent
1992 5055 2112 5120 fere
2145 5052 2282 5135 Ber:

331 5127 585 5181 sensium
735 5127 745 5138 ‘
837 5125 850 5139 ⁶
879 5127 943 5180 in
974 5132 1249 5193 posteram
1280 5125 1531 5190 fuissent.
1594 5124 1837 5179 Tandem
1862 5138 1952 5178 res
1985 5139 2046 5178 co
2071 5122 2287 5178 deamat

332 5201 395 5250 ut
425 5211 596 5266 quum
629 5194 996 5250 Bmensium
1038 5196 1228 5265 leqati,
1275 5195 1376 5264 qm·
1418 5210 1619 5249 novum
1650 5192 1985 5263 praefectum
2030 5192 2288 5247 Tmiaci

331 5266 627 5320 wasta-orn·
658 5273 834 5330 aaut,
864 5280 964 5334 per
986 5266 1171 5320 urbem
1205 5265 1447 5318 &ausin
1466 5263 1674 5326 veneat,
1706 5264 1782 5317 iis
1814 5263 2087 5318 transitus
2119 5276 2283 5329 neca-

334 5339 425 5389 tus
467 5333 660 5400 fuer-it.
732 5331 896 5404 (Rea.
941 5334 1019 5389 da
1058 5333 1288 5388 Comess.
1333 5332 1382 5386 6.
1424 5331 1565 5400 Oct.)
1636 5330 1722 5399 Gr.
1762 5331 1990 5388 Ruchat
2029 5330 2122 5387 vl.
2159 5328 2278 5384 143.

340 5401 594 5460 stechel
623 5402 666 5458 1.
700 5401 824 5459 206.
890 5402 1179 5459 Huadcsh.
1211 5400 1332 5456 299.

2012 469 2178 531 1555
2223 462 2677 531 SEPTEMB.

4218 470 4345 535 746

2390 650 2810 735 respublicae,
2847 674 3053 736 eaque
3084 654 3403 719 nimirum
3433 661 3622 721 tanto
3655 655 4138 738 perniciosiore,
4175 656 4348 741 quod

2392 739 2687 804 societati
2721 740 3105 823 praefinitus
3141 740 3465 806 terminus
3499 741 3570 806 in
3593 741 3956 807 Februario
3992 743 4154 807 anni
4191 764 4346 808 mox

2390 825 2727 907 sequentis
2793 827 3190 892 constitutus
3244 827 3351 904 sit,
3418 833 3496 891 ut
3537 828 3965 893 metuendum
4011 829 4099 894 sit
4138 850 4224 894 ne
4268 851 4348 895 ea

2391 910 2678 991 amplius
2720 912 3039 978 coalescat
3071 913 3231 978 adeo
3274 911 3680 979 exacerbatis
3723 913 4036 997 utrinque
4090 915 4346 980 animis.

2391 995 2541 1076 Quo
2591 997 2841 1063 factum
2898 1006 2999 1063 est
3055 1005 3130 1063 ut
3186 1018 3389 1082 quum
3454 1019 3667 1082 nuper
3721 999 3926 1084 legati
3967 1000 4347 1067 Beruenses

2391 1081 2737 1148 Genevam
2797 1104 2880 1148 ex
2933 1084 3201 1168 negotio
3249 1084 3472 1150 nescio
3513 1105 3641 1168 quo
3683 1085 4036 1163 venissent,
4076 1087 4171 1152 ita
4214 1087 4350 1152 sint

2389 1168 2640 1252 accepti
2694 1177 2771 1234 ut
2820 1169 3077 1235 minore
3134 1191 3285 1236 cum
3329 1171 3545 1255 gratia
3586 1191 3784 1255 quam
3828 1171 3954 1236 hac
3990 1193 4349 1255 nunquam,

2391 1254 2554 1319 adeo
2611 1261 2687 1321 ut
2739 1255 2842 1321 ne‘
2868 1255 3137 1322 salutati
3172 1256 3437 1339 quidem
3480 1257 3616 1321 sint
3659 1276 3699 1321 8
3741 1257 4087 1342 plerisque.
4176 1256 4347 1324 Inde

2391 1348 2619 1406 autem
2672 1339 2743 1405 id
2794 1342 3058 1409 evenire
3112 1343 3404 1421 coniicio,
3449 1342 3626 1426 quod
3668 1343 3750 1409 ob
3795 1343 4155 1409 tumultum
4195 1366 4348 1428 pro-

2389 1426 2533 1510 fugi
2590 1424 2967 1493 Genevates
3018 1428 3281 1494 Bernae
3338 1429 3654 1493 nimirum
3696 1449 3818 1513 per
3863 1430 4161 1513 querelas
4222 1431 4347 1496 im-

2390 1511 2720 1595 pleverint
2783 1513 3262 1597 suspicionibus
3328 1514 3690 1580 multorum
3766 1515 4042 1593 animos,
4110 1516 4348 1599 quibus

2390 1598 2684 1664 vicissim
2721 1606 2789 1664 et
2829 1619 2914 1664 ex
2972 1598 3182 1666 altera
3237 1610 3423 1684 parte
3480 1600 3919 1684 indulgeatur.
4010 1600 4351 1668 (1181181111-

2390 1692 2614 1749 81116111
2672 1706 2875 1769 supra
2929 1683 3199 1750 modum
3272 1685 3590 1767 Calvinus,
3613 1690 3669 1763 ²)
3729 1688 3833 1753 cui
3866 1687 4163 1752 omnium
4205 1688 4346 1753 fere

2392 1769 2714 1835 malorum
2758 1771 2954 1854 culpa
2994 1773 3378 1856 imputatur.
3468 1773 3756 1838 Tantum
3801 1781 4015 1856 potest
4058 1770 4347 1839 Satanas

2390 1865 2700 1922 consueto
2743 1858 3016 1922 artificio
3052 1870 3120 1923 et
3163 1868 3630 1942 stratagemate
3673 1858 3934 1924 hostem
3976 1880 4169 1925 suum
4214 1858 4346 1924 dis-

2389 1942 2723 2027 tinguens.
2784 1941 3009 2024 Quare
3053 1943 3244 2009 bonis
3282 1943 3585 2010 omnibus
3629 1944 3800 2009 serio
3844 1943 4345 2028 advigilandum

2390 2037 2512 2109 est,
2569 2036 2647 2093 ut
2711 2038 3031 2112 quantum
3074 2031 3327 2113 possint
3368 2050 3634 2113 operam
3677 2052 3939 2096 omnem
3983 2030 4067 2095 ad
4111 2031 4344 2097 sedan-

2389 2112 2542 2179 dam
2599 2113 3126 2199 indignationem
3184 2117 3491 2199 utrinque
3544 2126 3927 2201 conceptam
3985 2118 4343 2195 conferant,

2386 2210 2689 2283 recteque
2743 2202 2982 2266 fratres
3036 2202 3413 2267 Beruenses
3468 2222 3618 2267 meo
3669 2202 3911 2269 iudicio
3969 2201 4246 2269 fecerint
4287 2203 4346 2269 61

2387 2287 2851 2371 magistratum
2909 2308 3107 2352 suum
3166 2288 3334 2352 serio
3391 2296 3724 2367 moneant,
3754 2289 3809 2370 Β)
3877 2309 4009 2371 quo
4068 2289 4345 2354 aliorum

2382 2371 2842 2438 infirmitatem
2883 2382 3116 2456 portet,
3142 2373 3405 2440 civilem
3427 2374 3990 2456 christianamque
4033 2375 4343 2440 coniunc-

2386 2459 2634 2523 tionem
2667 2459 2908 2538 foveat,
2954 2468 3134 2525 astus
3179 2458 3417 2524 diaboli
3440 2459 3931 2526 animadvertat
3971 2467 4039 2525 et
4082 2469 4342 2527 caveat:

2385 2545 2500 2627 qui
2555 2546 2611 2609 si
2676 2543 3038 2610 obtinuerit
3099 2553 3172 2610 ut
3225 2546 3389 2611 haec
3449 2545 3728 2612 duarum
3771 2544 4344 2612 celeberrimarum

2386 2629 2653 2696 urbium
2697 2630 2993 2697 solvatur
3037 2629 3534 2711 confoederatio,
3579 2653 3715 2698 non
3758 2653 3995 2716 parum
4032 2640 4210 2698 certe
4254 2631 4340 2697 ad

2386 2715 2808 2783 exercitanda
2860 2715 3200 2782 horribilia
3257 2716 3565 2784 scandala
3624 2718 3986 2795 confecerit,
4036 2717 4343 2784 vulnera-

2386 2823 2514 2885 que
2536 2802 3042 2870 immedicabilia
3076 2803 3388 2869 ecclesiae
3409 2803 3540 2870 Dei
3574 2804 3896 2869 intulerit.
3955 2803 4182 2868 Intera
4201 2823 4347 2887 pre-

2384 2909 2612 2956 cemur
2634 2890 3014 2954 Dominum.
3072 2888 3263 2968 Vale,
3286 2889 3441 2972 quia
3474 2892 3757 2956 nuncius
3800 2889 4084 2956 festinat.
4152 2889 4345 2955 Basi-

2386 2974 2529 3041 leae
2573 2979 2642 3040 3·
2685 2974 3095 3059 Septembris
3139 2996 3311 3042 anno
3362 2981 3545 3041 1555.

3720 3113 3795 3179 Τ.
3834 3112 4168 3180 Sulcerus.

3260 3725 3463 3797 2282.

2863 3878 3364 3946 FARELLUS
3409 3877 3848 3946 OALVINO.

2567 4050 2862 4119 Primum
2914 4051 3139 4118 laudes
3201 4049 3459 4117 Calvina·
3511 4052 3697 4130 canit,
3755 4057 3889 4117 tum
3942 4053 4019 4118 de
4074 4051 4178 4115 lite
4221 4073 4342 4117 sua

2386 4159 2529 4206 cum
2575 4144 2832 4221 pastore
2895 4135 3282 4204 crescentiae
3339 4142 3396 4201 et
3437 4137 3571 4238 alia
3627 4137 3905 4219 quadam
3960 4138 4343 4237 {Iolbraquii

2376 4225 3004 4390 Ροωωαωᾍῖαὲίῗέξζ
3064 4244 3329 4391 m..
3337 4224 3860 4376 &mm
3906 4228 4345 4375 ..Zffissmg

2386 4398 2688 4463 audacter
2731 4401 3127 4480 puryantem.

2391 4568 2503 4634 (Ex
2539 4568 2670 4622 edit.
2706 4568 2883 4622 Besae
2920 4567 3123 4621 Genev.
3158 4585 3213 4638 p.
3254 4565 3370 4634 173,
3418 4567 3579 4620 Laus.
3614 4583 3671 4636 p.
3708 4564 3828 4634 353,
3873 4566 4080 4620 Hauov.
4125 4583 4177 4635 p.
4213 4564 4335 4634 ⁸94,

2892 4637 3105 4691 Ohouet
3137 4654 3192 4706 p.
3226 4634 3347 4702 234,
3384 4637 3558 4690 Amat.
3592 4652 3647 4704 p.
3686 4633 3832 4698 107.)

2557 4808 2725 4876 Plus
2780 4809 2942 4875 satis
3008 4806 3209 4874 habes
3253 4805 3431 4873 unde
3472 4806 3544 4872 in
3586 4806 3782 4873 horas
3824 4806 4228 4892 crucifigaris
4271 4815 4338 4873 et

2386 4892 2565 4961 domi
2624 4903 2690 4960 et
2749 4895 2929 4977 foris,
2987 4902 3066 4960 ut
3122 4915 3285 4977 opus
3343 4913 3478 4959 non
3520 4892 3608 4958 sit
3647 4913 3756 4958 me
3799 4892 3917 4958 tibi
3962 4892 4335 4977 graviorem

2589 5187 2651 5254 2)
2699 5188 2835 5244 Vide
2866 5186 3025 5255 infra
3053 5182 3532 5253 EppAEuuinqm·
3564 5184 3617 5237 d.
3652 5183 3707 5239 d.
3743 5181 3829 5238 28.
3851 5181 3994 5252 Sept.
4029 5189 4082 5237 et
4118 5181 4338 5239 061υώιό

2382 5256 2469 5311 24·
2509 5256 2647 5391 0⁶3)
2695 5325 2892 5380 Verum
2924 5322 3119 5378 horum
3153 5322 3502 5377 autoritatem
3536 5321 3694 5391 apud
3726 5327 3972 5377 senatum
3997 5337 4203 5393 parunt
4237 5337 4332 5378 va·

2382 5396 2567 5463 luisse,
2601 5393 2754 5451 testis
2785 5399 2867 5448 cst
2899 5390 3164 5446 Hallems
3196 5390 3275 5446 N.
3308 5389 3463 5445 2263.
