4850 6200
456 428 590 497 471

519 614 690 685 nelle
731 612 979 700 qualite
1012 610 1188 697 quilz
1234 609 1467 689 soient,
1526 607 1739 675 soient
1779 604 2056 673 Italiens
2096 603 2418 671 Franoois

456 638 795 771 alemans
835 722 920 766 ou
962 696 1197 765 dautre
1240 696 1464 762 nation
1522 714 1650 779 que
1705 714 1780 761 ce
1837 691 1978 771 soit,
2036 711 2164 775 que
2225 690 2415 757 ioeux

470 809 548 857 se
592 787 861 855 doivent
901 783 1252 868 depourter
1295 780 1377 849 de
1432 800 1507 847 ce
1549 801 1677 864 que
1721 776 1953 845 dessus
1998 788 2066 844 et
2108 798 2225 861 soy
2270 796 2418 842 con·

475 884 695 941 tenter
717 871 830 939 des
863 866 1262 938 ceremonias
1296 885 1549 934 comme
1593 863 1818 932 dessus
1842 872 1941 931 est
1985 861 2118 928 dict
2151 863 2416 944 iusques

473 980 519 1026 a
559 966 827 1059 present
844 958 1067 1023 iouxte
1110 952 1179 1020 la
1197 952 1617 1020 reformation
1661 950 1742 1016 de
1784 970 1907 1016 noz
1931 947 2416 1014 tresredoubtez

475 1066 740 1133 princes
782 1064 863 1109 en
919 1048 1142 1107 nostre
1191 1039 1345 1106 ville
1389 1038 1631 1105 usitees
1673 1043 1740 1104 et
1793 1034 2014 1103 icelles
2072 1033 2247 1099 tenir
2301 1033 2418 1100 ob·

475 1152 702 1199 server
744 1136 812 1196 et
851 1125 1135 1194 d’icelles
1175 1146 1295 1193 sen
1350 1132 1716 1192 contenter:
1763 1119 2121 1188 declairons
2176 1139 2217 1183 a
2270 1128 2419 1185 tous

477 1236 600 1283 nos
641 1212 1097 1299 stipendiaires
1140 1220 1210 1277 et
1231 1218 1453 1277 autres
1474 1230 1597 1293 que
1621 1209 1676 1273 si
1721 1207 1912 1274 iceux
1935 1210 2419 1290 transgressam,

475 1311 700 1369 nostre
734 1299 872 1365 dict
908 1305 1181 1397 present
1213 1295 1780 1362 commandement
1822 1293 1907 1357 ilz
1942 1305 2164 1358 serent
2198 1292 2418 1374 prives

475 1385 557 1453 de
600 1386 775 1453 leurs
818 1404 1044 1484 galges
1066 1392 1133 1448 et
1173 1382 1309 1449 s’ils
1344 1390 1495 1449 sont
1537 1390 1753 1447 estran
1802 1400 1907 1445 ers
1942 1388 2162 1445 seront
2183 1376 2418 1443 bannis

474 1470 558 1539 de
600 1482 822 1539 nostre
867 1468 1234 1555 seigneurie
1277 1476 1343 1535 et
1386 1466 1644 1533 limites.
1810 1475 1836 1530 t
1891 1473 2099 1548 quant
2155 1484 2195 1528 a
2248 1484 2417 1529 ceux

519 1558 590 1623 ui
631 1564 781 1623 sont
823 1555 939 1622 des
994 1557 1137 1639 pais
1193 1551 1273 1620 de
1326 1574 1450 1620 noz
1502 1549 1985 1619 tresredoubtes
2036 1550 2295 1634 princes
2350 1557 2418 1615 et

472 1578 559 1709 ὅτ
603 1650 1091 1728 transgressent
1132 1646 1357 1705 nostre
1398 1636 1534 1705 dict
1578 1634 2140 1704 commandement
2196 1646 2418 1701 seront

474 1729 637 1797 cites
748 1751 823 1795 ar
888 1726 1136 1793 devant
1198 1747 1324 1791 eux
1390 1746 1431 1790 a
1473 1724 1693 1789 Berne
1750 1743 1913 1806 pour
1955 1743 2069 1788 sur
2132 1743 2205 1786 ce
2270 1721 2416 1787 illec

475 1826 676 1881 enten
724 1836 794 1880 re
861 1813 1005 1879 leur
1071 1813 1198 1878 bon
1263 1810 1530 1877 vouloir.
1641 1810 1830 1876 Donc
1894 1829 2030 1893 ung
2082 1806 2417 1892 chascung

472 1921 594 2050 foy
642 1899 836 1966 sache
878 1897 1209 1965 conduire.
1298 1898 1509 1963 Datae
1543 1895 1604 1962 le
1647 1894 1885 1962 second
1927 1894 2075 1960 iour
2119 1892 2198 1958 de
2243 1912 2416 1959 mars

501 1990 607 2051 ’an
663 1990 839 2049 1556.

1537 2117 1854 2184 Francois
1899 2115 2240 2201 Gigniliat.

1344 2728 1534 2801 ²182.

875 2882 1531 2952 BULLINGERUS
1577 2882 2009 2951 CALVINO.

643 3056 1085 3140 Defensionem
1141 3056 1273 3122 iam
1326 3074 1616 3122 excusam
1686 3053 1890 3134 mittit,
1956 3053 2272 3122 auxilium
2344 3056 2413 3122 im

469 3143 890 3210 controversia
919 3141 1184 3208 ulterius
1219 3142 1578 3207 sustinenda
1605 3141 1952 3222 pollicetur,
1993 3143 2182 3207 sinml
2210 3147 2415 3209 tamen

473 3230 756 3296 hortatur
800 3228 884 3292 ad
915 3228 1288 3310 patientiam
1331 3232 1388 3292 et
1429 3228 1631 3293 animi
1674 3227 2203 3310 tranquillitatem.

473 3397 890 3522 §Antogrsphon
925 3403 1106 3452 exstat
1149 3396 1204 3451 in
1241 3395 1371 3450 Cod.
1410 3396 1608 3452 Genev.
1643 3396 1761 3465 114,
1805 3397 1894 3452 fol.
1931 3397 2014 3452 85.
2207 3399 2415 3470 grapha

515 3469 642 3522 abes
677 3467 733 3520 in
771 3467 901 3520 Cod.
946 3465 1081 3532 111„
1119 3465 1208 3520 sol.
1244 3463 1361 3530 226,
1399 3466 1454 3518 in
1491 3467 1538 3519 E
1577 3483 1630 3548 p.
1665 3467 1826 3520 Bern.
1865 3466 1959 3520 vl.
1996 3484 2048 3536 p.
2082 3400 2207 3535 ἓῶῗ
2237 3477 2294 3522 et
2327 3469 2413 3522 bis

474 3553 561 3606 ap.
602 3537 886 3591 Simlernm
925 3534 1042 3588 vol.
1077 3532 1143 3588 84
1180 3540 1238 3588 et
1269 3532 1475 3589 vomo
1507 3552 1541 3587 u
1581 3553 1596 3588 1
1631 3535 1867 3590 refertur
1902 3536 1968 3589 ad
2003 3554 2075 3589 m.
2111 3536 2249 3591 Nov.
2279 3535 2413 3590 1553

905 3605 998 3658 sed
1035 3619 1141 3657 non
1177 3605 1391 3672 integra
1424 3610 1481 3658 et
1515 3604 1568 3659 in
1603 3605 1707 3660 fine
1744 3607 1976 3668 manca.)

474 3773 857 3842 Clarissimo
905 3777 1045 3841 viro
1090 3777 1170 3841 D.
1215 3775 1448 3841 Ioanni
1505 3775 1779 3842 Calvino
1837 3775 2015 3842 fideli
2061 3776 2409 3843 Geneven-

473 3862 640 3928 sium
722 3863 964 3947 pastori
1041 3860 1303 3962 domino
1380 3862 1755 3959 honorando
1835 3871 1904 3927 et
1961 3862 2148 3928 fratri
2216 3861 2410 3946 longe

1174 3966 1505 4014 carissimo
1549 3968 1710 4014 meo.

645 4117 713 4184 S.
759 4119 841 4184 D.
898 4119 1092 4198 Tuas,
1139 4119 1356 4196 frater,
1401 4121 1925 4201 exoptatissimus
1978 4119 2214 4203 alioqui
2262 4118 2408 4186 lite-

473 4223 582 4306 ras
611 4205 661 4288 ⁸)
711 4225 948 4354 magno
1006 4225 1154 4271 cum
1212 4202 1430 4270 dolore
1483 4204 1630 4290 legi,
1688 4227 1900 4290 neque
1957 4213 2174 4272 tamen
2233 4227 2409 4274 nuno

473 4309 757 4374 primum

470 4385 713 4454 nostro,
750 4374 906 4460 quid
953 4373 1218 4460 quidam
1259 4375 1464 4442 moliti
1520 4377 1655 4442 sint
1700 4386 1767 4443 et
1809 4386 2054 4462 quanta
2093 4378 2409 4463 importu-

473 4462 677 4528 nitate
742 4461 1158 4538 insanierint,
1229 4459 1506 4546 denique
1563 4461 1718 4545 quid
1777 4473 1997 4530 actum
2053 4464 2164 4544 sit,
2215 4464 2410 4530 intel-

469 4547 621 4614 lexi.
645 4551 701 4620 ²)
789 4547 1138 4632 Quumque
1185 4547 1517 4614 Hallerum
1574 4549 1674 4614 sui
1720 4547 2133 4616 admonerem
2189 4549 2407 4628 officii,

472 4633 532 4700 is
590 4635 682 4700 ita
740 4653 809 4698 se
865 4633 1177 4719 purg-avit
1219 4641 1294 4698 ut
1339 4631 1608 4700 viderim
1668 4635 1883 4718 palam
1928 4634 2188 4703 aliunde
2238 4635 2409 4702 hanc

472 4718 711 4786 oboriri
757 4729 1230 4802 tempestatem,
1266 4719 1456 4786 sicuti
1501 4731 1568 4785 et
1621 4735 1688 4787 te
1730 4723 2106 4789 observasse
2150 4743 2230 4788 ex
2275 4722 2408 4788 tuis

473 4805 682 4872 literis
724 4804 976 4889 colligo.
1064 4808 1228 4891 Age,
1287 4807 1376 4871 mi
1430 4804 1704 4885 Calvino,
1759 4806 2136 4874 honorande
2184 4809 2407 4886 frater,

555 4893 795 4956 tienter
835 4891 1139 4970 feramus,
1183 4911 1604 4976 quaecunque
1637 4893 2021 4977 imposuerit
2063 4891 2410 4958 baiulanda

540 4977 816 5042 ominus.
922 4975 1029 5042 lta
1069 4987 1227 5043 sunt
1267 4985 1579 5063 tempora,
1637 4978 1801 5046 tales
1855 4987 2014 5046 sunt
2071 4978 2408 5043 hominum

472 5061 646 5128 male
688 5071 1022 5146 gratorum
1068 5083 1300 5142 mores,
1342 5083 1381 5130 a
1419 5064 1654 5131 talibus
1690 5085 1821 5130 non
1866 5063 1995 5130 alia
2030 5071 2408 5146 exspectare

467 5265 654 5322 aaa.
685 5265 743 5334 ι)
778 5265 856 5322 Ν.
890 5265 1044 5321 2120.

674 5333 736 5402 a)
770 5333 848 5390 zv.
886 5333 1038 5390 2124.
1111 5334 1384 5406 Lag-cm
1417 5335 1483 5392 a·
1515 5332 1810 5402 mm,
1845 5335 2051 5406 Anao
2083 5341 2135 5391 α
2163 5334 2403 5394 Bam

1927 414 2449 486 EPIS'POLAE
2493 417 2917 481 2131—2134

4332 411 4465 477 4⁷2

2519 620 2882 685 possumus.
2980 599 3200 666 Audio
3254 621 3363 669 me
3402 622 3661 688 qnoque
3714 597 3887 685 apud
3930 597 4260 677 Ber-nates,
4312 619 4462 667 nes-

2519 687 2622 753 cio
2644 686 2938 770 aquibus
2959 685 3141 752 falsis
3162 684 3451 754 delatum
3472 685 3803 765 trau-ibus,
3826 684 4053 752 audire
4071 685 4383 769 pessime:
4405 684 4461 772 ⁸)

2521 772 2784 839 auxisse
2839 773 3026 837 aiunt
3078 770 3298 840 odium
3354 776 3484 841 mei
3537 773 4029 841 Mammium
4098 776 4466 852 causam.⁴)

2521 858 2666 943 Ego
2733 856 2857 925 hoc
2913 857 3293 925 universum
3366 858 3749 927 commendo
3812 856 4139 937 Domino,
4192 878 4465 925 securus

2520 944 2662 1011 eius
2703 944 2921 1028 gratia
2960 956 3199 1011 mente.
3301 943 3457 1012 Scio
3495 965 3605 1012 me
3644 944 3776 1013 illis
3818 944 4041 1011 favere
4082 963 4167 1008 ex
4222 945 4461 1024 animo,

2522 1030 2655 1096 scio
2718 1028 2878 1114 quid
2941 1030 3189 1115 egerim
3254 1042 3321 1097 et
3382 1030 3835 1116 spectaverim.
3954 1026 4295 1096 Videbunt
4361 1029 4460 1095 illi

2522 1136 2776 1266 quoque
2807 1114 3171 1200 aliquande,
3215 1120 3326 1200 qni
3369 1139 3545 1184 nunc
3568 1116 3881 1183 conviciis
3922 1136 4029 1180 me
4051 1112 4459 1199 adoperiam,

2522 1221 2643 1268 can
2690 1201 2793 1268 ide
2857 1223 2894 1267 e
2943 1202 2958 1216 '
3134 1222 3241 1269 me
3297 1211 3365 1268 et
3427 1203 3713 1269 amicum
3776 1203 4063 1286 ipsorum
4107 1221 4268 1266 esse.
4366 1200 4461 1269 'I'e

2520 1308 2773 1371 quoque
2923 1287 3182 1366 hortor,
3248 1288 3520 1355 colende
3575 1288 3837 1355 domine
3879 1298 3946 1352 et
4001 1288 4207 1352 frater
4262 1287 4461 1353 caris-

2522 1373 2719 1450 sime,
2780 1384 2854 1438 ut
2909 1373 3263 1457 tranquillo
3319 1374 3539 1441 animo
3593 1374 3714 1440 hos
3771 1373 4099 1440 sustineas
4154 1372 4460 1457 impetus.

2522 1457 2670 1525 Seis
2714 1479 2878 1543 quae
2922 1460 3265 1525 evenerint
3307 1460 3615 1526 salvatori
3659 1470 3885 1527 nostro
3949 1480 3990 1524 a
4060 1468 4257 1542 gente
4311 1480 4452 1525 sna.

2521 1542 2669 1611 Scis
2712 1544 3073 1628 apostolum
3133 1547 3406 1629 gravius
3458 1554 3886 1630 conquestum
3943 1543 4146 1611 fuisse
4201 1542 4283 1610 de
4336 1543 4459 1610 fal-

2520 1652 2742 1698 sorum
2786 1631 3063 1696 fratrum
3121 1630 3396 1715 perfidia
3447 1651 3646 1716 quam
3689 1631 3770 1697 de
3823 1630 4108 1696 hostium
4153 1630 4463 1697 manifes-

2521 1726 2737 1782 torum
2824 1717 3082 1781 iniuria.
3205 1717 3624 1784 Vincendum
3701 1716 3888 1783 nobis
3965 1717 4333 1782 constantia
4391 1724 4461 1781 et

2518 1802 2852 1886 patientia.
2912 1801 3223 1868 Dandum
3264 1804 3461 1869 etiam
3508 1803 3787 1887 tempori
3829 1824 3960 1868 non
4002 1821 4240 1885 parum
4283 1803 4460 1885 quod

2517 1898 2885 1972 opportune
2918 1887 3169 1953 revelat
3211 1889 3604 1956 abscondita.
3695 1886 3831 1955 Sed
3874 1898 3974 1954 est
4005 1889 4461 1971 opportunitas

2518 1974 2590 2038 in
2630 1995 2702 2038 re
2789 1974 2980 2039 uavis
3017 1975 3293 2058 optima:
3354 1976 3474 2040 niti
3534 1986 3761 2040 contra
3808 1975 4051 2039 flumen
4109 1973 4457 2039 adversum

2517 2059 2735 2142 impru
2782 2060 3029 2124 entium
3073 2068 3190 2125 est.
3293 2060 3528 2126 Ruunt
3569 2082 3698 2127 non
3745 2082 3894 2125 raro
3936 2058 4293 2125 adversarii
4337 2081 4458 2125 sua

2517 2145 2725 2227 ipsius
2744 2148 2797 2221 ὅ)
2863 2145 3035 2211 mole
3112 2149 3434 2231 oppressi:
3529 2149 3906 2230 importuna
3974 2146 4459 2229 oppugnatione

2516 2229 3039 2314 frequentissime
3122 2232 3456 2297 iuvantur.
3588 2231 3969 2316 Cogitemus
4054 2252 4211 2315 ergo
4296 2229 4457 2297 illud

2515 2315 2857 2382 salvatoris
2902 2318 3137 2382 nostri:
3249 2318 3422 2385 Ecce
3465 2339 3584 2403 ego
3640 2319 3831 2382 mitto
3876 2339 3991 2383 vos
4034 2317 4107 2381 in
4165 2316 4457 2382 medium

2517 2401 2838 2485 luporum,
2884 2411 3091 2468 estote
3132 2403 3335 2488 igitur
3392 2404 3748 2487 prudentes
3791 2404 3959 2470 sicut
4000 2414 4337 2486 serpentes
4394 2411 4461 2468 et

2516 2487 2839 2570 simplices
2896 2488 3064 2554 sicut
3127 2488 3478 2556 columbae.
3590 2488 3873 2556 oremus
3936 2487 4189 2563 sedule,
4254 2488 4459 2555 simus

2518 2572 2829 2656 intrepidi
2871 2574 2939 2639 in
2985 2573 3198 2641 officio
3234 2585 3474 2642 nostro.
3566 2576 3888 2641 Dominus
3933 2573 4146 2640 aderit
4188 2575 4390 2640 nobis.

2687 2658 2912 2725 Habes
2953 2657 3061 2724 hio
3104 2659 3542 2728 defensionem
3586 2671 3784 2740 tuam,
3829 2662 3961 2726 imo
3984 2669 4298 2739 nostram,
4343 2680 4457 2727 ex-

2517 2764 2739 2811 cusam
2783 2764 2823 2809 a
2867 2743 3283 2812 Froschovero
3326 2757 3568 2825 nostro,
3596 2747 3650 2831 ⁸)
3694 2748 3800 2811 cui
3842 2767 3963 2831 ego
4007 2745 4252 2812 subieci
4293 2746 4460 2830 epis-

2518 2830 2734 2895 tolam.
2822 2830 3049 2897 Parati
3092 2832 3267 2897 enim
3311 2854 3539 2899 sumus
3572 2833 3888 2916 impetum
3933 2831 4460 2898 adversariorum

2518 2937 2654 2981 una
2695 2924 2944 2997 tecum,
3009 2917 3295 2983 Domino
3340 2940 3456 2985 nos
3500 2917 3867 2997 adiuvante,
3915 2918 4229 3001 excipere.
4318 2919 4458 2985 Ab·

2519 3000 2865 3068 horremus
2886 3022 2925 3067 a
2947 3024 3185 3088 pugna.
3225 3002 3575 3070 Caeterum
3604 3004 3661 3070 si
3680 3004 3872 3070 aliter
3904 3004 4046 3069 fieri
4069 3024 4200 3069 non
4224 3013 4457 3087 potest,

2519 3086 2833 3173 precibus,
2872 3087 3069 3154 verbo
3137 3088 3389 3157 Christi
3444 3101 3511 3157 et
3587 3090 3835 3157 auxilio
3906 3091 4034 3156 Dei
4092 3090 4332 3155 firmati
4388 3105 4457 3157 et

2519 3174 2754 3239 armati
2797 3173 3159 3241 subsidium
3196 3177 3314 3242 tibi
3346 3176 3634 3243 feremus
3668 3192 3735 3242 et
3776 3176 4038 3244 veritati
4072 3198 4192 3260 pro
4236 3191 4458 3243 nostra

2518 3259 2693 3325 virili
2749 3260 3317 3343 patrocinabimur.
3429 3261 3713 3329 Oramus
3768 3263 4033 3327 interim
4091 3263 4454 3328 Dominum

2518 3357 2592 3409 ut
2645 3365 2873 3430 pacem
2926 3345 3240 3413 concedat
3293 3361 3362 3413 et
3416 3368 3644 3414 omnes
3710 3348 3923 3434 sopiat
3987 3351 4451 3414 contentiones.

2515 3429 2826 3497 Salutant
2868 3442 2932 3495 te
2967 3432 3205 3498 fratres
3240 3453 3498 3500 omnes:
3545 3434 3856 3500 salutabis
3900 3444 3975 3498 tu
4010 3435 4196 3501 nobis
4231 3456 4455 3500 omnes

2514 3516 2750 3583 fratres
2816 3526 2884 3582 et
2936 3527 3350 3603 symmystas.
3470 3519 3905 3604 Iqsmannus
3924 3522 3980 3603 ⁷)
4039 3519 4314 3585 feliciter
4370 3520 4453 3586 ad

2513 3624 2629 3668 nos
2672 3604 2990 3687 pervenit,
3034 3605 3140 3669 vir
3182 3603 3459 3689 simplex
3506 3614 3573 3670 et
3606 3606 3768 3689 pius.
3831 3603 4038 3672 Dabit
4081 3605 4245 3670 mihi
4286 3628 4455 3689 quae

2512 3710 2552 3754 a
2596 3696 2661 3755 te
2704 3690 2971 3773 accepit.
3074 3691 3220 3777 Ego
3264 3693 3356 3755 ita
3399 3690 3477 3758 ad
3526 3693 3939 3776 quaestiones
3982 3691 4181 3756 illas*
4224 3701 4288 3756 te
4348 3713 4453 3758 re-

2512 3775 2853 3858 spondisse
2875 3774 3160 3841 arbitror
3192 3787 3264 3842 ut
3309 3778 3472 3843 meis
3515 3777 3677 3843 nihil
3724 3799 3888 3862 opus
3933 3778 4019 3841 sit
4059 3777 4455 3843 lucubratio-

2510 3860 2721 3927 nibus.
2812 3863 3141 3928 Dominus
3162 3862 3370 3929 ‘Iesus
3424 3863 3768 3930 confirmet
3811 3875 3877 3929 et
3939 3873 4161 3929 servet
4223 3877 4287 3928 te
4340 3865 4452 3930 diu

2509 3946 2900 4013 incolumem
2937 3968 3092 4016 suae
3114 3948 3441 4016 ecclesiae.
3497 3950 3947 4015 Locarnenses
3980 3950 4112 4013 iam
4144 3951 4450 4034 migrant.

2511 4030 2716 4100 Orate
2759 4052 2876 4116 pro
2922 4035 3032 4100 eis.
3123 4035 3350 4119 'figuti
3397 4039 3453 4099 3.
3502 4035 3731 4101 Martii
3772 4035 3844 4101 A.
3902 4041 4079 4101 1555.

3221 4173 3404 4239 Tuus
3446 4192 3530 4239 ex
3574 4174 3792 4240 animo
3834 4172 4277 4258 Bullingerus.

862 4290 1037 4358 olere
1096 4290 1352 4374 incipio.
1451 4290 1720 4357 Dudum
1775 4292 1951 4357 enim
2007 4313 2089 4357 ex
2149 4290 2410 4359 Hellem
2516 4297 2527 4302 “
2578 4297 2605 4302 “

2711 4440 2768 4508 3)
2808 4440 2895 4496 De
2926 4441 3015 4498 Ιώ
3048 4443 3185 4499 ahts·
3214 4444 3370 4499 πίλα.

2504 4510 2905 4703 fmffi
2945 4512 4155 4651 mammaeam
4173 4517 4454 4654 m

2679 4650 2775 4799 'ei
2810 4665 2859 4702 ⁸⁸
2933 4758 2945 4773 .
3005 4717 3146 4773 rom.
3194 4718 3304 4774 [Χ.
3346 4720 3583 4791 pram.
3634 4721 3712 4775 ιδ.
3786 4721 4094 4792 Epidau-
4140 4721 4457 4794 Ruunt-qa·-

2509 4799 2772 4918 “pm'fo
2806 4785 3186 4911 rei-fagit..
3260 4857 3368 4922 (Ν.
3400 4857 3553 4911 2110.
3585 4857 3766 4926 2120.)
