4850 6200
338 449 459 513 473

1201 636 1404 709 ειη.
1823 704 1830 709 .

443 746 968 860 comunes
1021 791 1143 859 m·
1186 790 1695 860 ammos
1739 789 2171 860 cumo,

514 963 715 1030 Suum
743 969 798 1030 d
822 962 1195 1049 οοῑῑοραηωκ
1220 962 1498 1030 omnium
1529 960 1836 1031 Rhodiae
1854 963 2283 1030 ministrorum

338 1049 676 1151 calcuulus·
720 1050 1034 1150 adiiciunt
1095 1068 1373 1201 num
1448 1049 1854 1150 declarati-orgi
1926 1048 2001 1115 de
2064 1070 2278 1150 sucro·

341 1141 575 1215 mus,
614 1135 809 1201 ,πνοαὶ
842 1139 1144 1202 numani
1393 1134 1694 1221 evanyelu
1728 1134 1820 1201 sb·
1851 1141 1911 1200 et
1939 1157 2010 1201 m
2044 1157 2278 1202 omma

331 1242 717 1307 proptrea-us,

339 1392 830 1516 &autographo
877 1392 1088 1448 Gallitii
1133 1392 1190 1447 in
1229 1392 1393 1447 Areh.
1429 1392 1605 1447 Turio.
1653 1391 1782 1446 olim
1827 1391 2001 1474 scrin,
2035 1392 2096 1446 Β.
2135 1392 2277 1463 app.

543 1498 557 1511 .
592 1479 738 1543 nnnc
754 1461 901 1517 Plut.
921 1461 1020 1517 VI.
1056 1460 1181 1516 Vol.
1200 1460 1318 1527 loe,
1353 1462 1445 1517 fol.
1477 1459 1582 1514 688
1597 1461 1741 1514 unde
1773 1467 2005 1530 sumpnt
2020 1461 2280 1515 simlerus

338 1529 553 1680 vm&
487 1529 577 1586 ⁸⁴·
644 1529 2020 1683 {arama-warram&
2038 1529 2139 1681 ,a
2154 1530 2279 1669 x

339 1674 504 1722 tauns
555 1666 797 1724 calmo.
869 1668 1234 1722 Descnblmns
1287 1667 1601 1722 Genevense
1653 1684 1846 1736 exemp
1900 1685 1952 1733 r,
2007 1674 2277 1723 variantes

338 1735 656 1791 Turieenses
703 1738 931 1806 margini
976 1742 1334 1790 mervantes.
1403 1736 1507 1790 Est
1550 1737 1694 1789 enim
1730 1735 2024 1790 Turicense
2071 1753 2277 1790 merum

556 1807 782 1860 alterins
815 1805 1167 1875 apographon
1203 1806 1260 1859 in
1293 1821 1446 1858 usum
1483 1805 1777 1875 Bullingeri
1810 1804 2056 1869 factum)

504 1976 762 2043 Pietate
798 1977 1160 2043 christiana
1190 1985 1259 2042 et
1293 1975 1657 2043 eruditione
1689 1975 2064 2044 omnimoda
2085 1976 2278 2063 longe

338 2061 693 2129 clarissimo
738 2063 880 2129 viro
925 2064 1008 2129 D.
1032 2062 1267 2128 Ioanni
1291 2063 1571 2128 Calvino
1616 2063 1876 2128 domino
1919 2084 2037 2128 suo
2060 2062 2275 2128 colen-

338 2147 601 2214 dissimo
656 2148 908 2215 Christi
982 2149 1398 2233 evangelium
1457 2148 1774 2215 Genevae
1843 2169 1961 2232 per
2015 2169 2276 2216 omnem

337 2245 576 2300 terram
620 2233 1041 2318 praedicanti.

500 2506 678 2574 Vere
744 2529 981 2593 magno
1064 2508 1210 2574 viro
1283 2508 1367 2575 D.
1445 2508 1829 2595 Heinrycho
1892 2509 2276 2596 Bullingero

333 2591 596 2659 domino
641 2615 759 2660 suo
803 2595 994 2660 bonis
1027 2593 1330 2659 omnibus
1365 2594 1841 2663 colendissimo,

497 2901 570 2967 S.
638 2899 916 2967 Librum
955 2900 1036 2967 de
1058 2903 1500 2979 sacramentis,
1531 2906 1577 2983 ¹)
1665 2924 1813 2968 uem
1839 2902 2026 2969 nobis
2070 2903 2268 2970 etiam

331 2985 633 3054 dedicare
689 3007 760 3053 es
826 2986 1165 3071 dignatus,
1232 2987 1314 3053 ad
1379 3007 1501 3053 nos
1568 2989 1743 3052 m1sit
1807 2989 2276 3056 officiosissime

328 3073 694 3139 eommunis
736 3073 807 3139 in
852 3071 1138 3139 Domino
1173 3072 1360 3140 nobis
1403 3072 1605 3140 frater
1640 3084 1706 3139 et
1745 3075 1930 3141 bonis
1970 3077 2273 3143 omnibus

323 3158 522 3245 longe
565 3157 1085 3236 colendissimus,
1128 3162 1342 3224 omnis
1386 3171 1452 3224 et
1495 3161 1753 3243 pietatis
1789 3171 1857 3226 et
1891 3160 2275 3230 eruditionis

325 3246 597 3311 nomine
687 3244 1113 3330 Heinrychus
1201 3245 1629 3329 Bullinyerue.
1763 3248 2041 3331 Agimus
2118 3258 2274 3316 tuae

325 3330 724 3397 humanitati
802 3331 1049 3416 gratias
1137 3332 1535 3397 immortales
1615 3353 1733 3416 pro
1811 3333 2057 3401 honore
2145 3356 2270 3418 quo

323 3418 606 3500 patriam
674 3436 750 3482 ac
813 3438 934 3482 nos
1000 3415 1337 3484 decorasti.
1450 3418 1692 3483 Nostra
1749 3421 1921 3484 enim
1987 3420 2271 3501 nomina,

321 3504 579 3569 etiamsi
621 3501 916 3582 humilia,
962 3513 1038 3567 tu
1082 3502 1736 3570 honorificentissime
1779 3507 1985 3588 ponis.
2054 3506 2275 3574 Maius

317 3597 543 3654 tamen
590 3589 678 3656 sit
723 3608 762 3652 a
809 3587 896 3653 ud
939 3589 1078 3671 pios
1121 3610 1365 3669 omnes,
1423 3590 1592 3674 quod
1637 3593 1812 3656 inter
1845 3590 2275 3659 *fidelissimas

319 3674 633 3741 ecclesias
654 3674 713 3755 ²)
824 3675 1028 3739 omini
1073 3685 1138 3740 et
1181 3677 1535 3741 servatoris
1573 3677 1780 3740 nostri
1822 3677 1977 3743 Iesu
2022 3677 2274 3744 Christi

319 3759 632 3844 (pereant
673 3760 828 3825 huie
868 3762 1349 3845 repugnantes!
1376 3765 1432 3845 ⁸)
1492 3771 1749 3827 nostras
1807 3785 2274 3831 commemoras

319 3845 389 3910 in
435 3866 645 3930 parvo
688 3844 953 3928 quidem
996 3865 1224 3930 opero,
1266 3846 1382 3913 sed
1427 3848 1594 3912 nihil
1639 3849 1859 3913 minus
1901 3870 2096 3932 quam
2142 3873 2273 3915 non

317 3932 493 3997 serio
534 3930 1052 4016 gravissimoque
1141 3954 1214 3997 ro
1257 3954 1383 4016 quo
1429 3944 1604 3999 totus
1642 3934 1892 4000 Christi
1935 3935 2109 4001 orbis
2156 3936 2274 4002 tibi

317 4015 586 4084 debebit
619 4026 980 4083 aeteruum.
1126 4019 1647 4085 onsultissimum
1680 4020 1999 4105 longeque
2043 4020 2272 4089 utilius

315 4100 451 4169 fuit
473 4108 529 4181 ⁴)
575 4113 642 4168 te
684 4102 848 4170 haec
869 4104 1207 4187 scripsisse
1251 4126 1444 4190 quam
1469 4106 1934 4190 Tigurinorum
1956 4107 2270 4191 aliquem:

313 4188 498 4271 quod
538 4210 868 4273 nusquam
912 4211 1042 4255 non
1075 4190 1340 4275 gloriari
1386 4190 1652 4275 quidam
1694 4192 1764 4256 in
1799 4201 1864 4257 te
1908 4190 2272 4273 videantur,

312 4272 576 4358 sibique
619 4276 915 4340 maxima
938 4278 992 4356 ⁸)
1037 4276 1253 4342 nescio
1296 4297 1465 4360 quae
1508 4277 1800 4360 polliceri
1861 4278 1940 4343 de
1998 4288 2064 4345 te
2118 4300 2272 4345 eon-

309 4369 424 4426 tra
467 4379 608 4426 nos.

493 4445 589 4513 Ut
609 4455 836 4512 autem
859 4467 1082 4513 rerum
1117 4455 1490 4514 nostrarum
1528 4450 1650 4515 fias
1684 4448 1898 4516 adhuc
1940 4452 2195 4532 certior,
2217 4456 2271 4528 ⁸)

315 4540 385 4596 et
441 4532 516 4597 in
559 4532 1054 4599 existimatione
1096 4532 1212 4598 illa
1255 4534 1459 4599 nostri
1501 4544 1773 4619 pentes,
1821 4536 1988 4601 scias
2047 4558 2274 4602 omnes

311 4618 648 4698 ecclesias,
694 4638 972 4702 quarum
1015 4639 1194 4684 nunc
1235 4621 1442 4685 maior
1504 4642 1660 4705 pars
1713 4642 1938 4687 sumus
1980 4643 2098 4705 per
2138 4624 2272 4689 Do·

305 4704 595 4782 minum,
638 4704 713 4769 in
758 4702 969 4770 tribus
1015 4705 1331 4770 Rhaetiae
1346 4706 1405 4789 ⁷)
1461 4707 1828 4774 foederibus
1884 4707 2148 4774 credere
2204 4717 2273 4773 et

306 4975 501 5032 maa.
531 4975 593 5042 1)
627 4973 692 5030 D
745 4977 1015 5032 eudonem
1048 4984 1245 5034 contra
1288 4976 1673 5048 mehalan.

525 5043 587 5110 2)
624 5060 717 5100 ecc
739 5045 880 5100 esino
913 5061 1016 5102 om.
1059 5045 1185 5102 Tur.

487 5161 494 5166 .
525 5111 586 5175 8)
622 5119 855 5196 pereant
887 5116 980 5196 qni
1016 5114 1142 5169 huic
1174 5121 1498 5186 repugnant,
1535 5116 1790 5172 ecclesias
1834 5117 1961 5174 ister.

526 5182 588 5318 43
618 5183 1075 5238 conuultmmnum
1111 5184 1216 5238 fuit
1247 5185 1527 5256 multoque
1564 5185 1752 5240 utilius
1798 5185 1926 5241 Tur.

527 5250 589 5456 ἓξ
619 5269 1030 5446 confi-gin&
1062 5252 1395 5447 οἱῖιῖἒῗῦυ
1440 5321 1569 5378 str.

2088 453 2251 516 1555
2290 447 2575 517 MART.

4191 451 4317 514 474

2381 658 2496 703 ore
2548 635 2741 703 fateri
2798 658 2948 715 uno,
3007 636 3350 704 Christum
3406 634 3767 702 Dominum
3822 657 4017 703 carne
4076 655 4197 702 sua
4247 637 4318 704 in

2379 721 2577 790 coelis
2620 743 2762 789 esse
2805 721 2888 787 ad
2932 722 3269 788 dexteram
3312 722 3615 805 patriast)
3659 743 3734 788 ac
3770 741 3899 788 non
3937 721 4064 787 alio
4098 721 4317 806 aliquo

2379 809 2450 874 in
2492 808 2633 875 loco
2676 809 2746 875 in
2788 808 3000 887 terris,
3044 818 3453 875 sacramenta
3502 827 3644 875 esee
3701 816 4128 887 sacramenta,
4186 830 4318 875 non

2383 916 2487 962 res
2527 896 2723 979 ipsas,
2767 904 2835 959 et
2870 894 3004 959 vim
3039 892 3280 959 habere
3322 914 3587 977 prorsus
3646 913 3790 959 eam
3832 915 4027 977 quam
4072 893 4319 962 adseris

2380 988 2450 1047 et
2490 979 2839 1065 perscribis
2882 980 2954 1045 in
2997 990 3113 1045 tuo
3167 978 3298 1058 illo,
3356 986 3582 1045 nostro
3638 979 3767 1045 iam
3827 981 4013 1060 facto,
4078 980 4315 1048 libello.

2381 1066 2520 1133 Nec
2562 1074 2663 1133 est
2704 1067 2773 1132 in
2818 1066 3053 1132 nostris
3087 1065 3452 1132 foederibus
3484 1065 3717 1150 aliquis
3758 1065 4162 1132 ecclesiastes
4204 1074 4320 1132 aut

2381 1151 2601 1237 aliqua
2642 1152 2927 1231 ecclesia,
2973 1173 3135 1236 quae
3167 1152 3581 1237 evangelium
3604 1152 3922 1234 receperit
3941 1162 4009 1217 et
4050 1152 4319 1217 missam

2380 1239 2635 1304 romani
2690 1237 3019 1324 pontificis
3084 1237 3443 1322 abnegarit,
3507 1257 3673 1321 quae
3726 1258 3855 1302 non
3924 1237 4045 1302 hoc
4102 1237 4319 1321 ipsum

2379 1331 2602 1390 teneat
2644 1335 2711 1390 et
2752 1324 3052 1401 affirmet,
3089 1343 3330 1408 magno
3373 1331 3441 1388 et
3493 1321 3788 1388 mirando
3841 1343 4185 1401 consensu,
4244 1331 4320 1388 ut

2466 1410 2673 1476 tueris
2737 1408 3076 1477 verissime
3131 1408 3210 1475 de
3263 1408 3450 1475 nobis
3493 1407 3707 1476 dicere
3761 1428 3925 1491 quae
3982 1409 4109 1473 seri
4188 1409 4316 1474 isti.

2379 1430 2519 1563 &d
2561 1505 2630 1562 et
2662 1496 2787 1562 hoc
2820 1495 2985 1562 scire
3016 1496 3134 1561 tibi
3169 1495 3404 1579 volupe
3441 1493 3641 1595 fuerit
3674 1494 3746 1559 in
3778 1493 3952 1592 valle
3988 1493 4083 1571 '170
4137 1496 4245 1558 ‘na
4259 1497 4318 1571 ⁹)

2379 1580 3006 1734 &335⁹ssssssssss
3013 1600 3334 1734 ²⁸03?
3362 1579 3832 1751 alata&
3859 1578 4144 1731 ¹230&
4160 1600 4319 1730 0333

2380 1752 2765 1832 cionatores,
2835 1752 3089 1819 etiamsi
3154 1755 3341 1819 multi
3409 1752 3782 1827 reclament,
3839 1749 4101 1835 quidam
4158 1770 4315 1817 vero
4386 1807 4395 1814 .

2380 1859 2721 1905 murmure
2763 1839 3063 1905 concluso
3109 1839 3363 1905 rabiosa
3405 1839 3670 1905 silentia
3724 1837 3977 1903 rodant.
4076 1834 4319 1920 Spera-

2383 1946 2528 1991 mus
2570 1923 2779 1991 indies
2802 1928 2889 2005 ιο)
2933 1924 3217 1990 meliora.
3319 1923 3670 1992 Caeterum
3713 1945 3842 2009 qua
3883 1923 4169 2007 puritate
4203 1943 4319 1989 vos

2380 2010 2529 2077 istic
2572 2010 2989 2096 evangelium
3022 2009 3432 2096 praedicetis,
3477 2029 3864 2095 cognoscere
3898 2009 4053 2075 licet
4084 2008 4189 2073 vel
4233 2029 4319 2074 ex

2379 2096 2505 2161 hoc
2546 2096 2747 2163 fratre
2791 2098 2901 2181 qui
2945 2096 3070 2176 hic,
3128 2097 3426 2179 quamvis
3469 2098 3538 2161 in
3580 2094 3770 2162 domo
3829 2115 3959 2160 non
4014 2095 4172 2160 satis
4227 2094 4320 2179 pii

2379 2193 2569 2260 esset,
2629 2183 3050 2267 integerrime
3092 2203 3162 2248 se
3205 2182 3409 2267 gessit
3460 2184 3524 2246 in
3586 2181 3889 2247 Domino.
3993 2180 4320 2247 Dominus

2378 2266 2568 2335 Iesus
2603 2267 2716 2334 det
2747 2277 2827 2335 ut
2861 2267 2973 2333 diu
3008 2290 3127 2335 vos
3164 2268 3523 2334 incolumes
3559 2266 3708 2333 istic
3739 2287 3928 2334 suum
3952 2288 4319 2333 sermonem

2377 2354 2645 2438 possitis
2665 2354 3065 2438 proclamare
3088 2351 3262 2419 unde
3282 2364 3459 2420 totus
3480 2352 3793 2419 exaudiat
3825 2351 4014 2419 orbis.
4082 2353 4315 2418 Amen.

2379 2441 2653 2507 Fratres
2696 2440 2801 2508 hic
2845 2462 3069 2506 omnes
3123 2440 3293 2506 bona
3342 2440 3563 2505 omnia
3613 2446 3961 2524 precantur
4014 2438 4318 2504 omnibus

2378 2528 2873 2678 {ymxnyffizsrt}
2906 2525 3424 2676 ditiontaffivgstra.
3492 2526 3597 2590 Ex
3643 2523 3848 2591 Curia
3890 2523 4320 2589 Rhaetiarum

2423 2634 2485 2678 ιο
2569 2662 2583 2677 .
2900 2634 3052 2678 anm
3268 2662 3283 2676 .

3019 2750 3200 2815 Tuae
3235 2749 3663 2815 humanitatis
3705 2747 3827 2813 toti

2647 2835 2924 2901 Ioannes
2969 2835 3337 2900 Comander
3380 2848 3445 2900 et
3486 2835 3836 2917 Philippus
3880 2830 4192 2897 Gallitius

3019 2920 3426 2987 ecclesiastae
3470 2920 3825 2986 Curienses

2577 3008 2754 3072 iussu
2799 3010 3076 3072 flatrum
3121 3009 3413 3072 omnium
3451 3009 3559 3091 qui
3605 3006 3855 3071 Christi
3902 3003 4316 3089 evangelium

2770 3093 2838 3158 in
2883 3093 3094 3160 tribus
3135 3092 3507 3160 foederibus
3549 3091 3948 3177 praedicant.

3231 3622 3417 3693 2134.

2834 3777 3382 3846 MOLINAEUS
3426 3775 3862 3845 CALVINO.

2552 3949 2680 4017 Gur
2739 3952 3002 4033 facilius
3064 3973 3140 4016 ex
3226 3950 3389 4015 Tubi
3574 3971 3639 4016 m
3653 3952 3666 3964 '
3741 3951 3939 4016 averit
3999 3949 4314 4031 explanat.

2381 4036 2582 4103 Porro
2624 4037 2698 4102 de
2739 4038 2879 4102 suis
2920 4037 3103 4103 rebus
3146 4037 3330 4101 varia
3455 4037 3566 4112 dit,
3698 4038 3711 4052 '
3801 4057 3915 4118 que
3973 4034 4318 4117 westphali

2372 4124 2765 4209 farrayinem
2806 4124 2930 4190 alto
2972 4122 3303 4208 supercilio
3346 4124 3601 4236 respuit.

2376 4295 2700 4365 (Exemplar
2733 4295 3104 4350 authenticum
3138 4294 3236 4348 sed
3272 4295 3507 4346 lacerum
3528 4309 3627 4364 per
3646 4309 4021 4348 amanuensem
4057 4292 4163 4346 seri

2376 4372 2435 4419 et
2469 4365 2693 4434 propria
2725 4364 2982 4418 Molinaei
3017 4380 3178 4417 mann
3212 4361 3338 4415 hinc
3372 4363 3496 4416 inde
3531 4369 3833 4418 correctum
3867 4367 4051 4417 exstat
4084 4362 4138 4414 in

2582 4434 2782 4488 Genev.
2822 4433 2953 4488 Cod.
2992 4431 3107 4500 110,
3146 4433 3234 4484 fol.
3277 4430 3387 4484 199.
3460 4432 3744 4501 Inscriptio
3781 4448 3885 4485 non
3923 4431 4116 4494 adest.)

4222 4360 4315 4414 ihl.

2549 4604 2620 4672 S.
2665 4605 2742 4672 Ρ.
2809 4606 3056 4671 Doctor
3098 4605 3505 4671 ecclesiastes
3547 4619 3615 4669 et
3656 4615 3881 4688 pastor
3938 4600 4317 4679 clarissime,

2375 4691 2462 4758 ad
2504 4741 2900 4757 .......
2946 4703 3011 4757 et
3054 4693 3148 4758 sic
3189 4702 3341 4775 post
3381 4692 3889 4774 sesquimensem
3942 4699 4088 4752 tuas
4134 4685 4321 4751 datas

2374 4776 2628 4844 decimo
2670 4773 2927 4864 quint[o
2970 4775 3309 4866 Ianuaria]
3364 4797 3499 4842 una
3554 4796 3701 4842 cum
3759 4776 3868 4857 pia
3914 4785 3980 4838 et
4035 4773 4171 4838 aeri
4208 4771 4319 4837 de—

2373 4862 2672 4929 fensione
2712 4873 2829 4928 tua
2874 4864 3167 4931 sincerae
3212 4863 3543 4929 doctrinae
3590 4860 3873 4946 [accepi]
3971 4858 4121 4922 Non
4183 4864 4321 4921 tam

2373 5039 2499 5048 rw·
2558 5041 2567 5044 -
2622 5040 2637 5046 -
2690 5039 2745 5046 ——.

2580 5118 2642 5187 8)
2678 5121 2749 5174 ad
2783 5121 3064 5175 dexteram
3102 5121 3198 5175 Dei
3276 5190 3306 5201 ..
3367 5120 3379 5131 ’
3445 5135 3563 5200 esse
3610 5116 3738 5170 Tur.

2372 5272 2495 5312 ο...
2529 5189 3086 5314 ‚amm
3114 5126 3468 5327 „affl
3482 5185 3958 5323 xm
3768 5200 3918 5239 Μ
3955 5181 4324 5318 &rx

2372 5326 2407 5378 ι
2451 5324 2863 5461 11.1ffl)oe
2896 5398 3082 5465 itaque
3116 5410 3398 5463 speramus
3442 5391 3569 5446 Tur.
