4850 6200
457 397 590 460 279

463 582 1030 665 declarantemque
1089 579 1367 663 amplius
1423 577 1754 662 quidpiam
1816 596 1884 641 se
1943 595 2291 675 agnoscere
2335 577 2404 641 iu

465 687 668 733 coena
711 688 905 750 quam
952 674 1044 742 tu,
1090 664 1309 743 frater,
1355 663 1772 748 expresseris,
1818 683 2152 745 pergimus
2193 661 2407 726 adhuc

468 753 749 837 paucula
791 751 923 817 illis
965 751 1243 817 adiicere
1287 771 1367 816 ex
1411 750 1597 815 libris
1640 750 1782 815 eius
1827 747 2232 833 germanicia.

639 838 922 922 Scripsit
973 837 1362 903 insolentem
1421 845 1488 900 et
1542 833 1884 900 barbaram
1932 854 2195 917 prorsus
2237 834 2404 916 epis-

472 925 672 990 tolam
738 926 964 1005 (1533)
1030 923 1116 987 ad
1173 920 1729 1002 Francsordienees
1792 922 1884 985 cis
1941 917 2268 996 Moenum,
2335 918 2406 982 iu

465 1032 596 1093 qua
638 1010 811 1075 inter
854 1008 1013 1073 alia:
1073 1007 1255 1074 Haec
1298 1006 1588 1090 epistola,
1645 1008 1876 1089 inquit,
1924 1005 2069 1070 volo
2112 1004 2277 1069 mihi
2321 1004 2408 1069 sit

467 1095 914 1161 testimonium
987 1113 1202 1159 coram
1260 1092 1414 1157 Deo¹
1460 1100 1528 1156 et
1582 1092 1981 1169 hominibus,
2052 1112 2156 1156 me
2212 1088 2406 1174 plane

467 1203 594 1248 non
631 1180 877 1246 sentire
910 1200 1060 1246 cum
1095 1179 1334 1244 vestris
1368 1178 1943 1253 concionatoribus,
1986 1176 2043 1240 si
2085 1176 2196 1259 qui
2241 1176 2406 1240 forte

468 1268 686 1333 vestri.
728 1266 891 1338 sint.
953 1264 1064 1348 qui
1121 1265 1549 1341 arbitrentur,
1611 1270 1861 1328 vestros
1918 1263 2405 1326 concionatores

466 1374 721 1418 meeum
776 1353 1004 1416 facere.
1094 1350 1302 1414 Nemo
1356 1369 1626 1432 prorsus
1683 1357 1927 1432 speret,
1988 1367 2058 1412 se
2115 1354 2408 1412 nostram

465 1438 549 1504 ab
582 1439 714 1503 illis
747 1437 1106 1503 doctrinam
1145 1433 1541 1500 auditurum.
1614 1433 1749 1499 Ore
1792 1433 2052 1516 quidem
2098 1432 2405 1512 fatentur,

468 1526 534 1589 in
605 1530 1011 1589 sacramento
1076 1540 1217 1585 esse
1281 1541 1508 1586 verum
1575 1540 1809 1604 eorpus
1888 1529 1953 1583 et
2018 1520 2406 1603 sanguinem

466 1610 736 1676 Christi.
825 1608 971 1674 Hoc
1026 1628 1221 1690 quum
1281 1605 1554 1671 audiunt
1597 1605 1949 1688 simplices,
2010 1605 2404 1681 existimant,

465 1718 540 1761 se
584 1696 666 1761 ab
726 1694 885 1777 ipsis
939 1704 1233 1757 nostram
1293 1691 1519 1757 audire
1575 1690 1958 1769 doctrinam,
2019 1711 2150 1774 qua
2208 1690 2402 1754 etiam

466 1780 948 1847 existimatione
1007 1778 1153 1842 freti
1235 1777 1549 1842 accedunt
1627 1776 1708 1841 ad
1769 1797 2065 1842 mensam
2118 1774 2405 1853 Domini,

465 1867 641 1931 unde
685 1875 904 1930 tamen
942 1863 1102 1928 nihil
1139 1883 1329 1945 quam
1376 1884 1609 1946 panem
1649 1870 1714 1927 et
1752 1864 1974 1928 vinum
2021 1862 2403 1946 percipiunt.

467 1954 638 2016 Nam
675 1951 969 2017 doctores
1002 1949 1099 2014 illi
1144 1968 1261 2013 nec
1295 1949 1573 2031 amplius
1610 1948 1938 2032 quidpiam
1977 1949 2154 2026 dant,
2202 1968 2408 2030 neque

468 2038 747 2120 amplius
814 2036 1099 2118 uidpiam
1144 2035 1469 2100 sentiunt:
1517 2045 1843 2100 caeterum
1888 2035 2164 2119 mystica
2207 2034 2408 2098 inter·

469 2124 744 2206 pretatio
836 2142 946 2186 aec
1000 2122 1259 2184 interim
1322 2121 1744 2203 praetexitur,
1790 2141 2022 2207 verum
2068 2140 2299 2204 corpus
2343 2126 2410 2184 et

467 2208 850 2292 sanguinem
912 2207 1161 2271 Christi
1219 2207 1288 2269 in
1349 2216 1754 2272 sacramento
1809 2226 1951 2271 esse
2019 2206 2405 2289 praesentia,

466 2293 582 2360 sed
627 2314 755 2358 non
801 2293 929 2357 nisi
972 2291 1412 2375 spiritualiter,
1459 2313 1591 2357 non
1636 2291 2083 2375 corporaliter,
2143 2312 2219 2359 ac
2262 2312 2406 2374 per·

467 2381 526 2445 ei
574 2380 595 2443 i
639 2378 898 2462 quidem
946 2377 1268 2442 duntaxat
1314 2390 1530 2443 mente
1574 2399 1693 2462 per
1733 2376 1948 2457 fidem,
2008 2398 2139 2442 non
2183 2398 2405 2460 eorpo-

468 2486 544 2529 ra
570 2466 694 2529 iter
735 2485 846 2528 ore
890 2464 1192 2545 corporis,
1253 2463 1422 2546 quod
1477 2485 1729 2529 merum
1789 2485 2028 2547 panem
2075 2472 2139 2527 et
2181 2465 2404 2528 vinum

467 2550 799 2634 percipiat.
912 2548 1159 2614 Contra
1217 2549 1380 2613 tales
1433 2570 1468 2614 e
1515 2571 1552 2613 o
1604 2549 1798 2615 fidele
1853 2570 2071 2615 meum
2125 2567 2404 2633 suggero

466 2636 826 2711 consilium,
889 2635 1080 2700 sieuti
1124 2644 1190 2697 et
1231 2655 1444 2699 coram
1559 2656 1632 2699 eo
1687 2637 1894 2701 fateor
1952 2656 2056 2699 me
2099 2634 2227 2699 illis
2293 2634 2402 2698 dc-

467 2722 637 2799 bere,
684 2742 767 2786 ne
812 2720 890 2785 ad
939 2719 1308 2785 huiusmodi
1345 2721 1808 2803 Zuinglianum
1855 2721 2184 2785 doctorem
2229 2721 2403 2803 quis-

466 2828 656 2890 quam
726 2805 1012 2884 accedat,
1092 2816 1158 2870 et
1237 2816 1714 2871 sacramentum
1791 2806 1871 2870 ab
1935 2827 2009 2871 eo
2074 2807 2403 2891 percipiat,

465 2894 678 2976 magis
722 2915 875 2958 vero
934 2891 1134 2975 eligat
1192 2902 1326 2955 tota
1371 2911 1488 2956 sua
1530 2893 1670 2956 vita
1713 2913 1933 2956 carere
1979 2901 2402 2971 sacramente,

466 2979 630 3043 mori
679 2978 953 3060 denique
998 2988 1064 3042 et
1108 2977 1338 3059 affligi,
1400 2997 1590 3059 quam
1652 2998 1799 3042 cum
1843 2977 1955 3042 illo
1999 2978 2402 3062 participare.

468 3063 659 3146 Quod
731 3064 786 3128 si
838 3070 1061 3145 pastor
1117 3062 1424 3128 ecclesiae
1491 3062 1694 3127 fuerit
1752 3083 1832 3129 ex
1889 3084 2159 3128 numero
2214 3063 2404 3128 bilin·

465 3151 693 3234 guium
739 3149 1108 3214 docentium
1130 3147 1467 3214 Christum
1513 3169 1661 3214 vere
1701 3170 1841 3214 esse
1885 3151 1954 3213 in
2001 3157 2406 3216 sacramento

465 3245 532 3299 et
575 3244 793 3298 tamen
838 3233 917 3298 de
961 3233 1470 3317 Zuinglianismo
1527 3249 1625 3298 est
1684 3241 2048 3318 suspectus,
2111 3245 2290 3300 reeta
2333 3245 2406 3299 tu

466 3318 736 3385 accedas
779 3319 862 3383 ad
906 3319 1099 3385 talem
1149 3329 1470 3403 pastorem
1517 3331 1582 3384 et
1625 3341 1801 3404 roga,
1849 3320 2087 3385 diserte
2130 3320 2245 3385 tibi
2290 3341 2405 3384 ex-

463 3413 667 3489 ponat
708 3403 1016 3489 quidnam
1061 3403 1124 3470 id
1178 3406 1290 3484 sit,
1337 3406 1505 3489 quod
1549 3405 1666 3470 tibi
1714 3407 1849 3471 suis
1889 3407 2154 3471 exhibet
2196 3406 2405 3470 mani-

463 3494 607 3568 bus,
654 3499 718 3556 et
763 3489 931 3574 quod
973 3511 1084 3556 ore
1140 3502 1251 3556 tuo
1295 3492 1587 3575 percipis.
1675 3492 1965 3558 Exclusa
2007 3492 2136 3556 iam
2182 3491 2403 3574 dispu-

468 3579 732 3652 tatione,
779 3577 931 3660 quid
976 3575 1164 3642 corde
1208 3576 1512 3644 credatur
1554 3577 1660 3641 vel
1705 3599 1835 3642 non
1880 3578 2199 3656 credatur,
2245 3578 2404 3642 sim·

515 3663 724 3730 liciter
769 3664 1128 3747 interroga:
1234 3662 1344 3727 uid
1403 3684 1637 3728 manus
1694 3675 1764 3728 et
1819 3685 1889 3728 os
1931 3664 2039 3729 hic
2083 3662 2402 3747 recipiat?

467 3685 548 3815 gi
615 3759 713 3813 est
791 3750 1114 3831 ingenuus
1182 3748 1658 3815 sohuennerus
1753 3750 1867 3832 qui
1946 3761 2166 3814 tecum
2232 3749 2408 3818 volet

466 3833 740 3900 candide
786 3854 996 3918 agere,
1057 3834 1175 3899 tibi
1234 3831 1431 3900 dicet:
1495 3835 1637 3920 Ego
1691 3835 1953 3917 quidem
2013 3836 2128 3900 tibi
2177 3856 2405 3901 verum

467 3940 700 4003 panem
748 3929 813 3982 et
855 3920 1082 3982 vinum
1117 3921 1335 3996 offero,
1381 3920 1641 3985 interim
1679 3943 1836 3986 vero
1882 3930 1952 3986 tu
1998 3931 2217 3986 mente
2252 3943 2405 3988 con-

465 4006 666 4087 cipies
710 4011 778 4067 et
819 4003 1040 4069 credes
1075 4006 1286 4088 ipsum
1311 4005 1581 4071 Domini
1615 4027 1853 4091 corpus
1896 4016 1965 4071 et
1996 4009 2405 4092 sanguinem.

466 4091 544 4156 Si
605 4097 822 4154 autem
880 4101 979 4155 est
1033 4101 1439 4176 agyrtarum,
1499 4094 2064 4176 praestigiatorum
2121 4094 2230 4158 vel
2287 4095 2407 4158 im·

471 4185 800 4259 postorum
849 4196 1040 4248 unus,
1099 4178 1207 4260 qui
1263 4177 1498 4243 ludunt
1557 4179 1681 4245 sub
1725 4178 1977 4262 pileolo,
2035 4179 2164 4243 iam
2209 4177 2404 4245 dicet:

467 4282 717 4326 mumm
763 4282 1033 4340 mumm,
1073 4283 1148 4328 ac
1184 4263 1272 4328 im
1319 4263 1587 4330 licatum
1612 4263 2010 4350 dubiumque
2045 4285 2410 4330 sermonem

468 4346 888 4413 exscreabit*
930 4357 997 4412 et
1038 4348 1232 4413 dicet:
1334 4352 1458 4416 atis
1486 4362 1586 4415 est
1626 4350 1684 4415 si
1719 4350 1945 4417 credas
1987 4350 2151 4416 illud
2173 4371 2409 4434 corpus

471 4433 640 4516 quod
685 4433 826 4516 ipse
868 4435 1197 4500 Dominus
1239 4435 1563 4501 intellexit
1607 4444 1726 4502 etc.

639 4519 1007 4604 Sequutum
1085 4531 1184 4585 est
1260 4521 1639 4588 concordiae
1714 4522 2048 4608 negotium
2128 4542 2245 4605 per
2323 4520 2405 4585 D.

470 4605 790 4672 Bucerum
835 4605 1058 4690 (1536)
1103 4605 1270 4688 quod
1307 4606 1568 4672 tandem
1615 4607 1772 4674 abiit
1805 4610 1870 4672 in
1916 4607 2170 4672 fumum
2204 4627 2408 4690 quum

468 4694 764 4759 confiteri
830 4690 1151 4758 nollemus
1215 4691 1465 4758 Christi
1531 4714 1770 4777 corpus
1845 4692 2263 4777 corporaliter
2338 4699 2408 4757 et

469 4779 902 4877 essentialiter
939 4786 1080 4843 tam
1120 4800 1160 4843 a
1193 4775 1489 4845 fidelibus
1530 4801 1722 4862 quam
1757 4778 2129 4844 infidelibus
2162 4779 2406 4862 percipi

466 4885 538 4928 in
582 4883 800 4930 coena.

643 4948 723 5013 In
756 4970 963 5031 parva
1007 4955 1062 5014 et
1102 4950 1273 5015 brevi
1319 4949 1712 5034 Confessione
1763 4955 1921 5014 1544
1968 4948 2085 5030 (D.
2130 4955 2156 5015 l
2208 4959 2274 5015 et
2308 4953 2402 5029 3):

473 5033 692 5117 Cogor
731 5035 974 5101 nullius
997 5033 1438 5113 Schuermeri,
1484 5037 1712 5119 inquit,
1757 5035 1884 5101 sivi
1928 5034 2404 5118 Oecolampudii,

474 5122 616 5184 sive
663 5119 973 5200 mnam,
1018 5123 1157 5188 sive
1211 5122 1489 5189 aliorum
1531 5120 1884 5189 amicitiam
1928 5131 1996 5187 et
2036 5122 2408 5189 societatem

473 5228 839 5280 ‘trucem-w,
887 5229 1093 5291 neque
1135 5208 1396 5275 illorum
1441 5208 1722 5288 nomina,
1766 5206 2007 5287 literas,
2050 5207 2250 5275 libros
2292 5216 2409 5273 aut

466 5291 822 5376 quidquam
866 5293 1154 5375 ipsorum
1199 5295 1270 5359 in
1315 5294 1506 5361 corde
1548 5313 1692 5360 meo
1733 5294 1928 5372 scire,
1986 5294 2100 5379 qui
2144 5293 2407 5363 credere

2126 384 2583 455 EPISTOLA
2628 391 2791 452 2034

4326 387 4452 450 280

2514 574 2747 640 nolunt
2786 594 3021 658 panem
3062 573 3334 642 Domini
3375 574 3447 639 in
3504 592 3707 639 coena
3760 593 3901 639 esse
3956 592 4187 638 verum
4230 580 4295 638 et
4337 592 4453 638 na-

2514 659 2724 726 turale
2776 681 3010 743 corpus
3054 659 3324 737 Christi,
3384 657 3553 742 quod
3615 659 3857 743 impius
3900 657 4103 724 Iudas
4158 680 4266 722 ore
4316 679 4455 723 cor-

2511 747 2690 829 poris
2732 749 2835 811 sui
2879 745 3151 830 perinde
3194 756 3269 811 ut
3310 756 3575 810 sanctus
3595 745 3834 811 Petrus
3875 756 3943 809 et
3985 764 4207 809 omnes
4242 744 4455 810 sancti

2512 832 2819 917 pereipit;
2874 833 2930 897 is
2973 832 3142 898 nihil
3185 829 3268 895 ad
3311 851 3417 895 me
3460 829 3717 911 scribat,
3772 830 3938 895 nihil
3982 850 4235 895 mecum
4282 838 4453 914 agat,

2510 918 2759 983 nullam
2834 916 3240 983 concordiam
3306 917 3415 980 vel
3493 917 4015 982 communionem
4096 915 4267 999 apud
4345 935 4452 980 me

2510 1012 2745 1087 speret.
2849 1006 3065 1087 Atque
3133 1004 3240 1069 hic
3297 1023 3528 1067 murus
3581 1002 3869 1069 aheneus
3925 1010 4088 1079 esto,
4145 1000 4257 1066 Da
4312 1002 4455 1066 wirt

2505 1090 2705 1155 wichte
2746 1090 2978 1156 andere
3013 1109 3188 1155 aasz.

2680 1173 2911 1240 Edidit
2945 1175 3402 1259 propositiones
3443 1180 3650 1241 eontra
3694 1174 3990 1259 theozoyos
4035 1174 4455 1238 Lovanienm

2511 1266 2755 1339 (1545).
2827 1260 3259 1342 Quindecima
3292 1280 3451 1326 vero
3496 1261 3589 1325 sic
3630 1259 3853 1325 habet:
3898 1257 3982 1323 In
4023 1258 4457 1325 eucharistiae

2509 1356 2920 1412 sacramento
2963 1345 3344 1424 venerabili,
3391 1355 3807 1423 ADORABILI,
3848 1355 3950 1409 est
3993 1354 4062 1410 et
4103 1345 4454 1410 exhibetur

2508 1442 2573 1496 et
2616 1434 2900 1499 sumitur
2942 1454 3099 1498 vere
3143 1440 3210 1496 et
3253 1454 3324 1497 re
3362 1432 3507 1514 ipsa
3548 1453 3781 1515 corpus
3815 1440 3881 1497 et
3914 1432 4184 1515 sanguis
4205 1430 4456 1496 Christi

2509 1527 2639 1583 tam
2687 1540 2728 1583 a
2772 1518 2989 1602 dignis
3032 1539 3224 1601 quam
3271 1516 3575 1602 indignis.
3658 1518 3999 1602 vigesima
4041 1516 4317 1601 septima
4359 1517 4454 1582 sic

2508 1603 2735 1669 habet:
2820 1605 3209 1669 Haereticos
3274 1603 3445 1669 serio
3508 1624 3846 1670 censemus
3912 1615 3979 1668 et
4041 1603 4285 1667 alienos
4369 1603 4452 1668 ab

2510 1690 2780 1756 ecclesia
2825 1690 2953 1755 Dei
3009 1690 3439 1775 Zuinglianos
3498 1698 3566 1754 et
3622 1711 3847 1755 omnes
3916 1690 4454 1755 sacramentarios

2510 1776 2622 1859 qui
2668 1784 2915 1860 negant
2958 1795 3190 1858 corpus
3236 1785 3302 1839 et
3337 1777 3725 1860 sanguinem
3763 1775 4011 1840 Christi
4055 1795 4165 1840 ore
4207 1774 4452 1840 carnali

2510 1863 2680 1926 sumi
2724 1862 2795 1927 in
2836 1860 3196 1926 venerabili
3239 1862 3646 1926 eucharistia.
3736 1862 3817 1926 In
3876 1861 3999 1926 hac
4039 1869 4255 1927 autem
4301 1881 4454 1927 con·

2509 1948 2785 2013 sessione
2829 1955 2897 2012 et
2939 1947 3476 2013 condemnatione
3521 1957 3739 2013 nostra
3760 1954 4058 2012 mortuus
4102 1956 4218 2012 est.
4278 1947 4451 2012 Nam

2508 2054 2661 2098 mox
2705 2036 3040 2117 sequentis
3085 2034 3241 2098 anni
3287 2038 3443 2096 154ss
3483 2054 3705 2098 mense
3737 2034 4098 2099 Februario
4141 2034 4455 2117 migravit

2512 2141 2595 2185 ex
2643 2119 2767 2184 hoc
2810 2118 3083 2184 saeeuIO.

2678 2206 2817 2270 Ista
2857 2227 3010 2270 vero
3054 2213 3213 2270 sunt
3248 2208 3533 2270 maxime
3590 2228 3755 2290 quae
3798 2227 3917 2271 nos
3960 2208 4128 2272 serio
4170 2226 4452 2271 commo-

2512 2300 2687 2367 vent,
2746 2298 2822 2355 ut
2862 2292 3127 2357 omnino
3171 2299 3475 2375 putemus
3519 2312 3596 2355 ea
3639 2312 3803 2374 quae
3845 2292 3924 2357 de
3968 2291 4235 2357 Duthero
4276 2292 4452 2356 inse-

2509 2377 2698 2441 ruisti
2732 2384 2995 2441 nostrac
3030 2378 3436 2461 responsioni
3471 2398 3590 2460 pro
3623 2399 3943 2443 consensu
3980 2387 4217 2457 nostro,
4257 2375 4452 2462 longe

2509 2462 2739 2527 maiori
2794 2483 2945 2528 cum
3000 2463 3217 2527 fmctu
3275 2473 3343 2529 et
3400 2464 3605 2528 tutius
3651 2464 3913 2547 quidem
3957 2465 4193 2543 omitti,
4254 2484 4449 2546 quam

2509 2550 2659 2631 poni
2726 2555 2791 2611 et
2852 2548 3178 2632 evulgari,
3247 2550 3798 2633 crabronibusque
3862 2551 4263 2616 occasionem
4332 2570 4453 2614 nos

2508 2633 2867 2717 impetendi
2910 2633 3198 2700 obiicere.

2678 2718 2819 2784 Iam
2894 2720 3065 2802 quod
3131 2722 3364 2786 attinet
3429 2720 3509 2786 ad
3571 2722 4057 2789 Confessionem
4118 2723 4451 2804 Augusta-

2512 2826 2681 2883 nam,
2707 2806 2759 2892 ⁷)
2804 2826 3148 2871 monemus
3195 2818 3261 2871 et
3303 2808 3409 2872 hic
3452 2805 3569 2871 tibi
3614 2828 3864 2887 caveas,
3909 2808 4127 2886 frater,
4174 2828 4257 2870 ne
4302 2827 4452 2870 rur·-

2510 2912 2620 2955 sus
2688 2892 2896 2975 impin
2984 2915 3015 2955 s
3079 2893 3453 2976 frustraque
3520 2894 3858 2959 existimes
3925 2892 4224 2957 homines
4285 2893 4451 2958 istos

2508 2977 2621 3041 illa
2662 2977 2826 3042 falso
2869 2913 3154 3061 giganti.
3244 2979 3412 3042 Nam
3456 2990 3678 3046 nostra
3729 2979 4056 3045 sententia
4096 2998 4268 3057 vere,
4317 2997 4453 3042 non

2508 3062 2688 3134 falso.
2733 3063 2846 3129 illa
2890 3063 3292 3148 gloriantur:
3341 3065 3607 3130 Etenim
3646 3064 4088 3131 indubitatum
4131 3072 4232 3130 est
4272 3063 4451 3130 illius

2511 3147 2957 3215 Confessionis
2993 3159 3283 3215 autorem
3321 3151 3520 3214 fuisse
3555 3154 3936 3236 primarium
3974 3150 4056 3216 D.
4086 3151 4449 3216 Latherum.

2512 3232 2677 3313 Quis
2720 3255 2874 3299 vero
2931 3235 3152 3301 credat
3200 3236 3268 3299 in
3327 3236 3581 3303 fervore
3634 3240 4065 3305 contentionis
4114 3236 4453 3301 Latherum

2509 3339 2549 3383 a
2584 3321 2928 3403 semetipso
2965 3320 3346 3388 dissensisse
3390 3322 3501 3406 qui
3537 3323 3693 3389 alibi
3728 3325 3941 3407 palam
3976 3325 4246 3402 iactitat,
4293 3343 4450 3387 con-

2506 3404 2856 3470 fessionem
2899 3405 3077 3472 illam
3132 3428 3273 3472 esse
3318 3430 3522 3473 suam.
3613 3409 3747 3474 Sed
3790 3410 4148 3487 commode,
4208 3409 4449 3491 inquis,

2505 3488 2725 3555 licebit
2763 3492 2972 3574 ipsam
3016 3491 3211 3558 hodie
3254 3515 3596 3577 exponere,
3643 3494 3846 3561 doctis
3889 3496 4173 3561 maxime
4215 3503 4281 3558 et
4322 3494 4449 3576 piis

2508 3577 2667 3641 viris
2725 3579 3223 3645 conniventibus
3279 3600 3490 3663 neque
3545 3582 4023 3665 refragantibus
4073 3579 4451 3647 commodae

2507 3663 2913 3745 expositioni.
3024 3663 3365 3731 Caeterum
3434 3667 3540 3731 hic
3603 3688 3853 3750 quoque
3871 3719 3884 3743 ,
3960 3687 4106 3733 care
4174 3665 4449 3744 Calvine,

2508 3757 2644 3813 tam
2689 3769 2904 3814 erasse
2946 3749 3197 3833 loquuti
3243 3762 3400 3816 sunt
3442 3762 3511 3816 et
3553 3761 3690 3817 tam
3726 3754 3998 3818 barbare
4035 3763 4331 3839 egerunt,
4373 3761 4451 3814 ut

2509 3853 2640 3899 non
2684 3837 2891 3917 possit
2933 3836 3109 3901 ullus
3151 3836 3372 3904 induci
3418 3839 3619 3903 fucus.
3707 3839 4017 3905 Iactitant
4074 3839 4245 3902 enim
4291 3856 4448 3904 con-

2510 3940 2771 3985 sensum
2834 3922 2904 3986 in
2973 3922 3096 3988 hoc
3170 3924 3444 3990 articulo
3513 3923 3815 3991 Caesaris
3879 3934 3944 3989 et
4008 3925 4449 4008 Papistarum.

2510 4003 2839 4086 Quinimo,
2884 4028 2967 4072 ne
3008 4009 3150 4073 ulla
3182 4009 3276 4077 eis
3310 4032 3596 4094 unquam
3633 4017 3888 4093 pateret
3929 4008 4226 4075 elabendi
4259 4010 4449 4086 rima,

2510 4090 2603 4156 ita
2646 4113 2714 4156 se
2758 4094 3245 4161 coniunxerunt
3286 4096 3589 4180 Papistis,
3650 4105 3726 4161 ut
3766 4116 4097 4178 nunquam
4141 4097 4284 4160 sine
4325 4114 4451 4178 pu-

2512 4176 2665 4241 dore
2723 4179 2804 4242 ab
2872 4178 3001 4244 illis
3058 4183 3336 4265 amplius
3404 4182 3599 4246 avelli
3656 4191 3923 4265 queant:
3995 4179 4151 4245 dum
4208 4179 4453 4245 diserte

2510 4264 2911 4328 confitentur
2968 4286 3038 4331 se
3094 4268 3273 4350 sequi
3332 4266 3693 4333 doctrinam
3751 4268 3823 4331 iu
3867 4267 3989 4332 hoc
4029 4266 4301 4332 articulo
4344 4287 4451 4330 ro·

2509 4367 2745 4413 manae
2785 4350 3094 4417 ecelesiae
3137 4362 3328 4436 atque
3371 4352 3530 4418 adeo
3573 4360 3908 4437 receptum
3952 4353 4022 4417 in
4068 4360 4206 4417 tota
4246 4353 4451 4418 eccle-

2511 4434 2624 4498 sia.
2712 4433 3038 4503 Nolumus
3083 4437 3242 4505 haec
3286 4439 3706 4505 narrantibus
3747 4438 4001 4506 credes:
4049 4436 4238 4503 crede
4280 4440 4453 4521 ipso-

2510 4540 2658 4583 rum
2681 4521 3029 4606 Apoloyiae
3063 4525 3246 4590 cuius
3290 4525 3451 4590 haee
3494 4535 3647 4591 sunt
3688 4526 3890 4592 verba
3931 4525 4066 4612 (fol.
4095 4529 4194 4604 91,
4230 4523 4322 4589 M.
4348 4525 4448 4606 5):

2511 4603 2810 4670 Decimus
2845 4610 3149 4675 animolas
3191 4611 3570 4694 approbatus
3608 4617 3698 4677 est
3738 4617 3809 4690 (a
3851 4611 4101 4695 quibus,
4146 4629 4276 4688 oro,
4320 4609 4450 4675 nisi

2512 4690 2594 4756 ab
2649 4691 2950 4760 hostibus
3009 4697 3317 4778 professis
3375 4697 3701 4782 evangelii
3758 4698 3871 4782 qui
3935 4697 4095 4762 alios
4157 4696 4451 4780 ipsorum

2508 4777 2818 4846 articulos
2880 4802 2951 4846 re
3000 4782 3312 4848 robarunt
3328 4834 3345 4862 ,
3408 4782 3585 4848 hunc
3647 4802 3779 4847 non
3843 4784 4020 4850 item.
4122 4780 4451 4847 Viderunt

2508 4864 2685 4930 enim
2726 4864 2874 4933 illos
2917 4866 3085 4932 mhil
3126 4868 3384 4934 variare
3436 4867 3519 4932 ab
3573 4868 3865 4952 ipsorum
3906 4865 4153 4955 errore)
4206 4869 4275 4933 in
4329 4885 4451 4950 quo

2507 4951 3285 5033 confitemurnossentire
3336 4954 3613 5037 quadiu
3669 4955 4160 5022 coenamus-a
4214 4957 4450 5019 vereat

2505 5037 3001 5104 mabstantiaziter
3056 5039 3207 5114 (hoc
3265 5059 3566 5106 concesso
3623 5039 3789 5105 nihil
3844 5039 4112 5126 litigant
4152 5039 4449 5123 papistae

2712 5310 2772 5376 7)
2808 5311 2898 5367 De
2930 5329 3043 5384 qua
3076 5314 3138 5368 in
3179 5311 3317 5384 Opp.
3355 5312 3389 5367 1.
3423 5314 3457 5368 1.
3486 5330 3544 5384 p.
3582 5313 3661 5369 19.
