<?xml version="1.0" encoding="UTF-8"?>
<!DOCTYPE html PUBLIC "-//W3C//DTD XHTML 1.0 Transitional//EN"
    "http://www.w3.org/TR/xhtml1/DTD/xhtml1-transitional.dtd">
<html xmlns="http://www.w3.org/1999/xhtml" xml:lang="en" lang="en">
 <head>
  <title>
</title>
<meta http-equiv="Content-Type" content="text/html;charset=utf-8" />
  <meta name='ocr-system' content='tesseract 3.04.00' />
  <meta name='ocr-capabilities' content='ocr_page ocr_carea ocr_par ocr_line ocrx_word'/>
</head>
<body>
  <div class='ocr_page' id='page_1' title='image "./ioanniscalvinio09unkngoog_0456.png"; bbox 0 0 4850 6200; ppageno 0'>
   <div class='ocr_carea' id='block_1_1' title="bbox 544 401 670 464">
    <p class='ocr_par' dir='ltr' id='par_1_1' title="bbox 544 401 670 464">
     <span class='ocr_line' id='line_1_1' title="bbox 544 401 670 464; baseline 0.008 -1"><span class='ocrx_word' id='word_1_1' title='bbox 544 401 627 463; x_wconf 85' lang='grc'><strong>87</strong></span> <span class='ocrx_word' id='word_1_2' title='bbox 630 401 670 464; x_wconf 83' lang='grc'><strong>9</strong></span> 
     </span>
    </p>
   </div>
   <div class='ocr_carea' id='block_1_2' title="bbox 1074 582 1961 807">
    <p class='ocr_par' dir='ltr' id='par_1_2' title="bbox 1074 582 1961 807">
     <span class='ocr_line' id='line_1_2' title="bbox 1358 582 1681 654; baseline -0.019 0"><span class='ocrx_word' id='word_1_3' title='bbox 1358 582 1541 654; x_wconf 73' lang='lat'><strong>2853</strong></span> <span class='ocrx_word' id='word_1_4' title='bbox 1559 582 1681 651; x_wconf 90' lang='lat' dir='ltr'><strong>bis.</strong></span> 
     </span>
     <span class='ocr_line' id='line_1_3' title="bbox 1074 735 1961 807; baseline 0 -5"><span class='ocrx_word' id='word_1_5' title='bbox 1074 737 1482 807; x_wconf 71' lang='lat' dir='ltr'><strong>VIRETUS</strong></span> <span class='ocrx_word' id='word_1_6' title='bbox 1527 735 1961 804; x_wconf 81' lang='lat' dir='ltr'><strong>OALVINO.</strong></span> 
     </span>
    </p>
   </div>
   <div class='ocr_carea' id='block_1_3' title="bbox 541 906 2496 1153">
    <p class='ocr_par' dir='ltr' id='par_1_3' title="bbox 541 906 2496 1153">
     <span class='ocr_line' id='line_1_4' title="bbox 717 906 2496 994; baseline -0.002 -15"><span class='ocrx_word' id='word_1_7' title='bbox 717 906 2496 994; x_wconf 64' lang='lat' dir='ltr'><strong>Paucaquaedamhabetdeoasumoioquoswot-</strong></span> 
     </span>
     <span class='ocr_line' id='line_1_5' title="bbox 541 993 2495 1153; baseline -0.003 -88"><span class='ocrx_word' id='word_1_8' title='bbox 541 999 874 1153; x_wconf 43' lang='lat' dir='ltr'><strong>meam.</strong></span> <span class='ocrx_word' id='word_1_9' title='bbox 963 997 1178 1065; x_wconf 74' lang='lat' dir='ltr'><strong>Causa</strong></span> <span class='ocrx_word' id='word_1_10' title='bbox 1234 1002 1448 1064; x_wconf 77' lang='lat' dir='ltr'><strong>contra</strong></span> <span class='ocrx_word' id='word_1_11' title='bbox 1516 995 1893 1063; x_wconf 79' lang='lat' dir='ltr'><strong>Vandelium</strong></span> <span class='ocrx_word' id='word_1_12' title='bbox 1945 996 2081 1061; x_wconf 76' lang='lat' dir='ltr'><strong>iam</strong></span> <span class='ocrx_word' id='word_1_13' title='bbox 2141 993 2260 1061; x_wconf 75' lang='lat' dir='ltr'><strong>sub</strong></span> <span class='ocrx_word' id='word_1_14' title='bbox 2322 995 2495 1060; x_wconf 66' lang='lat' dir='ltr'><strong>iudi-</strong></span> 
     </span>
    </p>
   </div>
   <div class='ocr_carea' id='block_1_4' title="bbox 849 1252 2175 1325">
    <p class='ocr_par' dir='ltr' id='par_1_4' title="bbox 849 1252 2175 1325">
     <span class='ocr_line' id='line_1_6' title="bbox 849 1252 2175 1325; baseline 0 -16"><span class='ocrx_word' id='word_1_15' title='bbox 849 1254 957 1319; x_wconf 82' lang='lat' dir='ltr'><strong>(Ex</strong></span> <span class='ocrx_word' id='word_1_16' title='bbox 991 1255 1330 1325; x_wconf 75' lang='lat' dir='ltr'><strong>autographo</strong></span> <span class='ocrx_word' id='word_1_17' title='bbox 1366 1253 1497 1309; x_wconf 87' lang='lat' dir='ltr'><strong>Cod.</strong></span> <span class='ocrx_word' id='word_1_18' title='bbox 1535 1252 1741 1308; x_wconf 74' lang='lat' dir='ltr'><strong>Gener.</strong></span> <span class='ocrx_word' id='word_1_19' title='bbox 1778 1253 1899 1324; x_wconf 85' lang='lat'><strong>115,</strong></span> <span class='ocrx_word' id='word_1_20' title='bbox 1932 1253 2027 1309; x_wconf 82' lang='lat' dir='ltr'><strong>fol.</strong></span> <span class='ocrx_word' id='word_1_21' title='bbox 2062 1252 2175 1321; x_wconf 82' lang='lat'><strong>48.)</strong></span> 
     </span>
    </p>
   </div>
   <div class='ocr_carea' id='block_1_5' title="bbox 542 1424 2500 1751">
    <p class='ocr_par' dir='ltr' id='par_1_5' title="bbox 542 1424 2500 1751">
     <span class='ocr_line' id='line_1_7' title="bbox 712 1424 2500 1493; baseline -0.001 0"><span class='ocrx_word' id='word_1_22' title='bbox 712 1427 979 1493; x_wconf 79' lang='lat' dir='ltr'><strong>Eximio</strong></span> <span class='ocrx_word' id='word_1_23' title='bbox 1024 1424 1270 1493; x_wconf 90' lang='lat' dir='ltr'><strong>Christi</strong></span> <span class='ocrx_word' id='word_1_24' title='bbox 1314 1447 1506 1493; x_wconf 85' lang='lat' dir='ltr'><strong>servo</strong></span> <span class='ocrx_word' id='word_1_25' title='bbox 1550 1426 1633 1493; x_wconf 87' lang='lat' dir='ltr'><strong>D.</strong></span> <span class='ocrx_word' id='word_1_26' title='bbox 1679 1425 1917 1493; x_wconf 90' lang='lat' dir='ltr'><strong>Ioanni</strong></span> <span class='ocrx_word' id='word_1_27' title='bbox 1959 1425 2238 1493; x_wconf 80' lang='lat' dir='ltr'><strong>Calvino</strong></span> <span class='ocrx_word' id='word_1_28' title='bbox 2282 1425 2500 1492; x_wconf 82' lang='lat' dir='ltr'><strong>Gene-</strong></span> 
     </span>
     <span class='ocr_line' id='line_1_8' title="bbox 542 1511 2497 1598; baseline -0.001 -18"><span class='ocrx_word' id='word_1_29' title='bbox 542 1512 769 1580; x_wconf 81' lang='lat' dir='ltr'><strong>vensis</strong></span> <span class='ocrx_word' id='word_1_30' title='bbox 790 1513 1097 1580; x_wconf 89' lang='lat' dir='ltr'><strong>ecclesiae</strong></span> <span class='ocrx_word' id='word_1_31' title='bbox 1122 1512 1373 1597; x_wconf 88' lang='lat' dir='ltr'><strong>pastori</strong></span> <span class='ocrx_word' id='word_1_32' title='bbox 1406 1512 1598 1578; x_wconf 87' lang='lat' dir='ltr'><strong>fratri</strong></span> <span class='ocrx_word' id='word_1_33' title='bbox 1620 1518 1689 1578; x_wconf 90' lang='lat' dir='ltr'><strong>et</strong></span> <span class='ocrx_word' id='word_1_34' title='bbox 1708 1524 2114 1598; x_wconf 74' lang='lat' dir='ltr'><strong>symmystae</strong></span> <span class='ocrx_word' id='word_1_35' title='bbox 2135 1511 2497 1596; x_wconf 87' lang='lat' dir='ltr'><strong>plurimum</strong></span> 
     </span>
     <span class='ocr_line' id='line_1_9' title="bbox 543 1598 2322 1751; baseline -0.002 -85"><span class='ocrx_word' id='word_1_36' title='bbox 543 1598 973 1667; x_wconf 81' lang='lat' dir='ltr'><strong>observando.</strong></span> <span class='ocrx_word' id='word_1_37' title='bbox 1987 1683 2322 1751; x_wconf 45' lang='lat' dir='ltr'><strong>Gonane·</strong></span> 
     </span>
    </p>
   </div>
   <div class='ocr_carea' id='block_1_6' title="bbox 539 1854 2505 3654">
    <p class='ocr_par' dir='ltr' id='par_1_6' title="bbox 539 1854 2500 2369">
     <span class='ocr_line' id='line_1_10' title="bbox 709 1854 2498 1940; baseline -0.002 -17"><span class='ocrx_word' id='word_1_38' title='bbox 709 1854 782 1923; x_wconf 80' lang='lat' dir='ltr'><strong>S.</strong></span> <span class='ocrx_word' id='word_1_39' title='bbox 851 1855 1297 1922; x_wconf 77' lang='lat' dir='ltr'><strong>Tristissimus</strong></span> <span class='ocrx_word' id='word_1_40' title='bbox 1340 1857 1528 1924; x_wconf 89' lang='lat' dir='ltr'><strong>nobis</strong></span> <span class='ocrx_word' id='word_1_41' title='bbox 1571 1856 1699 1923; x_wconf 88' lang='lat' dir='ltr'><strong>fuit</strong></span> <span class='ocrx_word' id='word_1_42' title='bbox 1742 1856 2028 1923; x_wconf 89' lang='lat' dir='ltr'><strong>nuncius</strong></span> <span class='ocrx_word' id='word_1_43' title='bbox 2071 1876 2265 1940; x_wconf 92' lang='lat' dir='ltr'><strong>quem</strong></span> <span class='ocrx_word' id='word_1_44' title='bbox 2310 1854 2498 1920; x_wconf 89' lang='lat' dir='ltr'><strong>audi-</strong></span> 
     </span>
     <span class='ocr_line' id='line_1_11' title="bbox 539 1941 2496 2012; baseline -0.002 -2"><span class='ocrx_word' id='word_1_45' title='bbox 539 1943 758 2010; x_wconf 78' lang='lat' dir='ltr'><strong>vimus</strong></span> <span class='ocrx_word' id='word_1_46' title='bbox 780 1942 864 2009; x_wconf 91' lang='lat' dir='ltr'><strong>de</strong></span> <span class='ocrx_word' id='word_1_47' title='bbox 882 1941 1240 2008; x_wconf 82' lang='lat' dir='ltr'><strong>miserabili</strong></span> <span class='ocrx_word' id='word_1_48' title='bbox 1274 1962 1431 2008; x_wconf 88' lang='lat' dir='ltr'><strong>casu</strong></span> <span class='ocrx_word' id='word_1_49' title='bbox 1467 1943 1696 2012; x_wconf 83' lang='lat' dir='ltr'><strong>fratris</strong></span> <span class='ocrx_word' id='word_1_50' title='bbox 1723 1942 1933 2007; x_wconf 86' lang='lat' dir='ltr'><strong>nostri</strong></span> <span class='ocrx_word' id='word_1_51' title='bbox 1960 1941 2496 2008; x_wconf 78' lang='lat' dir='ltr'><strong>Sanctandreani:</strong></span> 
     </span>
     <span class='ocr_line' id='line_1_12' title="bbox 539 2027 2499 2114; baseline -0.002 -18"><span class='ocrx_word' id='word_1_52' title='bbox 539 2029 870 2097; x_wconf 86' lang='lat' dir='ltr'><strong>Dominus</strong></span> <span class='ocrx_word' id='word_1_53' title='bbox 927 2027 1026 2093; x_wconf 93' lang='lat' dir='ltr'><strong>illi</strong></span> <span class='ocrx_word' id='word_1_54' title='bbox 1085 2027 1256 2094; x_wconf 89' lang='lat' dir='ltr'><strong>adsit</strong></span> <span class='ocrx_word' id='word_1_55' title='bbox 1314 2030 1653 2114; x_wconf 87' lang='lat' dir='ltr'><strong>propitius.</strong></span> <span class='ocrx_word' id='word_1_56' title='bbox 1744 2028 2010 2110; x_wconf 78' lang='lat' dir='ltr'><strong>Quaeso</strong></span> <span class='ocrx_word' id='word_1_57' title='bbox 2053 2039 2121 2095; x_wconf 90' lang='lat' dir='ltr'><strong>te</strong></span> <span class='ocrx_word' id='word_1_58' title='bbox 2164 2037 2242 2094; x_wconf 91' lang='lat' dir='ltr'><strong>ut</strong></span> <span class='ocrx_word' id='word_1_59' title='bbox 2284 2029 2499 2111; x_wconf 92' lang='lat' dir='ltr'><strong>primo</strong></span> 
     </span>
     <span class='ocr_line' id='line_1_13' title="bbox 541 2113 2499 2200; baseline -0.001 -19"><span class='ocrx_word' id='word_1_60' title='bbox 541 2135 799 2200; x_wconf 88' lang='lat' dir='ltr'><strong>quoque</strong></span> <span class='ocrx_word' id='word_1_61' title='bbox 857 2124 1150 2197; x_wconf 89' lang='lat' dir='ltr'><strong>tempore</strong></span> <span class='ocrx_word' id='word_1_62' title='bbox 1206 2135 1328 2180; x_wconf 89' lang='lat' dir='ltr'><strong>nos</strong></span> <span class='ocrx_word' id='word_1_63' title='bbox 1382 2115 1694 2181; x_wconf 75' lang='lat' dir='ltr'><strong>certiores</strong></span> <span class='ocrx_word' id='word_1_64' title='bbox 1752 2115 1953 2180; x_wconf 88' lang='lat' dir='ltr'><strong>facias</strong></span> <span class='ocrx_word' id='word_1_65' title='bbox 2011 2113 2093 2181; x_wconf 91' lang='lat' dir='ltr'><strong>de</strong></span> <span class='ocrx_word' id='word_1_66' title='bbox 2158 2134 2275 2197; x_wconf 89' lang='lat' dir='ltr'><strong>spe</strong></span> <span class='ocrx_word' id='word_1_67' title='bbox 2331 2135 2499 2198; x_wconf 89' lang='lat' dir='ltr'><strong>quae</strong></span> 
     </span>
     <span class='ocr_line' id='line_1_14' title="bbox 541 2199 2500 2285; baseline -0.001 -18"><span class='ocrx_word' id='word_1_68' title='bbox 541 2200 730 2267; x_wconf 77' lang='lat' dir='ltr'><strong>vobis</strong></span> <span class='ocrx_word' id='word_1_69' title='bbox 773 2199 856 2266; x_wconf 92' lang='lat' dir='ltr'><strong>de</strong></span> <span class='ocrx_word' id='word_1_70' title='bbox 898 2199 1013 2264; x_wconf 91' lang='lat' dir='ltr'><strong>illo</strong></span> <span class='ocrx_word' id='word_1_71' title='bbox 1066 2208 1382 2283; x_wconf 84' lang='lat' dir='ltr'><strong>superest,</strong></span> <span class='ocrx_word' id='word_1_72' title='bbox 1435 2210 1512 2266; x_wconf 91' lang='lat' dir='ltr'><strong>ut</strong></span> <span class='ocrx_word' id='word_1_73' title='bbox 1563 2202 1922 2267; x_wconf 73' lang='lat' dir='ltr'><strong>habeamus</strong></span> <span class='ocrx_word' id='word_1_74' title='bbox 1960 2199 2132 2285; x_wconf 93' lang='lat' dir='ltr'><strong>quod</strong></span> <span class='ocrx_word' id='word_1_75' title='bbox 2174 2199 2500 2267; x_wconf 78' lang='lat' dir='ltr'><strong>laetemur</strong></span> 
     </span>
     <span class='ocr_line' id='line_1_15' title="bbox 544 2284 1674 2369; baseline -0.001 -17"><span class='ocrx_word' id='word_1_76' title='bbox 544 2293 662 2352; x_wconf 90' lang='lat' dir='ltr'><strong>aut</strong></span> <span class='ocrx_word' id='word_1_77' title='bbox 703 2284 876 2369; x_wconf 91' lang='lat' dir='ltr'><strong>quod</strong></span> <span class='ocrx_word' id='word_1_78' title='bbox 920 2285 1266 2369; x_wconf 87' lang='lat' dir='ltr'><strong>lugeamus</strong></span> <span class='ocrx_word' id='word_1_79' title='bbox 1311 2285 1674 2353; x_wconf 83' lang='lat' dir='ltr'><strong>vobiscum.</strong></span> 
     </span>
    </p>

    <p class='ocr_par' dir='ltr' id='par_1_7' title="bbox 541 2370 2505 3233">
     <span class='ocr_line' id='line_1_16' title="bbox 713 2370 2500 2453; baseline 0.001 -16"><span class='ocrx_word' id='word_1_80' title='bbox 713 2371 912 2438; x_wconf 82' lang='lat' dir='ltr'><strong>Mitto</strong></span> <span class='ocrx_word' id='word_1_81' title='bbox 968 2370 1052 2437; x_wconf 86' lang='lat' dir='ltr'><strong>ad</strong></span> <span class='ocrx_word' id='word_1_82' title='bbox 1106 2381 1173 2437; x_wconf 91' lang='lat' dir='ltr'><strong>te</strong></span> <span class='ocrx_word' id='word_1_83' title='bbox 1234 2372 1457 2438; x_wconf 88' lang='lat' dir='ltr'><strong>literas</strong></span> <span class='ocrx_word' id='word_1_84' title='bbox 1502 2372 1755 2440; x_wconf 74' lang='lat' dir='ltr'><strong>Halleri</strong></span> <span class='ocrx_word' id='word_1_85' title='bbox 1807 2372 1891 2439; x_wconf 90' lang='lat' dir='ltr'><strong>ad</strong></span> <span class='ocrx_word' id='word_1_86' title='bbox 1938 2395 2076 2453; x_wconf 90' lang='lat' dir='ltr'><strong>me,</strong></span> <span class='ocrx_word' id='word_1_87' title='bbox 2136 2393 2287 2440; x_wconf 90' lang='lat' dir='ltr'><strong>cum</strong></span> <span class='ocrx_word' id='word_1_88' title='bbox 2350 2372 2500 2438; x_wconf 90' lang='lat' dir='ltr'><strong>aliis</strong></span> 
     </span>
     <span class='ocr_line' id='line_1_17' title="bbox 544 2455 2499 2542; baseline 0.001 -19"><span class='ocrx_word' id='word_1_89' title='bbox 544 2477 709 2542; x_wconf 88' lang='lat' dir='ltr'><strong>quas</strong></span> <span class='ocrx_word' id='word_1_90' title='bbox 751 2467 826 2523; x_wconf 92' lang='lat' dir='ltr'><strong>ut</strong></span> <span class='ocrx_word' id='word_1_91' title='bbox 869 2455 954 2522; x_wconf 91' lang='lat' dir='ltr'><strong>ad</strong></span> <span class='ocrx_word' id='word_1_92' title='bbox 1013 2466 1078 2523; x_wconf 92' lang='lat' dir='ltr'><strong>te</strong></span> <span class='ocrx_word' id='word_1_93' title='bbox 1136 2459 1648 2524; x_wconf 84' lang='lat' dir='ltr'><strong>transmitterem</strong></span> <span class='ocrx_word' id='word_1_94' title='bbox 1690 2459 2064 2533; x_wconf 79' lang='lat' dir='ltr'><strong>mandavit,</strong></span> <span class='ocrx_word' id='word_1_95' title='bbox 2125 2480 2210 2524; x_wconf 82' lang='lat' dir='ltr'><strong>ex</strong></span> <span class='ocrx_word' id='word_1_96' title='bbox 2263 2459 2499 2542; x_wconf 91' lang='lat' dir='ltr'><strong>quibus</strong></span> 
     </span>
     <span class='ocr_line' id='line_1_18' title="bbox 541 2541 2499 2629; baseline -0.001 -18"><span class='ocrx_word' id='word_1_97' title='bbox 541 2563 895 2629; x_wconf 89' lang='lat' dir='ltr'><strong>cognosces</strong></span> <span class='ocrx_word' id='word_1_98' title='bbox 939 2541 1113 2627; x_wconf 92' lang='lat' dir='ltr'><strong>quod</strong></span> <span class='ocrx_word' id='word_1_99' title='bbox 1156 2555 1221 2608; x_wconf 88' lang='lat' dir='ltr'><strong>te</strong></span> <span class='ocrx_word' id='word_1_100' title='bbox 1264 2544 1445 2627; x_wconf 91' lang='lat' dir='ltr'><strong>cupit</strong></span> <span class='ocrx_word' id='word_1_101' title='bbox 1486 2566 1894 2628; x_wconf 80' lang='lat' dir='ltr'><strong>cognoscere.</strong></span> <span class='ocrx_word' id='word_1_102' title='bbox 1983 2546 2180 2611; x_wconf 81' lang='lat' dir='ltr'><strong>Mitto</strong></span> <span class='ocrx_word' id='word_1_103' title='bbox 2224 2553 2292 2609; x_wconf 90' lang='lat' dir='ltr'><strong>et</strong></span> <span class='ocrx_word' id='word_1_104' title='bbox 2333 2543 2499 2610; x_wconf 84' lang='lat' dir='ltr'><strong>alias</strong></span> 
     </span>
     <span class='ocr_line' id='line_1_19' title="bbox 549 2627 2498 2715; baseline -0.001 -19"><span class='ocrx_word' id='word_1_105' title='bbox 549 2630 805 2696; x_wconf 77' lang='lat' dir='ltr'><strong>Gruani</strong></span> <span class='ocrx_word' id='word_1_106' title='bbox 862 2627 946 2695; x_wconf 91' lang='lat' dir='ltr'><strong>ad</strong></span> <span class='ocrx_word' id='word_1_107' title='bbox 1002 2639 1084 2694; x_wconf 91' lang='lat' dir='ltr'><strong>te.</strong></span> <span class='ocrx_word' id='word_1_108' title='bbox 1175 2628 1376 2713; x_wconf 83' lang='lat' dir='ltr'><strong>Coepi</strong></span> <span class='ocrx_word' id='word_1_109' title='bbox 1435 2651 1557 2715; x_wconf 89' lang='lat' dir='ltr'><strong>ego</strong></span> <span class='ocrx_word' id='word_1_110' title='bbox 1612 2630 1758 2697; x_wconf 90' lang='lat' dir='ltr'><strong>heri</strong></span> <span class='ocrx_word' id='word_1_111' title='bbox 1815 2631 1959 2696; x_wconf 90' lang='lat' dir='ltr'><strong>iure</strong></span> <span class='ocrx_word' id='word_1_112' title='bbox 2015 2631 2301 2715; x_wconf 84' lang='lat' dir='ltr'><strong>experiri</strong></span> <span class='ocrx_word' id='word_1_113' title='bbox 2344 2652 2498 2695; x_wconf 90' lang='lat' dir='ltr'><strong>cum</strong></span> 
     </span>
     <span class='ocr_line' id='line_1_20' title="bbox 542 2714 2503 2800; baseline 0.001 -20"><span class='ocrx_word' id='word_1_114' title='bbox 542 2714 961 2782; x_wconf 89' lang='lat' dir='ltr'><strong>buccinatore</strong></span> <span class='ocrx_word' id='word_1_115' title='bbox 1030 2715 1398 2782; x_wconf 75' lang='lat' dir='ltr'><strong>Vandelim.</strong></span> <span class='ocrx_word' id='word_1_116' title='bbox 1497 2715 1807 2782; x_wconf 91' lang='lat' dir='ltr'><strong>Nondum</strong></span> <span class='ocrx_word' id='word_1_117' title='bbox 1874 2715 2225 2800; x_wconf 89' lang='lat' dir='ltr'><strong>respondit.</strong></span> <span class='ocrx_word' id='word_1_118' title='bbox 2331 2715 2503 2782; x_wconf 88' lang='lat' dir='ltr'><strong>Oras</strong></span> 
     </span>
     <span class='ocr_line' id='line_1_21' title="bbox 544 2801 2502 2885; baseline 0.001 -19"><span class='ocrx_word' id='word_1_119' title='bbox 544 2822 980 2885; x_wconf 83' lang='lat' dir='ltr'><strong>responsurus</strong></span> <span class='ocrx_word' id='word_1_120' title='bbox 1023 2811 1141 2866; x_wconf 88' lang='lat' dir='ltr'><strong>est.</strong></span> <span class='ocrx_word' id='word_1_121' title='bbox 1214 2801 1544 2885; x_wconf 87' lang='lat' dir='ltr'><strong>Exspecto</strong></span> <span class='ocrx_word' id='word_1_122' title='bbox 1586 2823 1822 2868; x_wconf 88' lang='lat' dir='ltr'><strong>causae</strong></span> <span class='ocrx_word' id='word_1_123' title='bbox 1856 2804 2126 2869; x_wconf 85' lang='lat' dir='ltr'><strong>exitum.</strong></span> <span class='ocrx_word' id='word_1_124' title='bbox 2207 2801 2502 2869; x_wconf 84' lang='lat' dir='ltr'><strong>Senatus</strong></span> 
     </span>
     <span class='ocr_line' id='line_1_22' title="bbox 543 2887 2505 2971; baseline -0.001 -18"><span class='ocrx_word' id='word_1_125' title='bbox 543 2888 619 2953; x_wconf 89' lang='lat' dir='ltr'><strong>in</strong></span> <span class='ocrx_word' id='word_1_126' title='bbox 667 2887 792 2954; x_wconf 87' lang='lat' dir='ltr'><strong>hac</strong></span> <span class='ocrx_word' id='word_1_127' title='bbox 843 2906 992 2953; x_wconf 87' lang='lat' dir='ltr'><strong>mea</strong></span> <span class='ocrx_word' id='word_1_128' title='bbox 1047 2908 1246 2954; x_wconf 88' lang='lat' dir='ltr'><strong>causa</strong></span> <span class='ocrx_word' id='word_1_129' title='bbox 1287 2907 1496 2971; x_wconf 90' lang='lat' dir='ltr'><strong>aequa</strong></span> <span class='ocrx_word' id='word_1_130' title='bbox 1545 2889 1769 2955; x_wconf 93' lang='lat' dir='ltr'><strong>omnia</strong></span> <span class='ocrx_word' id='word_1_131' title='bbox 1823 2891 2183 2955; x_wconf 87' lang='lat' dir='ltr'><strong>constituit.</strong></span> <span class='ocrx_word' id='word_1_132' title='bbox 2269 2888 2505 2953; x_wconf 87' lang='lat' dir='ltr'><strong>Noluit</strong></span> 
     </span>
     <span class='ocr_line' id='line_1_23' title="bbox 544 2973 2501 3059; baseline -0.001 -19"><span class='ocrx_word' id='word_1_133' title='bbox 544 2994 667 3058; x_wconf 89' lang='lat' dir='ltr'><strong>per</strong></span> <span class='ocrx_word' id='word_1_134' title='bbox 707 2975 930 3039; x_wconf 89' lang='lat' dir='ltr'><strong>omnia</strong></span> <span class='ocrx_word' id='word_1_135' title='bbox 989 2982 1259 3039; x_wconf 88' lang='lat' dir='ltr'><strong>senatus</strong></span> <span class='ocrx_word' id='word_1_136' title='bbox 1315 2975 1682 3040; x_wconf 88' lang='lat' dir='ltr'><strong>sententiae</strong></span> <span class='ocrx_word' id='word_1_137' title='bbox 1735 2977 2146 3059; x_wconf 88' lang='lat' dir='ltr'><strong>acquiescere</strong></span> <span class='ocrx_word' id='word_1_138' title='bbox 2190 2973 2501 3040; x_wconf 83' lang='lat' dir='ltr'><strong>adversa-</strong></span> 
     </span>
     <span class='ocr_line' id='line_1_24' title="bbox 545 3059 2501 3146; baseline 0 -20"><span class='ocrx_word' id='word_1_139' title='bbox 545 3061 706 3127; x_wconf 89' lang='lat' dir='ltr'><strong>rius.</strong></span> <span class='ocrx_word' id='word_1_140' title='bbox 798 3059 1021 3142; x_wconf 79' lang='lat' dir='ltr'><strong>Quare</strong></span> <span class='ocrx_word' id='word_1_141' title='bbox 1061 3079 1327 3126; x_wconf 88' lang='lat' dir='ltr'><strong>necesse</strong></span> <span class='ocrx_word' id='word_1_142' title='bbox 1371 3059 1574 3127; x_wconf 92' lang='lat' dir='ltr'><strong>habui</strong></span> <span class='ocrx_word' id='word_1_143' title='bbox 1616 3062 1689 3127; x_wconf 92' lang='lat' dir='ltr'><strong>in</strong></span> <span class='ocrx_word' id='word_1_144' title='bbox 1725 3062 1941 3128; x_wconf 86' lang='lat' dir='ltr'><strong>forum</strong></span> <span class='ocrx_word' id='word_1_145' title='bbox 1986 3060 2320 3146; x_wconf 89' lang='lat' dir='ltr'><strong>publicum</strong></span> <span class='ocrx_word' id='word_1_146' title='bbox 2363 3069 2501 3127; x_wconf 87' lang='lat' dir='ltr'><strong>tra-</strong></span> 
     </span>
     <span class='ocr_line' id='line_1_25' title="bbox 544 3145 2498 3233; baseline 0.001 -20"><span class='ocrx_word' id='word_1_147' title='bbox 544 3145 725 3213; x_wconf 88' lang='lat' dir='ltr'><strong>here.</strong></span> <span class='ocrx_word' id='word_1_148' title='bbox 780 3146 946 3212; x_wconf 79' lang='lat' dir='ltr'><strong>Mox</strong></span> <span class='ocrx_word' id='word_1_149' title='bbox 979 3146 1219 3212; x_wconf 89' lang='lat' dir='ltr'><strong>rescies</strong></span> <span class='ocrx_word' id='word_1_150' title='bbox 1253 3147 1309 3211; x_wconf 91' lang='lat' dir='ltr'><strong>si</strong></span> <span class='ocrx_word' id='word_1_151' title='bbox 1348 3147 1505 3230; x_wconf 89' lang='lat' dir='ltr'><strong>quid</strong></span> <span class='ocrx_word' id='word_1_152' title='bbox 1540 3155 1780 3233; x_wconf 78' lang='lat' dir='ltr'><strong>agatur</strong></span> <span class='ocrx_word' id='word_1_153' title='bbox 1811 3148 2168 3231; x_wconf 86' lang='lat' dir='ltr'><strong>scriptione</strong></span> <span class='ocrx_word' id='word_1_154' title='bbox 2203 3146 2498 3232; x_wconf 87' lang='lat' dir='ltr'><strong>dignum.</strong></span> 
     </span>
    </p>

    <p class='ocr_par' dir='ltr' id='par_1_8' title="bbox 543 3231 2500 3654">
     <span class='ocr_line' id='line_1_26' title="bbox 719 3231 2500 3316; baseline 0 -18"><span class='ocrx_word' id='word_1_155' title='bbox 719 3231 908 3313; x_wconf 80' lang='lat' dir='ltr'><strong>Quae</strong></span> <span class='ocrx_word' id='word_1_156' title='bbox 951 3232 1041 3298; x_wconf 92' lang='lat' dir='ltr'><strong>sit</strong></span> <span class='ocrx_word' id='word_1_157' title='bbox 1082 3252 1231 3315; x_wconf 88' lang='lat' dir='ltr'><strong>spes</strong></span> <span class='ocrx_word' id='word_1_158' title='bbox 1273 3232 1551 3300; x_wconf 87' lang='lat' dir='ltr'><strong>foederis</strong></span> <span class='ocrx_word' id='word_1_159' title='bbox 1601 3234 1829 3300; x_wconf 86' lang='lat' dir='ltr'><strong>audire</strong></span> <span class='ocrx_word' id='word_1_160' title='bbox 1872 3255 2065 3312; x_wconf 84' lang='lat' dir='ltr'><strong>aveo,</strong></span> <span class='ocrx_word' id='word_1_161' title='bbox 2120 3243 2189 3299; x_wconf 86' lang='lat' dir='ltr'><strong>et</strong></span> <span class='ocrx_word' id='word_1_162' title='bbox 2244 3235 2303 3298; x_wconf 87' lang='lat' dir='ltr'><strong>si</strong></span> <span class='ocrx_word' id='word_1_163' title='bbox 2341 3233 2500 3316; x_wconf 90' lang='lat' dir='ltr'><strong>quid</strong></span> 
     </span>
     <span class='ocr_line' id='line_1_27' title="bbox 546 3316 2499 3402; baseline 0 -18"><span class='ocrx_word' id='word_1_164' title='bbox 546 3316 807 3385; x_wconf 88' lang='lat' dir='ltr'><strong>habetis</strong></span> <span class='ocrx_word' id='word_1_165' title='bbox 842 3316 1017 3383; x_wconf 90' lang='lat' dir='ltr'><strong>aliud</strong></span> <span class='ocrx_word' id='word_1_166' title='bbox 1053 3317 1228 3402; x_wconf 92' lang='lat' dir='ltr'><strong>quod</strong></span> <span class='ocrx_word' id='word_1_167' title='bbox 1264 3327 1492 3385; x_wconf 91' lang='lat' dir='ltr'><strong>nostra</strong></span> <span class='ocrx_word' id='word_1_168' title='bbox 1525 3340 1646 3387; x_wconf 92' lang='lat' dir='ltr'><strong>nos</strong></span> <span class='ocrx_word' id='word_1_169' title='bbox 1684 3322 1852 3387; x_wconf 90' lang='lat' dir='ltr'><strong>scire</strong></span> <span class='ocrx_word' id='word_1_170' title='bbox 1886 3321 2147 3386; x_wconf 85' lang='lat' dir='ltr'><strong>referat.</strong></span> <span class='ocrx_word' id='word_1_171' title='bbox 2212 3319 2499 3385; x_wconf 81' lang='lat' dir='ltr'><strong>Multam</strong></span> 
     </span>
     <span class='ocr_line' id='line_1_28' title="bbox 546 3403 2500 3473; baseline 0.001 -3"><span class='ocrx_word' id='word_1_172' title='bbox 546 3404 828 3470; x_wconf 90' lang='lat' dir='ltr'><strong>salutem</strong></span> <span class='ocrx_word' id='word_1_173' title='bbox 872 3403 1101 3471; x_wconf 89' lang='lat' dir='ltr'><strong>dicunt</strong></span> <span class='ocrx_word' id='word_1_174' title='bbox 1146 3404 1377 3472; x_wconf 84' lang='lat' dir='ltr'><strong>fratres</strong></span> <span class='ocrx_word' id='word_1_175' title='bbox 1420 3427 1667 3472; x_wconf 92' lang='lat' dir='ltr'><strong>omnes.</strong></span> <span class='ocrx_word' id='word_1_176' title='bbox 1739 3405 2004 3472; x_wconf 81' lang='lat' dir='ltr'><strong>Salutat</strong></span> <span class='ocrx_word' id='word_1_177' title='bbox 2044 3427 2214 3473; x_wconf 91' lang='lat' dir='ltr'><strong>uxor</strong></span> <span class='ocrx_word' id='word_1_178' title='bbox 2247 3418 2315 3471; x_wconf 91' lang='lat' dir='ltr'><strong>et</strong></span> <span class='ocrx_word' id='word_1_179' title='bbox 2357 3413 2500 3471; x_wconf 89' lang='lat' dir='ltr'><strong>tota</strong></span> 
     </span>
     <span class='ocr_line' id='line_1_29' title="bbox 543 3489 2498 3578; baseline 0.001 -23"><span class='ocrx_word' id='word_1_180' title='bbox 543 3489 795 3556; x_wconf 80' lang='lat' dir='ltr'><strong>familia</strong></span> <span class='ocrx_word' id='word_1_181' title='bbox 858 3489 1327 3557; x_wconf 88' lang='lat' dir='ltr'><strong>amantissime.</strong></span> <span class='ocrx_word' id='word_1_182' title='bbox 1435 3492 1607 3559; x_wconf 88' lang='lat' dir='ltr'><strong>Vale</strong></span> <span class='ocrx_word' id='word_1_183' title='bbox 1668 3493 1913 3578; x_wconf 89' lang='lat' dir='ltr'><strong>optime</strong></span> <span class='ocrx_word' id='word_1_184' title='bbox 1977 3501 2045 3559; x_wconf 90' lang='lat' dir='ltr'><strong>et</strong></span> <span class='ocrx_word' id='word_1_185' title='bbox 2109 3490 2498 3559; x_wconf 85' lang='lat' dir='ltr'><strong>diutissime.</strong></span> 
     </span>
     <span class='ocr_line' id='line_1_30' title="bbox 546 3576 1469 3654; baseline 0.001 -12"><span class='ocrx_word' id='word_1_186' title='bbox 546 3576 945 3643; x_wconf 86' lang='lat' dir='ltr'><strong>Lausannae</strong></span> <span class='ocrx_word' id='word_1_187' title='bbox 988 3581 1046 3642; x_wconf 88' lang='lat'><strong>3.</strong></span> <span class='ocrx_word' id='word_1_188' title='bbox 1090 3577 1469 3654; x_wconf 88' lang='lat' dir='ltr'><strong>Decemb.¹)</strong></span> 
     </span>
    </p>
   </div>
   <div class='ocr_carea' id='block_1_7' title="bbox 1520 3715 2324 3783">
    <p class='ocr_par' dir='ltr' id='par_1_9' title="bbox 1520 3715 2324 3783">
     <span class='ocr_line' id='line_1_31' title="bbox 1520 3715 2324 3783; baseline 0 -2"><span class='ocrx_word' id='word_1_189' title='bbox 1520 3716 1703 3781; x_wconf 80' lang='lat' dir='ltr'><strong>Tuus</strong></span> <span class='ocrx_word' id='word_1_190' title='bbox 1744 3717 1990 3783; x_wconf 92' lang='lat' dir='ltr'><strong>Petrus</strong></span> <span class='ocrx_word' id='word_1_191' title='bbox 2033 3715 2324 3782; x_wconf 86' lang='lat' dir='ltr'><strong>Viretus.</strong></span> 
     </span>
    </p>
   </div>
   <div class='ocr_carea' id='block_1_8' title="bbox 951 4297 2103 4521">
    <p class='ocr_par' dir='ltr' id='par_1_10' title="bbox 951 4297 2103 4521">
     <span class='ocr_line' id='line_1_32' title="bbox 1424 4297 1623 4368; baseline 0 0"><span class='ocrx_word' id='word_1_192' title='bbox 1424 4297 1623 4368; x_wconf 80' lang='lat'><strong>2354.</strong></span> 
     </span>
     <span class='ocr_line' id='line_1_33' title="bbox 951 4452 2103 4521; baseline 0.002 -4"><span class='ocrx_word' id='word_1_193' title='bbox 951 4452 1623 4521; x_wconf 83' lang='lat' dir='ltr'>BULLINGERUS</span> <span class='ocrx_word' id='word_1_194' title='bbox 1669 4453 2103 4521; x_wconf 83' lang='lat' dir='ltr'><strong>CALVINO.</strong></span> 
     </span>
    </p>
   </div>
   <div class='ocr_carea' id='block_1_9' title="bbox 726 4623 2181 4865">
    <p class='ocr_par' dir='ltr' id='par_1_11' title="bbox 726 4623 2181 4865">
     <span class='ocr_line' id='line_1_34' title="bbox 726 4623 1640 4693; baseline -0.004 -1"><span class='ocrx_word' id='word_1_195' title='bbox 726 4623 1129 4693; x_wconf 76' lang='lat' dir='ltr'><strong>Commendat</strong></span> <span class='ocrx_word' id='word_1_196' title='bbox 1173 4625 1640 4692; x_wconf 63' lang='lat' dir='ltr'><strong>Liaenaninum.</strong></span> 
     </span>
     <span class='ocr_line' id='line_1_35' title="bbox 858 4794 2181 4865; baseline 0.004 -16"><span class='ocrx_word' id='word_1_197' title='bbox 858 4796 968 4864; x_wconf 74' lang='lat' dir='ltr'><strong>(ax</strong></span> <span class='ocrx_word' id='word_1_198' title='bbox 1002 4797 1341 4865; x_wconf 72' lang='lat' dir='ltr'><strong>autographo</strong></span> <span class='ocrx_word' id='word_1_199' title='bbox 1376 4796 1509 4851; x_wconf 76' lang='lat' dir='ltr'><strong>cod.</strong></span> <span class='ocrx_word' id='word_1_200' title='bbox 1548 4795 1712 4851; x_wconf 80' lang='lat' dir='ltr'><strong>Goth.</strong></span> <span class='ocrx_word' id='word_1_201' title='bbox 1747 4794 1867 4863; x_wconf 78' lang='lat'><strong>404,</strong></span> <span class='ocrx_word' id='word_1_202' title='bbox 1904 4797 1998 4852; x_wconf 77' lang='lat' dir='ltr'><strong>fol.</strong></span> <span class='ocrx_word' id='word_1_203' title='bbox 2033 4795 2181 4865; x_wconf 82' lang='lat'><strong>758.)</strong></span> 
     </span>
    </p>
   </div>
   <div class='ocr_carea' id='block_1_10' title="bbox 550 4967 2501 5136">
    <p class='ocr_par' dir='ltr' id='par_1_12' title="bbox 550 4967 2501 5136">
     <span class='ocr_line' id='line_1_36' title="bbox 550 4967 2501 5037; baseline 0 -3"><span class='ocrx_word' id='word_1_204' title='bbox 550 4967 936 5035; x_wconf 87' lang='lat' dir='ltr'><strong>Olarissimo</strong></span> <span class='ocrx_word' id='word_1_205' title='bbox 976 4967 1114 5032; x_wconf 87' lang='lat' dir='ltr'><strong>viro</strong></span> <span class='ocrx_word' id='word_1_206' title='bbox 1151 4967 1235 5033; x_wconf 92' lang='lat' dir='ltr'><strong>D.</strong></span> <span class='ocrx_word' id='word_1_207' title='bbox 1261 4968 1498 5034; x_wconf 88' lang='lat' dir='ltr'><strong>Ioanni</strong></span> <span class='ocrx_word' id='word_1_208' title='bbox 1535 4967 1812 5034; x_wconf 79' lang='lat' dir='ltr'><strong>Calvino</strong></span> <span class='ocrx_word' id='word_1_209' title='bbox 1847 4968 2259 5035; x_wconf 82' lang='lat' dir='ltr'><strong>Genevensis</strong></span> <span class='ocrx_word' id='word_1_210' title='bbox 2296 4970 2501 5037; x_wconf 91' lang='lat' dir='ltr'><strong>eccle-</strong></span> 
     </span>
     <span class='ocr_line' id='line_1_37' title="bbox 637 5052 2412 5136; baseline 0.001 -17"><span class='ocrx_word' id='word_1_211' title='bbox 637 5053 774 5119; x_wconf 85' lang='lat' dir='ltr'><strong>siae</strong></span> <span class='ocrx_word' id='word_1_212' title='bbox 815 5054 1060 5136; x_wconf 88' lang='lat' dir='ltr'><strong>pastori</strong></span> <span class='ocrx_word' id='word_1_213' title='bbox 1105 5052 1480 5121; x_wconf 88' lang='lat' dir='ltr'><strong>fidelissimo</strong></span> <span class='ocrx_word' id='word_1_214' title='bbox 1521 5054 1712 5119; x_wconf 84' lang='lat' dir='ltr'><strong>fratri</strong></span> <span class='ocrx_word' id='word_1_215' title='bbox 1754 5076 1900 5120; x_wconf 91' lang='lat' dir='ltr'><strong>meo</strong></span> <span class='ocrx_word' id='word_1_216' title='bbox 1934 5055 2412 5122; x_wconf 88' lang='lat' dir='ltr'><strong>colendissimo.</strong></span> 
     </span>
    </p>
   </div>
   <div class='ocr_carea' id='block_1_11' title="bbox 552 5192 962 5203">
    <p class='ocr_par' dir='ltr' id='par_1_13' title="bbox 552 5192 962 5203">
     <span class='ocr_line' id='line_1_38' title="bbox 552 5192 962 5203; baseline 0 0"><span class='ocrx_word' id='word_1_217' title='bbox 552 5192 962 5203; x_wconf 95' lang='lat' dir='ltr'><strong> </strong></span> 
     </span>
    </p>
   </div>
   <div class='ocr_carea' id='block_1_12' title="bbox 554 5257 2504 5395">
    <p class='ocr_par' dir='ltr' id='par_1_14' title="bbox 554 5257 2504 5395">
     <span class='ocr_line' id='line_1_39' title="bbox 554 5257 2504 5331; baseline 0.003 -19"><span class='ocrx_word' id='word_1_218' title='bbox 554 5257 843 5314; x_wconf 57' lang='lat' dir='ltr'><strong>aasabim</strong></span> <span class='ocrx_word' id='word_1_219' title='bbox 864 5260 925 5328; x_wconf 88' lang='lat'><strong>1)</strong></span> <span class='ocrx_word' id='word_1_220' title='bbox 961 5261 1185 5313; x_wconf 64' lang='lat' dir='ltr'><strong>Amnum</strong></span> <span class='ocrx_word' id='word_1_221' title='bbox 1218 5260 1423 5315; x_wconf 67' lang='lat' dir='ltr'><strong>sistam</strong></span> <span class='ocrx_word' id='word_1_222' title='bbox 1456 5260 1527 5314; x_wconf 70' lang='lat' dir='ltr'><strong>lis</strong></span> <span class='ocrx_word' id='word_1_223' title='bbox 1560 5275 1681 5314; x_wconf 72' lang='grc' dir='ltr'><strong>σιω</strong></span> <span class='ocrx_word' id='word_1_224' title='bbox 1729 5259 1993 5316; x_wconf 71' lang='grc' dir='ltr'><em>Ῡαηᾱάίο</em></span> <span class='ocrx_word' id='word_1_225' title='bbox 2024 5266 2075 5315; x_wconf 76' lang='lat' dir='ltr'><strong>et</strong></span> <span class='ocrx_word' id='word_1_226' title='bbox 2108 5261 2504 5331; x_wconf 64' lang='lat' dir='ltr'><strong>metientium</strong></span> 
     </span>
     <span class='ocr_line' id='line_1_40' title="bbox 555 5328 1198 5395; baseline -0.002 -13"><span class='ocrx_word' id='word_1_227' title='bbox 555 5328 623 5382; x_wconf 76' lang='lat' dir='ltr'><strong>de</strong></span> <span class='ocrx_word' id='word_1_228' title='bbox 650 5328 868 5395; x_wconf 75' lang='lat' dir='ltr'><strong>foedere</strong></span> <span class='ocrx_word' id='word_1_229' title='bbox 898 5329 1198 5384; x_wconf 72' lang='lat' dir='ltr'><strong>inchoatae.</strong></span> 
     </span>
    </p>
   </div>
   <div class='ocr_carea' id='block_1_13' title="bbox 1986 389 3103 461">
    <p class='ocr_par' dir='ltr' id='par_1_15' title="bbox 1986 389 3103 461">
     <span class='ocr_line' id='line_1_41' title="bbox 1986 389 3103 461; baseline -0.005 0"><span class='ocrx_word' id='word_1_230' title='bbox 1986 389 2509 461; x_wconf 72' lang='lat' dir='ltr'>EPIS&#39;POLAE</span> <span class='ocrx_word' id='word_1_231' title='bbox 2551 395 2720 458; x_wconf 78' lang='lat'>2353</span> <span class='ocrx_word' id='word_1_232' title='bbox 2741 393 3103 461; x_wconf 76' lang='lat' dir='ltr'><strong>bis—2356</strong></span> 
     </span>
    </p>
   </div>
   <div class='ocr_carea' id='block_1_14' title="bbox 2545 596 2561 5379">
    <p class='ocr_par' dir='ltr' id='par_1_16' title="bbox 2545 596 2561 5379">
     <span class='ocr_line' id='line_1_42' title="bbox 2545 596 2561 5379; baseline 0 0"><span class='ocrx_word' id='word_1_233' title='bbox 2545 596 2561 5379; x_wconf 95' lang='lat' dir='ltr'><strong> </strong></span> 
     </span>
    </p>
   </div>
   <div class='ocr_carea' id='block_1_15' title="bbox 4416 396 4546 460">
    <p class='ocr_par' dir='ltr' id='par_1_17' title="bbox 4416 396 4546 460">
     <span class='ocr_line' id='line_1_43' title="bbox 4416 396 4546 460; baseline 0 0"><span class='ocrx_word' id='word_1_234' title='bbox 4416 396 4546 460; x_wconf 82' lang='lat'><strong>880</strong></span> 
     </span>
    </p>
   </div>
   <div class='ocr_carea' id='block_1_16' title="bbox 2594 580 4551 1356">
    <p class='ocr_par' dir='ltr' id='par_1_18' title="bbox 2594 580 4551 1356">
     <span class='ocr_line' id='line_1_44' title="bbox 2770 580 4547 666; baseline 0 -17"><span class='ocrx_word' id='word_1_235' title='bbox 2770 580 2843 649; x_wconf 79' lang='lat' dir='ltr'><strong>S.</strong></span> <span class='ocrx_word' id='word_1_236' title='bbox 2865 584 2951 648; x_wconf 94' lang='lat' dir='ltr'><strong>D.</strong></span> <span class='ocrx_word' id='word_1_237' title='bbox 3016 582 3301 649; x_wconf 77' lang='lat' dir='ltr'><strong>Brevior</strong></span> <span class='ocrx_word' id='word_1_238' title='bbox 3340 602 3506 663; x_wconf 89' lang='lat' dir='ltr'><strong>sum,</strong></span> <span class='ocrx_word' id='word_1_239' title='bbox 3550 583 3704 666; x_wconf 89' lang='lat' dir='ltr'><strong>quia</strong></span> <span class='ocrx_word' id='word_1_240' title='bbox 3746 580 3830 647; x_wconf 92' lang='lat' dir='ltr'><strong>D.</strong></span> <span class='ocrx_word' id='word_1_241' title='bbox 3877 581 3985 647; x_wconf 92' lang='lat' dir='ltr'><strong>hic</strong></span> <span class='ocrx_word' id='word_1_242' title='bbox 4023 593 4246 647; x_wconf 87' lang='lat' dir='ltr'><strong>noster</strong></span> <span class='ocrx_word' id='word_1_243' title='bbox 4283 581 4547 666; x_wconf 67' lang='lat' dir='ltr'><strong>Ity-ema-</strong></span> 
     </span>
     <span class='ocr_line' id='line_1_45' title="bbox 2596 667 4548 752; baseline 0 -18"><span class='ocrx_word' id='word_1_244' title='bbox 2596 669 2792 735; x_wconf 76' lang='lat' dir='ltr'><strong>m&#39;nus</strong></span> <span class='ocrx_word' id='word_1_245' title='bbox 2825 671 2964 736; x_wconf 81' lang='lat' dir='ltr'><strong>vice</strong></span> <span class='ocrx_word' id='word_1_246' title='bbox 2997 669 3127 734; x_wconf 90' lang='lat' dir='ltr'><strong>erit</strong></span> <span class='ocrx_word' id='word_1_247' title='bbox 3158 667 3639 752; x_wconf 85' lang='lat' dir='ltr'><strong>prolixissimae</strong></span> <span class='ocrx_word' id='word_1_248' title='bbox 3676 667 4004 751; x_wconf 88' lang='lat' dir='ltr'><strong>epistolae.</strong></span> <span class='ocrx_word' id='word_1_249' title='bbox 4066 668 4128 733; x_wconf 93' lang='lat' dir='ltr'>N</span> <span class='ocrx_word' id='word_1_250' title='bbox 4130 690 4204 735; x_wconf 90' lang='lat' dir='ltr'><strong>ec</strong></span> <span class='ocrx_word' id='word_1_251' title='bbox 4237 677 4340 733; x_wconf 89' lang='lat' dir='ltr'><strong>est</strong></span> <span class='ocrx_word' id='word_1_252' title='bbox 4373 667 4548 751; x_wconf 89' lang='lat' dir='ltr'><strong>quod</strong></span> 
     </span>
     <span class='ocr_line' id='line_1_46' title="bbox 2595 754 4548 837; baseline 0 -17"><span class='ocrx_word' id='word_1_253' title='bbox 2595 755 2786 821; x_wconf 91' lang='lat' dir='ltr'><strong>illum</strong></span> <span class='ocrx_word' id='word_1_254' title='bbox 2851 755 2976 821; x_wconf 89' lang='lat' dir='ltr'><strong>tibi</strong></span> <span class='ocrx_word' id='word_1_255' title='bbox 3040 754 3490 821; x_wconf 88' lang='lat' dir='ltr'><strong>commendem</strong></span> <span class='ocrx_word' id='word_1_256' title='bbox 3554 775 3749 837; x_wconf 87' lang='lat' dir='ltr'><strong>quem</strong></span> <span class='ocrx_word' id='word_1_257' title='bbox 3824 754 4069 837; x_wconf 83' lang='lat' dir='ltr'><strong>alioqui</strong></span> <span class='ocrx_word' id='word_1_258' title='bbox 4130 754 4548 821; x_wconf 89' lang='lat' dir='ltr'><strong>carissimum</strong></span> 
     </span>
     <span class='ocr_line' id='line_1_47' title="bbox 2596 840 4548 924; baseline -0.001 -18"><span class='ocrx_word' id='word_1_259' title='bbox 2596 862 2740 906; x_wconf 83' lang='lat' dir='ltr'><strong>esse</strong></span> <span class='ocrx_word' id='word_1_260' title='bbox 2795 841 3110 924; x_wconf 87' lang='lat' dir='ltr'><strong>intelligo.</strong></span> <span class='ocrx_word' id='word_1_261' title='bbox 3198 840 3405 906; x_wconf 88' lang='lat' dir='ltr'><strong>Recte</strong></span> <span class='ocrx_word' id='word_1_262' title='bbox 3462 841 3665 924; x_wconf 89' lang='lat' dir='ltr'><strong>sapit:</strong></span> <span class='ocrx_word' id='word_1_263' title='bbox 3734 851 3805 904; x_wconf 90' lang='lat' dir='ltr'><strong>tu</strong></span> <span class='ocrx_word' id='word_1_264' title='bbox 3862 840 4050 905; x_wconf 92' lang='lat' dir='ltr'><strong>illum</strong></span> <span class='ocrx_word' id='word_1_265' title='bbox 4102 842 4417 906; x_wconf 89' lang='lat' dir='ltr'><strong>confirma</strong></span> <span class='ocrx_word' id='word_1_266' title='bbox 4473 840 4548 905; x_wconf 90' lang='lat' dir='ltr'><strong>in</strong></span> 
     </span>
     <span class='ocr_line' id='line_1_48' title="bbox 2596 926 4549 1011; baseline -0.002 -17"><span class='ocrx_word' id='word_1_267' title='bbox 2596 948 2761 994; x_wconf 89' lang='lat' dir='ltr'><strong>sana</strong></span> <span class='ocrx_word' id='word_1_268' title='bbox 2818 926 3114 994; x_wconf 91' lang='lat' dir='ltr'><strong>doctrina</strong></span> <span class='ocrx_word' id='word_1_269' title='bbox 3150 929 3198 1004; x_wconf 90' lang='lat'><strong>¹)</strong></span> <span class='ocrx_word' id='word_1_270' title='bbox 3254 935 3323 991; x_wconf 92' lang='lat' dir='ltr'><strong>et</strong></span> <span class='ocrx_word' id='word_1_271' title='bbox 3381 926 3650 992; x_wconf 90' lang='lat' dir='ltr'><strong>hortare</strong></span> <span class='ocrx_word' id='word_1_272' title='bbox 3705 934 3781 992; x_wconf 90' lang='lat' dir='ltr'><strong>ut</strong></span> <span class='ocrx_word' id='word_1_273' title='bbox 3835 947 4103 1011; x_wconf 89' lang='lat' dir='ltr'><strong>operam</strong></span> <span class='ocrx_word' id='word_1_274' title='bbox 4161 948 4351 992; x_wconf 89' lang='lat' dir='ltr'><strong>suam</strong></span> <span class='ocrx_word' id='word_1_275' title='bbox 4394 947 4549 992; x_wconf 88' lang='lat' dir='ltr'><strong>con-</strong></span> 
     </span>
     <span class='ocr_line' id='line_1_49' title="bbox 2594 1012 4550 1079; baseline 0 -1"><span class='ocrx_word' id='word_1_276' title='bbox 2594 1014 2766 1078; x_wconf 89' lang='lat' dir='ltr'><strong>ferat</strong></span> <span class='ocrx_word' id='word_1_277' title='bbox 2807 1012 3079 1079; x_wconf 89' lang='lat' dir='ltr'><strong>Polonis</strong></span> <span class='ocrx_word' id='word_1_278' title='bbox 3136 1012 3293 1078; x_wconf 90' lang='lat' dir='ltr'><strong>suis.</strong></span> <span class='ocrx_word' id='word_1_279' title='bbox 3382 1013 3594 1079; x_wconf 92' lang='lat' dir='ltr'><strong>Plura</strong></span> <span class='ocrx_word' id='word_1_280' title='bbox 3647 1022 3715 1077; x_wconf 90' lang='lat' dir='ltr'><strong>et</strong></span> <span class='ocrx_word' id='word_1_281' title='bbox 3770 1022 3951 1078; x_wconf 88' lang='lat' dir='ltr'><strong>certa</strong></span> <span class='ocrx_word' id='word_1_282' title='bbox 4006 1012 4123 1078; x_wconf 90' lang='lat' dir='ltr'><strong>ille</strong></span> <span class='ocrx_word' id='word_1_283' title='bbox 4181 1012 4424 1078; x_wconf 88' lang='lat' dir='ltr'><strong>referet</strong></span> <span class='ocrx_word' id='word_1_284' title='bbox 4466 1012 4550 1078; x_wconf 90' lang='lat' dir='ltr'><strong>de</strong></span> 
     </span>
     <span class='ocr_line' id='line_1_50' title="bbox 2595 1097 4551 1175; baseline -0.002 -10"><span class='ocrx_word' id='word_1_285' title='bbox 2595 1100 2793 1166; x_wconf 91' lang='lat' dir='ltr'><strong>rebus</strong></span> <span class='ocrx_word' id='word_1_286' title='bbox 2835 1099 3191 1166; x_wconf 89' lang='lat' dir='ltr'><strong>Polonicis.</strong></span> <span class='ocrx_word' id='word_1_287' title='bbox 3278 1097 3469 1175; x_wconf 85' lang='lat' dir='ltr'><strong>Vale,</strong></span> <span class='ocrx_word' id='word_1_288' title='bbox 3525 1097 3981 1164; x_wconf 88' lang='lat' dir='ltr'><strong>colendissime</strong></span> <span class='ocrx_word' id='word_1_289' title='bbox 4024 1099 4119 1163; x_wconf 92' lang='lat' dir='ltr'><strong>mi</strong></span> <span class='ocrx_word' id='word_1_290' title='bbox 4161 1099 4426 1164; x_wconf 91' lang='lat' dir='ltr'><strong>domine</strong></span> <span class='ocrx_word' id='word_1_291' title='bbox 4482 1112 4551 1165; x_wconf 89' lang='lat' dir='ltr'><strong>et</strong></span> 
     </span>
     <span class='ocr_line' id='line_1_51' title="bbox 2597 1183 4551 1270; baseline -0.001 -19"><span class='ocrx_word' id='word_1_292' title='bbox 2597 1186 2823 1265; x_wconf 89' lang='lat' dir='ltr'><strong>frater,</strong></span> <span class='ocrx_word' id='word_1_293' title='bbox 2860 1194 2929 1250; x_wconf 92' lang='lat' dir='ltr'><strong>et</strong></span> <span class='ocrx_word' id='word_1_294' title='bbox 2963 1185 3100 1251; x_wconf 91' lang='lat' dir='ltr'><strong>noli</strong></span> <span class='ocrx_word' id='word_1_295' title='bbox 3134 1206 3425 1267; x_wconf 90' lang='lat' dir='ltr'><strong>unquam</strong></span> <span class='ocrx_word' id='word_1_296' title='bbox 3460 1186 3532 1249; x_wconf 90' lang='lat' dir='ltr'><strong>in</strong></span> <span class='ocrx_word' id='word_1_297' title='bbox 3559 1186 3853 1249; x_wconf 91' lang='lat' dir='ltr'><strong>animum</strong></span> <span class='ocrx_word' id='word_1_298' title='bbox 3878 1183 4243 1264; x_wconf 82' lang='lat' dir='ltr'><strong>admittere,</strong></span> <span class='ocrx_word' id='word_1_299' title='bbox 4281 1185 4551 1270; x_wconf 84' lang='lat' dir='ltr'><strong>segnius</strong></span> 
     </span>
     <span class='ocr_line' id='line_1_52' title="bbox 2598 1270 4390 1356; baseline -0.002 -20"><span class='ocrx_word' id='word_1_300' title='bbox 2598 1292 2824 1338; x_wconf 90' lang='lat' dir='ltr'><strong>amare</strong></span> <span class='ocrx_word' id='word_1_301' title='bbox 2867 1292 2974 1337; x_wconf 91' lang='lat' dir='ltr'><strong>me</strong></span> <span class='ocrx_word' id='word_1_302' title='bbox 3021 1270 3375 1339; x_wconf 78' lang='lat' dir='ltr'><strong>Calvinum.</strong></span> <span class='ocrx_word' id='word_1_303' title='bbox 3462 1271 3696 1356; x_wconf 79' lang='lat' dir='ltr'><strong>Tiguri</strong></span> <span class='ocrx_word' id='word_1_304' title='bbox 3738 1276 3795 1335; x_wconf 83' lang='grc'><strong>4.</strong></span> <span class='ocrx_word' id='word_1_305' title='bbox 3841 1270 4152 1337; x_wconf 91' lang='lat' dir='ltr'><strong>Decemb.</strong></span> <span class='ocrx_word' id='word_1_306' title='bbox 4207 1278 4390 1335; x_wconf 62' lang='lat'><strong>1055.</strong></span> 
     </span>
    </p>
   </div>
   <div class='ocr_carea' id='block_1_17' title="bbox 3730 1409 4373 1493">
    <p class='ocr_par' dir='ltr' id='par_1_19' title="bbox 3730 1409 4373 1493">
     <span class='ocr_line' id='line_1_53' title="bbox 3730 1409 4373 1493; baseline -0.003 -18"><span class='ocrx_word' id='word_1_307' title='bbox 3730 1409 4160 1493; x_wconf 87' lang='lat' dir='ltr'><strong>Bullingerus</strong></span> <span class='ocrx_word' id='word_1_308' title='bbox 4204 1418 4373 1474; x_wconf 88' lang='lat' dir='ltr'><strong>tuus.</strong></span> 
     </span>
    </p>
   </div>
   <div class='ocr_carea' id='block_1_18' title="bbox 3141 1922 4024 2128">
    <p class='ocr_par' dir='ltr' id='par_1_20' title="bbox 3141 1922 4024 2128">
     <span class='ocr_line' id='line_1_54' title="bbox 3481 1922 3681 1994; baseline 0.005 -1"><span class='ocrx_word' id='word_1_309' title='bbox 3481 1922 3681 1994; x_wconf 80' lang='lat'><strong>2355.</strong></span> 
     </span>
     <span class='ocr_line' id='line_1_55' title="bbox 3141 2059 4024 2128; baseline -0.001 -1"><span class='ocrx_word' id='word_1_310' title='bbox 3141 2059 3556 2128; x_wconf 82' lang='lat' dir='ltr'>OOHINUS</span> <span class='ocrx_word' id='word_1_311' title='bbox 3593 2060 4024 2128; x_wconf 82' lang='lat' dir='ltr'><strong>CALVINO.</strong></span> 
     </span>
    </p>
   </div>
   <div class='ocr_carea' id='block_1_19' title="bbox 2589 2231 4557 2488">
    <p class='ocr_par' dir='ltr' id='par_1_21' title="bbox 2589 2231 4557 2488">
     <span class='ocr_line' id='line_1_56' title="bbox 2776 2231 4557 2317; baseline 0 -20"><span class='ocrx_word' id='word_1_312' title='bbox 2776 2231 3029 2298; x_wconf 79' lang='lat' dir='ltr'><strong>Novum</strong></span> <span class='ocrx_word' id='word_1_313' title='bbox 3089 2251 3322 2298; x_wconf 78' lang='lat' dir='ltr'><strong>munus</strong></span> <span class='ocrx_word' id='word_1_314' title='bbox 3382 2232 3752 2315; x_wconf 64' lang='lat' dir='ltr'><strong>auspicatus</strong></span> <span class='ocrx_word' id='word_1_315' title='bbox 3815 2239 3873 2298; x_wconf 80' lang='lat' dir='ltr'><strong>et</strong></span> <span class='ocrx_word' id='word_1_316' title='bbox 3928 2233 4302 2317; x_wconf 62' lang='lat' dir='ltr'><strong>mavi-ssimi</strong></span> <span class='ocrx_word' id='word_1_317' title='bbox 4355 2231 4557 2314; x_wconf 73' lang='lat' dir='ltr'><strong>officii</strong></span> 
     </span>
     <span class='ocr_line' id='line_1_57' title="bbox 2599 2318 4556 2400; baseline -0.001 -15"><span class='ocrx_word' id='word_1_318' title='bbox 2599 2318 2728 2385; x_wconf 71' lang='lat' dir='ltr'><strong>sibi</strong></span> <span class='ocrx_word' id='word_1_319' title='bbox 2779 2319 3062 2385; x_wconf 76' lang='lat' dir='ltr'><strong>conscius</strong></span> <span class='ocrx_word' id='word_1_320' title='bbox 3129 2318 3390 2385; x_wconf 78' lang='lat' dir='ltr'><strong>Calvino</strong></span> <span class='ocrx_word' id='word_1_321' title='bbox 3443 2338 3510 2383; x_wconf 83' lang='lat' dir='ltr'><strong>se</strong></span> <span class='ocrx_word' id='word_1_322' title='bbox 3571 2320 3953 2385; x_wconf 78' lang='lat' dir='ltr'><strong>commendat</strong></span> <span class='ocrx_word' id='word_1_323' title='bbox 3997 2322 4235 2400; x_wconf 76' lang='lat' dir='ltr'><strong>optima</strong></span> <span class='ocrx_word' id='word_1_324' title='bbox 4275 2338 4556 2400; x_wconf 70' lang='lat' dir='ltr'><strong>quaeque</strong></span> 
     </span>
     <span class='ocr_line' id='line_1_58' title="bbox 2589 2403 4418 2488; baseline 0.001 -19"><span class='ocrx_word' id='word_1_325' title='bbox 2589 2405 2918 2488; x_wconf 72' lang='lat' dir='ltr'><strong>pollicitus</strong></span> <span class='ocrx_word' id='word_1_326' title='bbox 2958 2409 3015 2470; x_wconf 78' lang='lat' dir='ltr'><strong>et</strong></span> <span class='ocrx_word' id='word_1_327' title='bbox 3055 2405 3316 2471; x_wconf 77' lang='lat' dir='ltr'><strong>eundem</strong></span> <span class='ocrx_word' id='word_1_328' title='bbox 3356 2405 3736 2471; x_wconf 75' lang='lat' dir='ltr'><strong>cumulatius</strong></span> <span class='ocrx_word' id='word_1_329' title='bbox 3776 2405 4074 2471; x_wconf 80' lang='lat' dir='ltr'><strong>laudibus</strong></span> <span class='ocrx_word' id='word_1_330' title='bbox 4115 2403 4418 2471; x_wconf 73' lang='lat' dir='ltr'><strong>extollens.</strong></span> 
     </span>
    </p>
   </div>
   <div class='ocr_carea' id='block_1_20' title="bbox 2911 2574 4259 2647">
    <p class='ocr_par' dir='ltr' id='par_1_22' title="bbox 2911 2574 4259 2647">
     <span class='ocr_line' id='line_1_59' title="bbox 2911 2574 4259 2647; baseline 0.003 -17"><span class='ocrx_word' id='word_1_331' title='bbox 2911 2576 3022 2643; x_wconf 79' lang='lat' dir='ltr'><strong>(Ex</strong></span> <span class='ocrx_word' id='word_1_332' title='bbox 3057 2576 3397 2647; x_wconf 81' lang='lat' dir='ltr'><strong>autographo</strong></span> <span class='ocrx_word' id='word_1_333' title='bbox 3433 2576 3563 2631; x_wconf 86' lang='lat' dir='ltr'><strong>Cod.</strong></span> <span class='ocrx_word' id='word_1_334' title='bbox 3600 2578 3801 2631; x_wconf 71' lang='lat' dir='ltr'><strong>Gener.</strong></span> <span class='ocrx_word' id='word_1_335' title='bbox 3835 2575 3953 2641; x_wconf 84' lang='lat'><strong>112,</strong></span> <span class='ocrx_word' id='word_1_336' title='bbox 3990 2577 4080 2632; x_wconf 84' lang='lat' dir='ltr'><strong>fol.</strong></span> <span class='ocrx_word' id='word_1_337' title='bbox 4115 2574 4259 2640; x_wconf 81' lang='lat'><strong>240.)</strong></span> 
     </span>
    </p>
   </div>
   <div class='ocr_carea' id='block_1_21' title="bbox 2607 2730 4555 2903">
    <p class='ocr_par' dir='ltr' id='par_1_23' title="bbox 2607 2730 4555 2903">
     <span class='ocr_line' id='line_1_60' title="bbox 2607 2730 4555 2800; baseline 0.002 -4"><span class='ocrx_word' id='word_1_338' title='bbox 2607 2731 3004 2798; x_wconf 89' lang='lat' dir='ltr'><strong>Doctissimo</strong></span> <span class='ocrx_word' id='word_1_339' title='bbox 3069 2730 3219 2796; x_wconf 85' lang='lat' dir='ltr'><strong>viro</strong></span> <span class='ocrx_word' id='word_1_340' title='bbox 3256 2731 3340 2796; x_wconf 92' lang='lat' dir='ltr'><strong>D.</strong></span> <span class='ocrx_word' id='word_1_341' title='bbox 3387 2731 3624 2796; x_wconf 89' lang='lat' dir='ltr'><strong>Ioanni</strong></span> <span class='ocrx_word' id='word_1_342' title='bbox 3661 2732 3940 2798; x_wconf 76' lang='lat' dir='ltr'><strong>Calvino</strong></span> <span class='ocrx_word' id='word_1_343' title='bbox 3976 2732 4285 2798; x_wconf 86' lang='lat' dir='ltr'><strong>ecclesiae</strong></span> <span class='ocrx_word' id='word_1_344' title='bbox 4331 2733 4555 2800; x_wconf 84' lang='lat' dir='ltr'><strong>Gene-</strong></span> 
     </span>
     <span class='ocr_line' id='line_1_61' title="bbox 2608 2817 4553 2903; baseline 0.002 -20"><span class='ocrx_word' id='word_1_345' title='bbox 2608 2819 2830 2884; x_wconf 86' lang='lat' dir='ltr'><strong>vensis</strong></span> <span class='ocrx_word' id='word_1_346' title='bbox 2873 2818 3126 2903; x_wconf 90' lang='lat' dir='ltr'><strong>pastori</strong></span> <span class='ocrx_word' id='word_1_347' title='bbox 3163 2817 3674 2902; x_wconf 84' lang='lat' dir='ltr'><strong>vigilantissimo</strong></span> <span class='ocrx_word' id='word_1_348' title='bbox 3717 2820 3904 2883; x_wconf 86' lang='lat' dir='ltr'><strong>fratri</strong></span> <span class='ocrx_word' id='word_1_349' title='bbox 3939 2819 4553 2886; x_wconf 83' lang='lat' dir='ltr'><strong>observandissime.</strong></span> 
     </span>
    </p>
   </div>
   <div class='ocr_carea' id='block_1_22' title="bbox 2600 2971 4560 4608">
    <p class='ocr_par' dir='ltr' id='par_1_24' title="bbox 2600 2971 4560 4608">
     <span class='ocr_line' id='line_1_62' title="bbox 2778 2971 4559 3053; baseline 0 -14"><span class='ocrx_word' id='word_1_350' title='bbox 2778 2971 2851 3039; x_wconf 79' lang='lat' dir='ltr'><strong>S.</strong></span> <span class='ocrx_word' id='word_1_351' title='bbox 2896 2973 2974 3039; x_wconf 93' lang='lat' dir='ltr'><strong>P.</strong></span> <span class='ocrx_word' id='word_1_352' title='bbox 3011 2973 3096 3038; x_wconf 90' lang='lat' dir='ltr'><strong>D.</strong></span> <span class='ocrx_word' id='word_1_353' title='bbox 3161 2973 3423 3038; x_wconf 86' lang='lat' dir='ltr'><strong>Amoris</strong></span> <span class='ocrx_word' id='word_1_354' title='bbox 3466 2973 3537 3036; x_wconf 89' lang='lat' dir='ltr'><strong>in</strong></span> <span class='ocrx_word' id='word_1_355' title='bbox 3583 2994 3689 3038; x_wconf 90' lang='lat' dir='ltr'><strong>me</strong></span> <span class='ocrx_word' id='word_1_356' title='bbox 3731 2973 3833 3037; x_wconf 90' lang='lat' dir='ltr'><strong>tui</strong></span> <span class='ocrx_word' id='word_1_357' title='bbox 3878 2975 4280 3053; x_wconf 83' lang='lat' dir='ltr'><strong>memoriam,</strong></span> <span class='ocrx_word' id='word_1_358' title='bbox 4328 2972 4559 3039; x_wconf 90' lang='lat' dir='ltr'><strong>multis</strong></span> 
     </span>
     <span class='ocr_line' id='line_1_63' title="bbox 2605 3058 4560 3143; baseline 0.001 -18"><span class='ocrx_word' id='word_1_359' title='bbox 2605 3059 2887 3125; x_wconf 88' lang='lat' dir='ltr'><strong>antehac</strong></span> <span class='ocrx_word' id='word_1_360' title='bbox 2934 3058 3328 3125; x_wconf 83' lang='lat' dir='ltr'><strong>testimoniis</strong></span> <span class='ocrx_word' id='word_1_361' title='bbox 3382 3059 3548 3125; x_wconf 90' lang='lat' dir='ltr'><strong>mihi</strong></span> <span class='ocrx_word' id='word_1_362' title='bbox 3602 3068 4030 3143; x_wconf 86' lang='lat' dir='ltr'><strong>perspectam,</strong></span> <span class='ocrx_word' id='word_1_363' title='bbox 4068 3081 4245 3126; x_wconf 90' lang='lat' dir='ltr'><strong>nunc</strong></span> <span class='ocrx_word' id='word_1_364' title='bbox 4289 3059 4560 3126; x_wconf 86' lang='lat' dir='ltr'><strong>tandem</strong></span> 
     </span>
     <span class='ocr_line' id='line_1_64' title="bbox 2603 3145 4558 3229; baseline -0.001 -17"><span class='ocrx_word' id='word_1_365' title='bbox 2603 3146 3198 3229; x_wconf 74' lang='lat' dir='ltr'><strong>perspectissimum</strong></span> <span class='ocrx_word' id='word_1_366' title='bbox 3256 3145 3646 3226; x_wconf 86' lang='lat' dir='ltr'><strong>exhibuisti,</strong></span> <span class='ocrx_word' id='word_1_367' title='bbox 3718 3167 3918 3229; x_wconf 91' lang='lat' dir='ltr'><strong>quum</strong></span> <span class='ocrx_word' id='word_1_368' title='bbox 3989 3146 4417 3213; x_wconf 88' lang='lat' dir='ltr'><strong>honorificam</strong></span> <span class='ocrx_word' id='word_1_369' title='bbox 4476 3145 4558 3211; x_wconf 92' lang='lat' dir='ltr'><strong>de</strong></span> 
     </span>
     <span class='ocr_line' id='line_1_65' title="bbox 2605 3232 4557 3316; baseline 0.001 -20"><span class='ocrx_word' id='word_1_370' title='bbox 2605 3254 2712 3296; x_wconf 91' lang='lat' dir='ltr'><strong>me</strong></span> <span class='ocrx_word' id='word_1_371' title='bbox 2742 3232 3144 3297; x_wconf 89' lang='lat' dir='ltr'><strong>mentionem</strong></span> <span class='ocrx_word' id='word_1_372' title='bbox 3176 3232 3246 3296; x_wconf 91' lang='lat' dir='ltr'><strong>in</strong></span> <span class='ocrx_word' id='word_1_373' title='bbox 3284 3234 3415 3297; x_wconf 91' lang='lat' dir='ltr'><strong>tuis</strong></span> <span class='ocrx_word' id='word_1_374' title='bbox 3452 3232 3531 3297; x_wconf 90' lang='lat' dir='ltr'><strong>ad</strong></span> <span class='ocrx_word' id='word_1_375' title='bbox 3569 3232 3733 3297; x_wconf 88' lang='lat' dir='ltr'><strong>doct.</strong></span> <span class='ocrx_word' id='word_1_376' title='bbox 3762 3234 3842 3296; x_wconf 93' lang='lat' dir='ltr'><strong>D.</strong></span> <span class='ocrx_word' id='word_1_377' title='bbox 3871 3232 4311 3316; x_wconf 72' lang='lat' dir='ltr'><strong>Bullinqerum</strong></span> <span class='ocrx_word' id='word_1_378' title='bbox 4346 3232 4557 3297; x_wconf 87' lang='lat' dir='ltr'><strong>literis</strong></span> 
     </span>
     <span class='ocr_line' id='line_1_66' title="bbox 2604 3317 4557 3403; baseline 0 -19"><span class='ocrx_word' id='word_1_379' title='bbox 2604 3317 2882 3384; x_wconf 89' lang='lat' dir='ltr'><strong>edidisti.</strong></span> <span class='ocrx_word' id='word_1_380' title='bbox 2913 3322 2960 3392; x_wconf 89' lang='lat'><strong>¹)</strong></span> <span class='ocrx_word' id='word_1_381' title='bbox 3026 3317 3107 3382; x_wconf 91' lang='lat' dir='ltr'><strong>Id</strong></span> <span class='ocrx_word' id='word_1_382' title='bbox 3154 3317 3471 3383; x_wconf 87' lang='lat' dir='ltr'><strong>hactenus</strong></span> <span class='ocrx_word' id='word_1_383' title='bbox 3493 3327 3892 3403; x_wconf 88' lang='lat' dir='ltr'><strong>pergratum,</strong></span> <span class='ocrx_word' id='word_1_384' title='bbox 3939 3338 4118 3382; x_wconf 90' lang='lat' dir='ltr'><strong>nunc</strong></span> <span class='ocrx_word' id='word_1_385' title='bbox 4163 3340 4319 3385; x_wconf 84' lang='lat' dir='ltr'><strong>vero</strong></span> <span class='ocrx_word' id='word_1_386' title='bbox 4362 3317 4557 3403; x_wconf 87' lang='lat' dir='ltr'><strong>longe</strong></span> 
     </span>
     <span class='ocr_line' id='line_1_67' title="bbox 2604 3402 4558 3489; baseline 0.001 -20"><span class='ocrx_word' id='word_1_387' title='bbox 2604 3404 3074 3489; x_wconf 87' lang='lat' dir='ltr'><strong>gratissimum,</strong></span> <span class='ocrx_word' id='word_1_388' title='bbox 3123 3412 3346 3487; x_wconf 89' lang='lat' dir='ltr'><strong>utpote</strong></span> <span class='ocrx_word' id='word_1_389' title='bbox 3405 3406 3845 3469; x_wconf 89' lang='lat' dir='ltr'><strong>certissimum</strong></span> <span class='ocrx_word' id='word_1_390' title='bbox 3891 3402 4155 3469; x_wconf 81' lang='lat' dir='ltr'><strong>divinae</strong></span> <span class='ocrx_word' id='word_1_391' title='bbox 4192 3405 4558 3470; x_wconf 82' lang='lat' dir='ltr'><strong>vocationis</strong></span> 
     </span>
     <span class='ocr_line' id='line_1_68' title="bbox 2603 3491 4555 3576; baseline 0.001 -21"><span class='ocrx_word' id='word_1_392' title='bbox 2603 3500 3091 3573; x_wconf 85' lang='lat' dir='ltr'><strong>argumentum,</strong></span> <span class='ocrx_word' id='word_1_393' title='bbox 3149 3491 3253 3555; x_wconf 91' lang='lat' dir='ltr'><strong>cui</strong></span> <span class='ocrx_word' id='word_1_394' title='bbox 3319 3512 3403 3556; x_wconf 91' lang='lat' dir='ltr'><strong>ex</strong></span> <span class='ocrx_word' id='word_1_395' title='bbox 3468 3492 3688 3556; x_wconf 89' lang='lat' dir='ltr'><strong>animo</strong></span> <span class='ocrx_word' id='word_1_396' title='bbox 3753 3491 4165 3574; x_wconf 88' lang='lat' dir='ltr'><strong>gratulemur</strong></span> <span class='ocrx_word' id='word_1_397' title='bbox 4206 3491 4332 3573; x_wconf 90' lang='lat' dir='ltr'><strong>ipsi</strong></span> <span class='ocrx_word' id='word_1_398' title='bbox 4374 3512 4555 3576; x_wconf 79' lang='lat' dir='ltr'><strong>sym-</strong></span> 
     </span>
     <span class='ocr_line' id='line_1_69' title="bbox 2603 3574 4555 3661; baseline 0.001 -21"><span class='ocrx_word' id='word_1_399' title='bbox 2603 3584 2860 3660; x_wconf 83' lang='lat' dir='ltr'><strong>mystae</strong></span> <span class='ocrx_word' id='word_1_400' title='bbox 2917 3574 3000 3641; x_wconf 87' lang='lat' dir='ltr'><strong>ad</strong></span> <span class='ocrx_word' id='word_1_401' title='bbox 3041 3576 3474 3642; x_wconf 88' lang='lat' dir='ltr'><strong>excolendum</strong></span> <span class='ocrx_word' id='word_1_402' title='bbox 3517 3576 3721 3659; x_wconf 88' lang='lat' dir='ltr'><strong>ipsius</strong></span> <span class='ocrx_word' id='word_1_403' title='bbox 3766 3596 3998 3661; x_wconf 87' lang='lat' dir='ltr'><strong>agrum</strong></span> <span class='ocrx_word' id='word_1_404' title='bbox 4043 3578 4123 3643; x_wconf 88' lang='lat' dir='ltr'><strong>ab</strong></span> <span class='ocrx_word' id='word_1_405' title='bbox 4168 3577 4395 3642; x_wconf 90' lang='lat' dir='ltr'><strong>eodem</strong></span> <span class='ocrx_word' id='word_1_406' title='bbox 4440 3597 4555 3642; x_wconf 88' lang='lat' dir='ltr'><strong>vo·</strong></span> 
     </span>
     <span class='ocr_line' id='line_1_70' title="bbox 2605 3660 4555 3746; baseline 0.001 -20"><span class='ocrx_word' id='word_1_407' title='bbox 2605 3662 2753 3727; x_wconf 87' lang='lat' dir='ltr'><strong>cati.</strong></span> <span class='ocrx_word' id='word_1_408' title='bbox 2842 3661 3020 3727; x_wconf 90' lang='lat' dir='ltr'><strong>Illud</strong></span> <span class='ocrx_word' id='word_1_409' title='bbox 3076 3671 3299 3728; x_wconf 89' lang='lat' dir='ltr'><strong>autem</strong></span> <span class='ocrx_word' id='word_1_410' title='bbox 3359 3660 3477 3727; x_wconf 92' lang='lat' dir='ltr'><strong>abs</strong></span> <span class='ocrx_word' id='word_1_411' title='bbox 3521 3670 3603 3742; x_wconf 91' lang='lat' dir='ltr'><strong>te,</strong></span> <span class='ocrx_word' id='word_1_412' title='bbox 3641 3661 3835 3746; x_wconf 91' lang='lat' dir='ltr'><strong>idque</strong></span> <span class='ocrx_word' id='word_1_413' title='bbox 3874 3664 4018 3727; x_wconf 90' lang='lat' dir='ltr'><strong>iure</strong></span> <span class='ocrx_word' id='word_1_414' title='bbox 4063 3664 4393 3728; x_wconf 86' lang='lat' dir='ltr'><strong>fraternae</strong></span> <span class='ocrx_word' id='word_1_415' title='bbox 4438 3683 4555 3729; x_wconf 88' lang='lat' dir='ltr'><strong>ne-</strong></span> 
     </span>
     <span class='ocr_line' id='line_1_71' title="bbox 2602 3746 4554 3833; baseline -0.001 -18"><span class='ocrx_word' id='word_1_416' title='bbox 2602 3746 3043 3827; x_wconf 80' lang='lat' dir='ltr'><strong>cessitudinis,</strong></span> <span class='ocrx_word' id='word_1_417' title='bbox 3123 3748 3552 3815; x_wconf 83' lang='lat' dir='ltr'><strong>vehementer</strong></span> <span class='ocrx_word' id='word_1_418' title='bbox 3625 3759 3799 3833; x_wconf 91' lang='lat' dir='ltr'><strong>peto,</strong></span> <span class='ocrx_word' id='word_1_419' title='bbox 3864 3758 3941 3813; x_wconf 94' lang='lat' dir='ltr'><strong>ut</strong></span> <span class='ocrx_word' id='word_1_420' title='bbox 4006 3748 4554 3832; x_wconf 90' lang='lat' dir='ltr'><strong>quemadmodum</strong></span> 
     </span>
     <span class='ocr_line' id='line_1_72' title="bbox 2603 3834 4556 3919; baseline 0.001 -20"><span class='ocrx_word' id='word_1_421' title='bbox 2603 3835 2769 3899; x_wconf 93' lang='lat' dir='ltr'><strong>mihi</strong></span> <span class='ocrx_word' id='word_1_422' title='bbox 2804 3834 3158 3919; x_wconf 90' lang='lat' dir='ltr'><strong>gratularis</strong></span> <span class='ocrx_word' id='word_1_423' title='bbox 3193 3835 3635 3899; x_wconf 88' lang='lat' dir='ltr'><strong>ministerium</strong></span> <span class='ocrx_word' id='word_1_424' title='bbox 3672 3856 3712 3899; x_wconf 92' lang='lat' dir='ltr'><strong>a</strong></span> <span class='ocrx_word' id='word_1_425' title='bbox 3756 3835 4041 3900; x_wconf 88' lang='lat' dir='ltr'><strong>Domino</strong></span> <span class='ocrx_word' id='word_1_426' title='bbox 4076 3834 4418 3912; x_wconf 90' lang='lat' dir='ltr'><strong>creditum,</strong></span> <span class='ocrx_word' id='word_1_427' title='bbox 4457 3835 4556 3900; x_wconf 91' lang='lat' dir='ltr'><strong>ita</strong></span> 
     </span>
     <span class='ocr_line' id='line_1_73' title="bbox 2604 3919 4554 4004; baseline 0 -18"><span class='ocrx_word' id='word_1_428' title='bbox 2604 3919 2886 3987; x_wconf 89' lang='lat' dir='ltr'><strong>assiduis</strong></span> <span class='ocrx_word' id='word_1_429' title='bbox 2931 3920 3107 4004; x_wconf 89' lang='lat' dir='ltr'><strong>apud</strong></span> <span class='ocrx_word' id='word_1_430' title='bbox 3152 3921 3433 3986; x_wconf 90' lang='lat' dir='ltr'><strong>eundem</strong></span> <span class='ocrx_word' id='word_1_431' title='bbox 3478 3921 3781 4004; x_wconf 89' lang='lat' dir='ltr'><strong>precibus</strong></span> <span class='ocrx_word' id='word_1_432' title='bbox 3816 3941 3922 3987; x_wconf 90' lang='lat' dir='ltr'><strong>me</strong></span> <span class='ocrx_word' id='word_1_433' title='bbox 3956 3920 4391 3999; x_wconf 90' lang='lat' dir='ltr'><strong>commendes,</strong></span> <span class='ocrx_word' id='word_1_434' title='bbox 4428 3941 4554 4004; x_wconf 94' lang='lat' dir='ltr'><strong>quo</strong></span> 
     </span>
     <span class='ocr_line' id='line_1_74' title="bbox 2602 4005 4555 4091; baseline 0.001 -20"><span class='ocrx_word' id='word_1_435' title='bbox 2602 4015 2932 4091; x_wconf 87' lang='lat' dir='ltr'><strong>praestem</strong></span> <span class='ocrx_word' id='word_1_436' title='bbox 2987 4027 3138 4071; x_wconf 92' lang='lat' dir='ltr'><strong>eum</strong></span> <span class='ocrx_word' id='word_1_437' title='bbox 3191 4006 3347 4072; x_wconf 87' lang='lat' dir='ltr'><strong>Iesu</strong></span> <span class='ocrx_word' id='word_1_438' title='bbox 3402 4005 3654 4072; x_wconf 84' lang='lat' dir='ltr'><strong>Christi</strong></span> <span class='ocrx_word' id='word_1_439' title='bbox 3708 4007 4088 4073; x_wconf 88' lang='lat' dir='ltr'><strong>ministrum</strong></span> <span class='ocrx_word' id='word_1_440' title='bbox 4131 4028 4325 4090; x_wconf 91' lang='lat' dir='ltr'><strong>quem</strong></span> <span class='ocrx_word' id='word_1_441' title='bbox 4370 4015 4440 4072; x_wconf 90' lang='lat' dir='ltr'><strong>et</strong></span> <span class='ocrx_word' id='word_1_442' title='bbox 4482 4018 4555 4072; x_wconf 91' lang='lat' dir='ltr'><strong>tu</strong></span> 
     </span>
     <span class='ocr_line' id='line_1_75' title="bbox 2602 4091 4553 4177; baseline 0.001 -20"><span class='ocrx_word' id='word_1_443' title='bbox 2602 4104 2789 4175; x_wconf 87' lang='lat' dir='ltr'><strong>optas</strong></span> <span class='ocrx_word' id='word_1_444' title='bbox 2855 4102 2923 4157; x_wconf 89' lang='lat' dir='ltr'><strong>et</strong></span> <span class='ocrx_word' id='word_1_445' title='bbox 2988 4114 3108 4176; x_wconf 87' lang='lat' dir='ltr'><strong>ego</strong></span> <span class='ocrx_word' id='word_1_446' title='bbox 3171 4092 3471 4177; x_wconf 87' lang='lat' dir='ltr'><strong>intelligo</strong></span> <span class='ocrx_word' id='word_1_447' title='bbox 3540 4093 3645 4158; x_wconf 92' lang='lat' dir='ltr'><strong>his</strong></span> <span class='ocrx_word' id='word_1_448' title='bbox 3689 4094 3974 4158; x_wconf 87' lang='lat' dir='ltr'><strong>maxime</strong></span> <span class='ocrx_word' id='word_1_449' title='bbox 4019 4092 4427 4177; x_wconf 89' lang='lat' dir='ltr'><strong>temporibus</strong></span> <span class='ocrx_word' id='word_1_450' title='bbox 4468 4091 4553 4158; x_wconf 86' lang='lat' dir='ltr'><strong>ad</strong></span> 
     </span>
     <span class='ocr_line' id='line_1_76' title="bbox 2603 4176 4552 4262; baseline 0.001 -20"><span class='ocrx_word' id='word_1_451' title='bbox 2603 4176 3044 4245; x_wconf 85' lang='lat' dir='ltr'><strong>instituendas</strong></span> <span class='ocrx_word' id='word_1_452' title='bbox 3099 4178 3303 4262; x_wconf 90' lang='lat' dir='ltr'><strong>ipsius</strong></span> <span class='ocrx_word' id='word_1_453' title='bbox 3358 4198 3512 4244; x_wconf 86' lang='lat' dir='ltr'><strong>oves</strong></span> <span class='ocrx_word' id='word_1_454' title='bbox 3568 4180 3828 4262; x_wconf 89' lang='lat' dir='ltr'><strong>requiri.</strong></span> <span class='ocrx_word' id='word_1_455' title='bbox 3915 4179 4065 4261; x_wconf 79' lang='lat' dir='ltr'><strong>Qua</strong></span> <span class='ocrx_word' id='word_1_456' title='bbox 4119 4179 4193 4243; x_wconf 92' lang='lat' dir='ltr'><strong>in</strong></span> <span class='ocrx_word' id='word_1_457' title='bbox 4235 4199 4309 4244; x_wconf 89' lang='lat' dir='ltr'><strong>re</strong></span> <span class='ocrx_word' id='word_1_458' title='bbox 4349 4198 4552 4262; x_wconf 92' lang='lat' dir='ltr'><strong>quum</strong></span> 
     </span>
     <span class='ocr_line' id='line_1_77' title="bbox 2603 4263 4552 4349; baseline 0 -19"><span class='ocrx_word' id='word_1_459' title='bbox 2603 4286 2720 4349; x_wconf 91' lang='lat' dir='ltr'><strong>per</strong></span> <span class='ocrx_word' id='word_1_460' title='bbox 2763 4264 2888 4329; x_wconf 90' lang='lat' dir='ltr'><strong>Dei</strong></span> <span class='ocrx_word' id='word_1_461' title='bbox 2932 4265 3215 4348; x_wconf 88' lang='lat' dir='ltr'><strong>gratiam</strong></span> <span class='ocrx_word' id='word_1_462' title='bbox 3251 4268 3427 4343; x_wconf 92' lang='lat' dir='ltr'><strong>(mea</strong></span> <span class='ocrx_word' id='word_1_463' title='bbox 3470 4263 3734 4348; x_wconf 87' lang='lat' dir='ltr'><strong>quidem</strong></span> <span class='ocrx_word' id='word_1_464' title='bbox 3770 4265 4125 4343; x_wconf 87' lang='lat' dir='ltr'><strong>sententia)</strong></span> <span class='ocrx_word' id='word_1_465' title='bbox 4171 4265 4420 4348; x_wconf 88' lang='lat' dir='ltr'><strong>primas</strong></span> <span class='ocrx_word' id='word_1_466' title='bbox 4454 4273 4552 4330; x_wconf 87' lang='lat' dir='ltr'><strong>te-</strong></span> 
     </span>
     <span class='ocr_line' id='line_1_78' title="bbox 2605 4349 4553 4435; baseline 0.001 -20"><span class='ocrx_word' id='word_1_467' title='bbox 2605 4372 2780 4429; x_wconf 88' lang='lat' dir='ltr'><strong>neas,</strong></span> <span class='ocrx_word' id='word_1_468' title='bbox 2848 4350 2966 4414; x_wconf 91' lang='lat' dir='ltr'><strong>tibi</strong></span> <span class='ocrx_word' id='word_1_469' title='bbox 3023 4351 3312 4416; x_wconf 85' lang='lat' dir='ltr'><strong>vicissim</strong></span> <span class='ocrx_word' id='word_1_470' title='bbox 3378 4351 3690 4435; x_wconf 87' lang='lat' dir='ltr'><strong>gratulor,</strong></span> <span class='ocrx_word' id='word_1_471' title='bbox 3755 4373 3958 4435; x_wconf 90' lang='lat' dir='ltr'><strong>quum</strong></span> <span class='ocrx_word' id='word_1_472' title='bbox 4019 4349 4387 4435; x_wconf 84' lang='lat' dir='ltr'><strong>intelligam</strong></span> <span class='ocrx_word' id='word_1_473' title='bbox 4424 4370 4553 4434; x_wconf 82' lang='lat' dir='ltr'><strong>qua</strong></span> 
     </span>
     <span class='ocr_line' id='line_1_79' title="bbox 2604 4435 4551 4521; baseline 0.002 -22"><span class='ocrx_word' id='word_1_474' title='bbox 2604 4436 3017 4512; x_wconf 88' lang='lat' dir='ltr'><strong>dexteritate,</strong></span> <span class='ocrx_word' id='word_1_475' title='bbox 3084 4435 3428 4521; x_wconf 82' lang='lat' dir='ltr'><strong>diligentia</strong></span> <span class='ocrx_word' id='word_1_476' title='bbox 3485 4448 3550 4502; x_wconf 90' lang='lat' dir='ltr'><strong>et</strong></span> <span class='ocrx_word' id='word_1_477' title='bbox 3605 4438 3876 4502; x_wconf 88' lang='lat' dir='ltr'><strong>caritate</strong></span> <span class='ocrx_word' id='word_1_478' title='bbox 3933 4447 4227 4520; x_wconf 90' lang='lat' dir='ltr'><strong>praestes</strong></span> <span class='ocrx_word' id='word_1_479' title='bbox 4283 4458 4359 4503; x_wconf 90' lang='lat' dir='ltr'><strong>ac</strong></span> <span class='ocrx_word' id='word_1_480' title='bbox 4402 4458 4551 4520; x_wconf 90' lang='lat' dir='ltr'><strong>pro-</strong></span> 
     </span>
     <span class='ocr_line' id='line_1_80' title="bbox 2600 4521 4551 4608; baseline 0.001 -22"><span class='ocrx_word' id='word_1_481' title='bbox 2600 4542 2866 4587; x_wconf 85' lang='lat' dir='ltr'><strong>moveas</strong></span> <span class='ocrx_word' id='word_1_482' title='bbox 2923 4521 3382 4588; x_wconf 89' lang='lat' dir='ltr'><strong>admirandum</strong></span> <span class='ocrx_word' id='word_1_483' title='bbox 3442 4523 3568 4592; x_wconf 89' lang='lat' dir='ltr'><strong>hoc</strong></span> <span class='ocrx_word' id='word_1_484' title='bbox 3630 4531 3697 4589; x_wconf 84' lang='lat' dir='ltr'><strong>et</strong></span> <span class='ocrx_word' id='word_1_485' title='bbox 3752 4532 4240 4589; x_wconf 87' lang='lat' dir='ltr'><strong>sacrosanctum</strong></span> <span class='ocrx_word' id='word_1_486' title='bbox 4284 4521 4368 4588; x_wconf 90' lang='lat' dir='ltr'><strong>ab</strong></span> <span class='ocrx_word' id='word_1_487' title='bbox 4410 4524 4551 4608; x_wconf 91' lang='lat' dir='ltr'><strong>ipso</strong></span> 
     </span>
    </p>
   </div>
   <div class='ocr_carea' id='block_1_23' title="bbox 2604 4654 3017 4664">
    <p class='ocr_par' dir='ltr' id='par_1_25' title="bbox 2604 4654 3017 4664">
     <span class='ocr_line' id='line_1_81' title="bbox 2604 4654 3017 4664; baseline 0 0"><span class='ocrx_word' id='word_1_488' title='bbox 2604 4654 3017 4664; x_wconf 95' lang='lat' dir='ltr'><strong> </strong></span> 
     </span>
    </p>
   </div>
   <div class='ocr_carea' id='block_1_24' title="bbox 2598 4710 4552 5401">
    <p class='ocr_par' dir='ltr' id='par_1_26' title="bbox 2598 4710 4552 5401">
     <span class='ocr_line' id='line_1_82' title="bbox 2601 4710 4552 4794; baseline 0.002 -30"><span class='ocrx_word' id='word_1_489' title='bbox 2601 4710 2790 4792; x_wconf 55' lang='lat'><strong>2354.</strong></span> <span class='ocrx_word' id='word_1_490' title='bbox 2816 4711 2870 4778; x_wconf 90' lang='lat'><strong>1)</strong></span> <span class='ocrx_word' id='word_1_491' title='bbox 2920 4711 3054 4766; x_wconf 76' lang='lat' dir='ltr'><strong>Vide</strong></span> <span class='ocrx_word' id='word_1_492' title='bbox 3088 4716 3272 4794; x_wconf 55' lang='lat' dir='ltr'><strong>atr-faga</strong></span> <span class='ocrx_word' id='word_1_493' title='bbox 3307 4711 3438 4764; x_wconf 74' lang='lat' dir='ltr'><strong>haec</strong></span> <span class='ocrx_word' id='word_1_494' title='bbox 3473 4710 3789 4779; x_wconf 73' lang='lat' dir='ltr'><strong>simpliciter</strong></span> <span class='ocrx_word' id='word_1_495' title='bbox 3821 4725 3985 4766; x_wconf 73' lang='lat' dir='ltr'><strong>sensu</strong></span> <span class='ocrx_word' id='word_1_496' title='bbox 4016 4713 4367 4794; x_wconf 37' lang='lat' dir='ltr'><strong>parc-sevisti&amp;</strong></span> <span class='ocrx_word' id='word_1_497' title='bbox 4405 4711 4552 4767; x_wconf 67' lang='lat' dir='ltr'><strong>aneta</strong></span> 
     </span>
     <span class='ocr_line' id='line_1_83' title="bbox 2600 4779 4551 4932; baseline 0.001 -29"><span class='ocrx_word' id='word_1_498' title='bbox 2600 4786 2766 4929; x_wconf 57' lang='lat'><strong>2²33.</strong></span> <span class='ocrx_word' id='word_1_499' title='bbox 2781 4796 2878 4902; x_wconf 63' lang='lat'><em>‘²:32</em></span> <span class='ocrx_word' id='word_1_500' title='bbox 2910 4795 3067 4930; x_wconf 48' lang='lat' dir='ltr'><strong>2...ae-</strong></span> <span class='ocrx_word' id='word_1_501' title='bbox 3029 4779 4551 4932; x_wconf 46' lang='lat' dir='ltr'><strong>ffiwffassfflfflfaffqffimam</strong></span> 
     </span>
     <span class='ocr_line' id='line_1_84' title="bbox 2598 4918 4548 4989; baseline 0.002 -19"><span class='ocrx_word' id='word_1_502' title='bbox 2598 4918 2807 4986; x_wconf 61' lang='lat' dir='ltr'><strong>placata</strong></span> <span class='ocrx_word' id='word_1_503' title='bbox 2833 4919 3173 4972; x_wconf 63' lang='lat' dir='ltr'><strong>Amnon-um</strong></span> <span class='ocrx_word' id='word_1_504' title='bbox 3206 4919 3513 4986; x_wconf 65' lang='lat' dir='ltr'><strong>amplexum</strong></span> <span class='ocrx_word' id='word_1_505' title='bbox 3549 4933 3663 4972; x_wconf 72' lang='lat' dir='ltr'><strong>esse</strong></span> <span class='ocrx_word' id='word_1_506' title='bbox 3695 4923 3747 4972; x_wconf 75' lang='lat' dir='ltr'><strong>ct</strong></span> <span class='ocrx_word' id='word_1_507' title='bbox 3780 4934 4061 4974; x_wconf 65' lang='lat' dir='ltr'><strong>occassum</strong></span> <span class='ocrx_word' id='word_1_508' title='bbox 4092 4918 4292 4989; x_wconf 64' lang='lat' dir='ltr'><strong>synoda</strong></span> <span class='ocrx_word' id='word_1_509' title='bbox 4321 4918 4548 4974; x_wconf 70' lang='lat' dir='ltr'><strong>Pmo—</strong></span> 
     </span>
     <span class='ocr_line' id='line_1_85' title="bbox 2600 4985 4550 5057; baseline 0.002 -17"><span class='ocrx_word' id='word_1_510' title='bbox 2600 4987 2804 5040; x_wconf 61' lang='lat' dir='ltr'><strong>vienna</strong></span> <span class='ocrx_word' id='word_1_511' title='bbox 2837 4986 3101 5041; x_wconf 66' lang='lat' dir='ltr'><strong>Maenas</strong></span> <span class='ocrx_word' id='word_1_512' title='bbox 3134 4988 3275 5041; x_wconf 82' lang='lat' dir='ltr'><strong>male</strong></span> <span class='ocrx_word' id='word_1_513' title='bbox 3316 4987 3576 5041; x_wconf 71' lang='lat' dir='ltr'><strong>audiisse.</strong></span> <span class='ocrx_word' id='word_1_514' title='bbox 3632 4985 3809 5053; x_wconf 68' lang='lat' dir='ltr'><strong>(Hinc.</strong></span> <span class='ocrx_word' id='word_1_515' title='bbox 3839 4985 3941 5054; x_wconf 83' lang='lat' dir='ltr'><strong>ref.</strong></span> <span class='ocrx_word' id='word_1_516' title='bbox 3971 4989 4086 5057; x_wconf 78' lang='lat' dir='ltr'><strong>pol.</strong></span> <span class='ocrx_word' id='word_1_517' title='bbox 4127 5004 4184 5057; x_wconf 80' lang='lat' dir='ltr'><strong>p.</strong></span> <span class='ocrx_word' id='word_1_518' title='bbox 4213 4987 4363 5056; x_wconf 84' lang='lat'><strong>118.)</strong></span> <span class='ocrx_word' id='word_1_519' title='bbox 4407 4988 4550 5043; x_wconf 76' lang='lat' dir='ltr'><strong>For-</strong></span> 
     </span>
     <span class='ocr_line' id='line_1_86' title="bbox 2602 5054 4549 5123; baseline 0.002 -13"><span class='ocrx_word' id='word_1_520' title='bbox 2602 5062 2746 5110; x_wconf 70' lang='lat' dir='ltr'><strong>tasse</strong></span> <span class='ocrx_word' id='word_1_521' title='bbox 2790 5061 2971 5110; x_wconf 77' lang='lat' dir='ltr'><strong>tamen</strong></span> <span class='ocrx_word' id='word_1_522' title='bbox 3020 5054 3213 5109; x_wconf 64' lang='lat' dir='ltr'><strong>strici</strong></span> <span class='ocrx_word' id='word_1_523' title='bbox 3254 5072 3374 5110; x_wconf 77' lang='lat' dir='ltr'><strong>cum</strong></span> <span class='ocrx_word' id='word_1_524' title='bbox 3424 5054 3623 5110; x_wconf 75' lang='lat' dir='ltr'><strong>Socim</strong></span> <span class='ocrx_word' id='word_1_525' title='bbox 3665 5062 3718 5111; x_wconf 75' lang='lat' dir='ltr'><strong>et</strong></span> <span class='ocrx_word' id='word_1_526' title='bbox 3767 5055 3976 5112; x_wconf 69' lang='lat' dir='ltr'><strong>Ochino</strong></span> <span class='ocrx_word' id='word_1_527' title='bbox 4018 5057 4381 5123; x_wconf 65' lang='lat' dir='ltr'><strong>familiariter</strong></span> <span class='ocrx_word' id='word_1_528' title='bbox 4425 5072 4549 5114; x_wconf 68' lang='lat' dir='ltr'><strong>con-</strong></span> 
     </span>
     <span class='ocr_line' id='line_1_87' title="bbox 2601 5124 4549 5197; baseline 0.001 -18"><span class='ocrx_word' id='word_1_529' title='bbox 2601 5130 2850 5179; x_wconf 72' lang='lat' dir='ltr'><strong>versatus</strong></span> <span class='ocrx_word' id='word_1_530' title='bbox 2876 5124 3201 5193; x_wconf 74' lang='lat' dir='ltr'><strong>Bullinqero</strong></span> <span class='ocrx_word' id='word_1_531' title='bbox 3234 5133 3516 5193; x_wconf 76' lang='lat' dir='ltr'><strong>suspectu-5</strong></span> <span class='ocrx_word' id='word_1_532' title='bbox 3545 5125 3673 5191; x_wconf 69' lang='lat' dir='ltr'><strong>fieri</strong></span> <span class='ocrx_word' id='word_1_533' title='bbox 3701 5131 3935 5193; x_wconf 70' lang='lat' dir='ltr'><strong>poterat,</strong></span> <span class='ocrx_word' id='word_1_534' title='bbox 3970 5142 4285 5197; x_wconf 74' lang='lat' dir='ltr'><strong>quanquam</strong></span> <span class='ocrx_word' id='word_1_535' title='bbox 4311 5125 4549 5183; x_wconf 71' lang='lat' dir='ltr'><strong>Ochimu</strong></span> 
     </span>
     <span class='ocr_line' id='line_1_88' title="bbox 2601 5194 4551 5275; baseline 0 -26"><span class='ocrx_word' id='word_1_536' title='bbox 2601 5199 2712 5249; x_wconf 67' lang='lat' dir='ltr'><strong>tuan</strong></span> <span class='ocrx_word' id='word_1_537' title='bbox 2774 5195 3037 5275; x_wconf 59' lang='lat' dir='ltr'><strong>temporis</strong></span> <span class='ocrx_word' id='word_1_538' title='bbox 3092 5194 3331 5248; x_wconf 74' lang='lat' dir='ltr'><strong>nondum</strong></span> <span class='ocrx_word' id='word_1_539' title='bbox 3401 5201 3587 5263; x_wconf 77' lang='lat' dir='ltr'><strong>aperte</strong></span> <span class='ocrx_word' id='word_1_540' title='bbox 3641 5195 3705 5248; x_wconf 80' lang='lat' dir='ltr'><strong>in</strong></span> <span class='ocrx_word' id='word_1_541' title='bbox 3773 5200 3960 5250; x_wconf 71' lang='lat' dir='ltr'><strong>castra</strong></span> <span class='ocrx_word' id='word_1_542' title='bbox 4010 5196 4551 5252; x_wconf 65' lang='lat' dir='ltr'><strong>Antitriaitanom</strong></span> 
     </span>
     <span class='ocr_line' id='line_1_89' title="bbox 2600 5268 3853 5401; baseline 0.002 -15"><span class='ocrx_word' id='word_1_543' title='bbox 2600 5268 3096 5400; x_wconf 38' lang='lat' dir='ltr'><strong>witram-</strong></span> <span class='ocrx_word' id='word_1_544' title='bbox 3130 5331 3322 5401; x_wconf 72' lang='lat' dir='ltr'><strong>loqisec</strong></span> <span class='ocrx_word' id='word_1_545' title='bbox 3353 5348 3466 5388; x_wconf 67' lang='lat' dir='ltr'><strong>nou</strong></span> <span class='ocrx_word' id='word_1_546' title='bbox 3497 5333 3853 5388; x_wconf 66' lang='lat' dir='ltr'><strong>meminimu-</strong></span> 
     </span>
    </p>
   </div>
  </div>
 </body>
</html>
