4850 6200
414 438 539 499 647

587 618 849 706 Insigni
884 616 1137 685 Christi
1173 634 1366 680 servo
1402 609 1762 680 Guilielmo
1820 605 2087 674 Farello
2127 604 2378 670 Neoco·

412 711 666 777 mensis
711 703 1021 772 ecclesiae
1054 700 1185 767 fido
1219 699 1468 783 pastori
1504 697 1689 762 fratri
1736 703 1803 760 et
1844 693 2016 778 patri
2075 711 2195 756 suo
2237 689 2378 773 plu-

416 799 664 863 rimum
705 787 1099 860 venerando.
1872 863 2207 932 Neooomi·

594 1052 665 1117 S.
758 1050 907 1116 Non
976 1045 1202 1111 dubito
1268 1045 1429 1128 quin
1488 1041 1569 1106 de
1622 1039 1833 1105 turbis
1877 1034 2382 1104 Genevensibus

420 1139 633 1205 nimie
668 1136 881 1203 multa
924 1132 1276 1200 audiveris.
1344 1130 1421 1195 P.
1455 1132 1502 1203 ¹)
1547 1148 1693 1194 cum
1742 1125 1887 1190 aliis
1932 1124 2186 1208 aliquot
2227 1141 2378 1222 pro-

424 1224 747 1293 clamatus
815 1233 883 1288 et
947 1219 1297 1285 damnatus
1342 1224 1457 1280 est.
1540 1209 1761 1278 Audio
1822 1210 2013 1275 illum
2083 1209 2228 1274 heri
2272 1207 2380 1271 hic

422 1310 769 1377 dormiisse
833 1314 902 1373 et
972 1303 1346 1386 Arctopolin
1401 1300 1784 1384 profectum.
1877 1294 2096 1377 Quam
2152 1300 2379 1393 metuq

419 1419 508 1463 ne
573 1397 737 1462 istae
799 1393 1034 1459 turbae
1089 1390 1445 1473 plurimum
1520 1405 1703 1469 spem
1769 1382 1953 1448 illam
2019 1377 2381 1446 renovandi

420 1481 701 1551 foederis
721 1485 778 1555 ²)
822 1486 1236 1545 remorentur
1257 1494 1453 1557 quam
1476 1488 2002 1552 conceperamus.
2092 1465 2379 1530 Satanas

422 1569 592 1636 nihil
636 1587 841 1650 usque
868 1564 1178 1645 relinquit
1202 1562 1616 1625 intentatum.
1706 1555 1885 1621 Sunt
1902 1551 2134 1618 turbae
2158 1552 2380 1648 Gran·

425 1654 692 1732 dissoni,
760 1665 915 1718 sunt
983 1648 1202 1714 Orbae
1218 1646 1295 1731 ⁸),
1342 1652 1496 1710 sunt
1552 1642 1804 1724 ubique.
1896 1637 2075 1721 Quid
2142 1639 2232 1736 in·
2277 1636 2381 1701 his

425 1741 619 1806 malis
684 1757 1028 1821 speremus
1092 1732 1327 1799 auxilii
1388 1729 1469 1794 ab
1531 1728 1906 1793 hominibus
1971 1745 2103 1790 non
2170 1721 2380 1788 Video.

424 1913 635 1978 Recte
678 1909 911 1975 feceris
955 1908 1012 1972 si
1056 1926 1250 1989 saepe
1312 1902 1394 1968 ad
1442 1899 1773 1967 Calvinum
1815 1897 2080 1996 scribas.
2103 1898 2165 1996 ⁴.)
2200 1895 2381 1995 ‘Nam

424 2001 496 2063 in
542 1996 802 2080 magnis
847 1993 1241 2058 constit-utus
1300 2002 1402 2054 est
1438 1986 1778 2071 augustiis.
1870 1982 2049 2065 Quid
2093 2004 2149 2047 si
2196 1980 2383 2045 illum

424 2080 794 2148 inviseres?
823 2084 872 2159 ⁶)
962 2115 1045 2125 —
1088 2114 1175 2125 —
1219 2075 1456 2141 Saluta
1478 2072 1792 2157 collegam
1818 2082 1886 2135 et
1908 2069 2169 2135 amicos.
2220 2065 2385 2130 Vale

427 2170 691 2252 optime.
762 2167 1214 2230 Lausannae5
1256 2161 1431 2227 Iunii
1483 2165 1664 2224 1555.

1410 2298 1592 2362 'l'uus
1636 2296 1879 2361 Petrus
1924 2292 2217 2357 Viretus.

1310 2810 1508 2882 2223.

779 2966 1373 3039 SECHELLIUS
1420 2966 2054 3034 BULLINGERO.

612 3144 942 3213 Nonnulla
984 3141 1203 3209 scribit
1243 3141 1318 3206 de
1352 3140 1623 3206 tumultu
1671 3140 2033 3206 Genevenoi.

440 3321 809 3386 (Excerptum
847 3331 914 3369 ex
951 3312 1292 3382 autographo
1330 3311 1470 3365 Bibl.
1508 3312 1660 3364 civic.
1697 3311 2006 3393 sl'uricensis
2042 3310 2195 3366 MSS.
2230 3312 2275 3366 F
2309 3311 2394 3380 62,

662 3387 791 3440 olim
828 3384 967 3454 Epp.
1007 3383 1159 3437 Tom.
1198 3380 1283 3448 27,
1320 3382 1354 3436 f.
1391 3378 1512 3435 493.
1548 3410 1613 3419 —
1652 3381 1866 3434 Simler.
1905 3381 2030 3435 Vol.
2067 3379 2174 3444 85.)

609 3554 1009 3625 Doctissimo
1074 3553 1748 3636 excellentissimoque
1829 3555 1972 3620 viro
2037 3554 2122 3618 D.
2181 3553 2393 3617 Henr.

435 3646 831 3729 Bullingero
876 3640 1187 3722 ecclesiae
1206 3639 1564 3725 Tigurinae
1585 3641 1832 3722 pastori
1878 3639 2391 3810 viggfflimo.

441 3988 551 4054 De
587 3985 976 4053 tumultibus
1011 3988 1121 4068 qui
1160 3985 1267 4050 hic
1302 3995 1664 4050 evenerunt
1687 3985 1808 4050 tibi
1840 4005 2052 4068 pauca
2086 3985 2398 4051 scribam:

442 4096 601 4140 nam
645 4073 842 4139 etiam
896 4084 962 4138 te
1004 4072 1210 4137 latere
1243 4091 1373 4136 non
1408 4071 1617 4137 credo.
1699 4070 2008 4156 Quinque
2052 4092 2168 4155 per
2211 4091 2400 4155 prae-

444 4183 676 4228 conem
746 4171 846 4224 ter
910 4159 1128 4224 vocati
1193 4179 1324 4222 non
1370 4165 1894 4241 comparuerunt,
1922 4160 1972 4240 ¹)
2017 4155 2134 4223 sed
2176 4166 2401 4223 tamen

438 4247 641 4312 morti
674 4247 938 4310 fuerunt
973 4243 1403 4309 condemnati.
1460 4243 1696 4310 Adhuc
1727 4246 2014 4327 quinque
2049 4245 2120 4308 in
2143 4263 2402 4311 carcere

440 4333 837 4410 detinentur,
848 4335 904 4415 ²)
920 4329 1117 4396 huius
1135 4330 1234 4394 rei
1254 4330 1515 4409 conscii,
1528 4350 1691 4414 quos
1712 4331 2041 4396 immunes
2056 4350 2189 4395 non
2211 4351 2401 4414 spero

446 4520 636 4575 2222.
658 4521 714 4586 1)
753 4519 1035 4574 Petrinus.

650 4588 713 4650 2)
758 4587 890 4658 Rey.
937 4587 1014 4642 du
1054 4586 1269 4641 Conseil
1304 4586 1387 4639 27.
1430 4586 1571 4640 Mai.
1642 4586 1867 4644 Ructat
1898 4588 2000 4643 VI.
2041 4585 2139 4640 131
2175 4601 2250 4640 ss.
2293 4584 2401 4654 (N.

442 4657 628 4726 “um'‘
653 4726 715 4792 s)
750 4724 826 4780 N.
861 4724 1015 4779 2217.

651 4794 716 4859 4)
756 4794 988 4848 Miraris
1034 4799 1146 4847 tam
1190 4807 1403 4861 paucas
1439 4791 1655 4846 Farelli
1698 4794 1775 4846 ad
1808 4791 2100 4848 Calvinum
2142 4791 2244 4846 Ιοοο
2277 4797 2402 4845 tem·

442 4881 582 4934 pore
616 4866 858 4931 scriptas
891 4878 1006 4917 esse
1038 4864 1384 4944 supermitte.-
1421 4877 1457 4914 α
1491 4859 1575 4913 24.
1603 4860 1776 4916 Mart.
1811 4861 1891 4916 ad
1923 4861 2007 4917 10.
2034 4859 2144 4915 Iul.
2176 4860 2405 4917 nullam

449 4931 718 5069 annai}
806 4938 1004 5066 mnf*
1026 4932 1170 5068 Εἶτ’
1200 4928 1462 5067 (giam,
1482 4931 1706 5065 'ren-a,
1756 4998 2052 5054 Mamaos.
2123 4998 2289 5069 (περ.
2326 4998 2405 5053 α..

448 5070 674 5210 ὴσὲεᾶεϋ
708 5071 757 5122 3.
795 5069 952 5134 Iun.)
1025 5069 1225 5124 Petrus
1271 5069 1479 5122 Vandael
1527 5068 1705 5122 serius
1749 5070 1963 5122 denum
2321 5084 2405 5123 re·

456 5205 1862 5358 stmssmfflffmffztaess'm‘mw‘
1874 5205 2403 5331 Z‘ssl‘ffimfffflffi

444 5348 575 5417 tuot.
648 5343 739 5399 De
771 5351 1010 5414 quatuor
1041 5350 1232 5411 postea
1267 5346 1595 5413 ευρρὶιοωηι
1630 5351 1919 5413 sumptum.

1922 415 2451 487 EPISTOLAE
2497 414 2922 479 2222—2225

4300 400 4424 462 648

2480 602 2635 666 fore.
2704 600 2796 665 Hi
2819 620 3049 666 omnes
3070 604 3300 665 contra
3334 594 3735 679 praepositos
3770 588 4054 657 civitatis
4079 610 4154 655 ac
4199 585 4431 687 Gallos

2479 686 2668 772 (quos
2710 694 3058 751 extraneos
3101 687 3372 759 vocant)
3407 680 3875 762 conspirarant.
3945 673 4079 741 Sed
4103 675 4430 741 Dominus

2480 793 2589 837 eos
2633 772 2993 856 impedivit.

2480 858 2586 923 Ex
2634 857 2910 923 Genera
2958 862 3012 920 5.
3061 856 3238 921 Iunii
3290 858 3471 917 1555.

3083 796 4430 818 —————-—--‘—-—

3789 988 3971 1052 Tuus
4006 1007 4090 1050 ex
4125 984 4345 1050 animo

3893 1071 4245 1138 Sechelles.

3368 1643 3571 1714 2224.

2837 1800 2961 1866 BL
2970 1799 3403 1866 AURERUS
3448 1797 4086 1866 BULLINGERO.

2662 1971 3012 2038 Lacherani
3040 1973 3224 2056 pacis
3258 1972 3619 2037 turbatores,
3705 1969 3957 2037 Calvini
4000 1970 4158 2035 laus.
4246 1968 4440 2034 Gene-

2486 2060 2696 2126 vensss
2748 2059 3064 2124 tumultw.

2495 2234 2854 2301 (Excerptum
2908 2248 2974 2284 ex
3021 2230 3359 2300 autographo
3407 2229 3575 2285 Arcb.
3615 2229 3790 2283 Turio.
3840 2229 3983 2282 Plut.
4019 2229 4113 2283 vl.
4167 2229 4286 2285 Vol.
4322 2227 4438 2293 163,

2538 2303 2667 2356 olim
2703 2301 2866 2355 scrin.
2907 2300 2968 2353 Β.
3000 2299 3143 2370 Epp.
3179 2299 3331 2352 Tom.
3368 2297 3452 2364 28,
3490 2298 3582 2352 sol.
3620 2297 3738 2351 412.
3778 2327 3842 2338 —
3881 2298 4092 2351 Simler.
4134 2297 4256 2352 vol.
4292 2296 4406 2363 85.)

2498 2558 2967 2624 Consensionis
3025 2567 3280 2622 vestrae
3337 2559 3409 2621 in
3454 2577 3693 2623 coenae
3738 2555 4031 2622 doctrina
4075 2556 4446 2623 defensione

2499 2643 2658 2729 quid
2679 2644 2853 2727 apud
2873 2646 3036 2710 istos
3058 2642 3387 2727 quosdam,
3411 2643 3648 2726 quibus
3692 2643 3858 2707 nihil
3905 2644 4065 2709 sat-is
4109 2643 4234 2707 nisi
4274 2641 4447 2725 quod

2498 2731 2918 2796 immodicum
2963 2741 3080 2803 est,
3127 2728 3490 2813 profectum
3545 2729 3649 2803 sit.
3689 2750 3819 2794 non
3855 2730 4136 2813 ignoras.
4228 2727 4449 2811 Supra

2497 2816 2769 2882 modum
2829 2816 2992 2880 mihi
3047 2816 3272 2880 dolent
3329 2826 3460 2881 tam
3517 2815 3869 2880 irritabiles
3906 2816 4243 2891 stomachi,
4289 2835 4451 2897 quos

2498 2903 2683 2968 nulla
2719 2903 3138 2968 ecclesiarum
3176 2902 3278 2966 vel
3327 2902 3613 2985 pericula
3651 2903 3752 2967 vel
3801 2900 4193 2967 offendicula
4236 2921 4448 2965 remo-

2498 2990 2630 3054 rari
2692 2999 2971 3072 possunt
3033 2989 3404 3071 quominus,
3463 2999 3538 3053 ut
3580 2989 3711 3053 iam
3768 2987 4012 3054 dudum
4078 2996 4448 3072 coeperunt,

2499 3076 2924 3159 pertinaciter
2966 3073 3125 3140 adeo
3157 3087 3452 3159 pergant.
3547 3073 3875 3141 Dominus
3911 3075 4099 3141 Iesus
4142 3073 4452 3141 Christus

2498 3163 2801 3246 princeps
2846 3160 3092 3227 solidae
3134 3170 3395 3226 nostrae
3448 3172 3879 3245 aeternaeque
3938 3164 4116 3247 pacis
4159 3163 4452 3226 omnium

2499 3248 2806 3313 ecclesiae
2870 3267 3025 3312 suae
3104 3249 3553 3313 ministrorum
3617 3248 3872 3314 animos
3936 3271 4093 3314 suae
4157 3248 4450 3315 caritatis

2498 3332 2783 3399 vinculis
2840 3333 3203 3399 arctissime
3259 3336 3683 3418 constringat,
3747 3344 3822 3399 ut
3864 3355 4029 3417 quae
4073 3337 4250 3418 pacis
4293 3342 4450 3400 sunt

2497 3418 2666 3484 serio
2711 3419 3140 3483 aemulentur.

2670 3503 3211 3588 Incomparabilis
3254 3505 3599 3590 theologus
3663 3505 3963 3570 Calvinus
3999 3513 4220 3571 noster
4263 3514 4452 3570 tanta

2499 3591 2752 3656 laborat
2816 3590 3066 3656 invidia
3121 3591 3292 3674 apud
3354 3590 3714 3674 plerosque,
3771 3612 3934 3673 quos
3977 3612 4096 3657 sua
4150 3591 4293 3655 luce
4336 3592 4450 3655 ob-

2498 3686 2736 3756 scurat,
2773 3690 2849 3741 ut
2884 3696 3002 3761 pro
3041 3677 3549 3743 haereticissimo
3591 3678 3671 3742 ab
3706 3677 3868 3762 ipsis
3905 3677 4133 3742 haberi
4171 3684 4237 3741 et
4272 3676 4447 3760 apud

2447 3777 2450 3788 ·
2500 3764 2661 3829 alios
2726 3764 2921 3828 etiam
2988 3763 3242 3828 traduci
3307 3764 3596 3846 incipiat,
3667 3765 4011 3846 praecipue
4076 3762 4160 3828 ob
4202 3762 4451 3826 editum

2504 3849 2585 3914 de
2632 3848 2860 3915 divina
2905 3848 3496 3932 praedestinatione
3540 3848 3854 3928 libellum,
3899 3852 3968 3913 in
4013 3870 4138 3932 quo
4182 3848 4454 3932 iniquis-

2503 3936 2653 4000 simi
2706 3937 3098 4019 interpretes
3141 3936 3490 4000 inveniunt
3548 3936 3864 4001 nonnulla
3919 3956 4086 4018 quae
4129 3935 4452 4000 affectatis

2503 4022 2968 4104 exquisitisque
3004 4021 3351 4088 calumniis
3385 4022 3792 4087 odiosissime
3826 4023 4248 4087 insectentur.
4336 4020 4452 4084 In·

2503 4109 2700 4172 terim
2759 4107 2869 4172 ille
2922 4128 3161 4192 magno
3215 4121 3282 4172 et
3326 4109 3600 4173 infracto
3644 4107 3878 4191 spiritu
3925 4108 4146 4172 omnia
4187 4107 4452 4190 perfert,

2505 4196 2716 4260 victor
2795 4193 3038 4276 absque
3102 4192 3298 4259 dubio
3364 4194 3562 4258 etiam
3632 4195 3986 4259 toleranter
4063 4192 4454 4259 sustinendo

2505 4301 2843 4355 evasurus,
2903 4301 3036 4345 non
3096 4278 3474 4345 deserturus
3541 4291 3758 4345 tamen
3826 4280 4090 4344 interim
4159 4278 4456 4343 veritatis

2505 4365 3034 4431 honestissimum
3079 4367 3534 4448 patrocinium.

2676 4449 3001 4517 Audimus
3059 4453 3187 4517 iam
3246 4451 3821 4536 periculosissimos
3877 4463 4093 4516 motus
4138 4450 4458 4516 Genevae

2504 4545 2786 4614 exortos,
2865 4537 3153 4604 nondum
3220 4549 3439 4603 tamen
3507 4537 3754 4620 liquido
3818 4558 4206 4622 cognoscere
4269 4537 4460 4602 licuit

2507 4623 2742 4706 quibus
2810 4625 3145 4690 autoribus
3188 4645 3433 4707 quasve
3478 4623 3561 4688 ob
3627 4645 3876 4699 causas,
3945 4627 4202 4689 tametsi
4283 4624 4459 4690 istuc

2505 4728 2759 4792 quoque
2803 4730 2886 4774 ex
2932 4711 3158 4775 amicis
3209 4710 3276 4774 in
3324 4710 3518 4775 boras
3584 4710 3951 4796 intelligere
3994 4729 4238 4794 magno
4284 4710 4458 4776 desi-

2506 4793 2687 4861 derio
2731 4807 3122 4879 exspectem.
3203 4795 3354 4861 Non
3394 4796 3617 4863 dubito
3655 4816 3814 4861 vero
3857 4797 4015 4881 quin
4059 4805 4134 4861 tu
4179 4797 4462 4863 certiora

2506 4879 2851 4947 habiturus
2894 4885 2985 4948 sis
3029 4891 3383 5033 antquuam
3419 4882 3538 4948 has
3574 4904 3755 4950 meas
3799 4883 4094 4967 accipias.
4135 4920 4215 4929 —
4255 4920 4336 4930 —
4373 4920 4460 4930 —

2507 4999 2591 5012 —-
2633 5004 2714 5015 —-
2765 5005 2844 5015 -—-
2891 5005 2971 5015 —-
3022 4973 3077 5033 7.
3163 4969 3298 5034 unii
3353 4975 3534 5033 1555.

3360 5104 3535 5170 Vere
3578 5107 3651 5171 Τ.
3711 5105 3939 5172 Ambr.
3984 5106 4371 5173 Blaurerus.
