4850 6200
485 379 606 441 371

483 565 546 632 si
601 585 643 630 a
692 563 973 647 receptis
1027 561 1266 626 ritibus
1323 555 1694 637 recedatur,
1749 557 2039 625 levitatis
2091 566 2159 624 et
2209 559 2434 624 incon-

483 650 800 726 stantiae,
854 649 1034 731 quasi
1104 645 1349 711 nullius
1413 653 1632 708 certae
1695 644 2031 729 religionis
2103 663 2431 729 sequaces,

483 756 862 821 arguamur.
971 732 1099 798 His
1163 742 1232 796 et
1296 728 1625 813 pluribus,
1692 751 1855 812 quas
1934 730 2219 796 scribere
2298 749 2432 794 nen

473 821 704 899 libuit,
749 818 1111 885 rationibus
1155 818 1512 882 fulciuntur
1553 817 2103 882 caeremoniarum
2149 817 2431 899 pat-roni,

469 907 723 991 quibus
767 908 859 970 sic
901 903 1229 969 mordicus
1273 902 1550 968 haerent
1595 900 1723 966 viri
1768 902 2009 984 alioqui
2068 922 2307 986 graves
2364 914 2434 967 et

459 992 744 1063 seruditi,
781 990 964 1073 quasi
1004 1010 1139 1054 una
1173 1009 1320 1054 cum
1374 988 1505 1052 illis
1541 988 1754 1052 omnis
1788 1008 1949 1052 vera
1991 987 2223 1071 religio
2267 996 2427 1052 nau-

483 1080 765 1162 fragium
818 1085 989 1141 esset
1043 1075 1315 1140 factura.
1415 1072 1595 1140 Sunt
1636 1074 1744 1155 qui
1803 1082 2035 1139 centra
2090 1094 2205 1156 pre
2252 1073 2429 1137 virili

483 1165 804 1237 nituntur,
852 1162 1254 1226 affirmantes
1298 1158 1615 1225 eradicari
1658 1157 1876 1225 deberi
1899 1162 1935 1197 ⁶
1980 1157 2239 1242 plantas
2280 1159 2431 1223 illas

485 1270 524 1314 e
563 1248 798 1331 quibus
843 1248 1215 1329 superstitio
1259 1246 1483 1309 verius
1521 1265 1716 1327 quam
1761 1265 1918 1311 vera
1961 1246 2167 1327 pietas
2211 1244 2429 1328 colligi

483 1334 705 1419 pessit.
797 1333 885 1396 Et
925 1354 1012 1397 ex
1058 1332 1179 1396 hec
1240 1351 1512 1395 numere
1562 1350 1667 1394 me
1724 1352 1930 1395 uuum
1989 1352 2132 1396 esse
2188 1351 2431 1415 negare

481 1441 613 1485 neu
662 1440 944 1503 pessum.
1048 1417 1194 1481 Neu
1240 1413 1410 1500 qued
1453 1415 1616 1480 mihi
1658 1417 1942 1482 schisma
1982 1417 2253 1500 placeat,
2313 1426 2435 1481 aut

483 1505 618 1570 ulla
662 1503 911 1586 (Deum
968 1510 1198 1574 tester)
1240 1523 1347 1568 me
1393 1515 1656 1566 moveat
1707 1503 1965 1584 privata
2022 1500 2252 1580 libide,
2315 1500 2432 1567 sed

526 1589 655 1656 uod
700 1590 987 1657 actiones
1030 1587 1277 1654 Christi
1332 1587 1443 1666 (de
1488 1608 1676 1653 sacra
1708 1588 1886 1653 illius
1921 1609 2123 1653 coena
2165 1599 2432 1654 centen-

527 1678 691 1756 itur)
747 1675 1173 1740 caeremoniis
1242 1673 1324 1739 ab
1391 1673 1762 1739 hominibus
1817 1674 2204 1758 excogitatis
2262 1673 2432 1739 velle

483 1783 718 1827 ornare
761 1760 921 1825 mihi
969 1760 1386 1825 temerarium
1433 1770 1500 1823 et
1544 1760 1813 1842 impium
1861 1760 2138 1824 videtur.
2239 1757 2431 1824 Adde

485 1847 654 1931 qued
699 1846 1079 1930 simplicitas
1122 1845 1448 1910 actionum
1496 1844 1765 1923 Christi,
1807 1845 2229 1928 quantumvis
2271 1844 2431 1909 ridi-

484 1933 633 1997 cula
676 1934 856 1998 carni
900 1930 1224 2008 videatur,
1271 1952 1465 2013 quam
1510 1930 1829 1996 laboriosa
1871 1944 1939 1995 et
1981 1932 2433 2013 superstitiosa

483 2019 744 2102 pietatis
815 2017 1162 2083 ostent-atie
1221 2016 1642 2099 evangelicae
1700 2017 1832 2081 luci
1903 2017 2064 2081 mihi
2138 2018 2279 2081 visa
2333 2027 2434 2082 est

483 2104 965 2169 consonantior.
1039 2101 1284 2183 Quales
1330 2112 1550 2167 autem
1596 2104 1729 2167 sint
1771 2102 2213 2168 caeremoniae
2259 2102 2428 2175 illae,

483 2209 605 2274 pre
639 2189 871 2272 quibus
915 2187 1381 2254 conservandis
1434 2187 1517 2252 ad
1562 2187 1934 2253 ecclesiolae
1988 2187 2182 2253 huius
2243 2188 2432 2252 dissi·

484 2276 809 2375 patienem
855 2275 1168 2340 acerrime
1210 2272 1665 2347 contenditur,
1713 2296 1795 2339 ex
1840 2273 2051 2339 literis
2094 2272 2226 2339 illis
2268 2293 2431 2357 quas

484 2383 557 2427 iu
597 2381 821 2426 mense
861 2359 1216 2425 Novembri
1239 2363 1292 2441 ³)
1349 2360 1430 2423 ad
1486 2360 1568 2425 D.
1635 2359 1963 2425 Calvinum
2009 2358 2185 2423 dedit
2229 2363 2434 2425 frater

486 2454 708 2514 nester
763 2446 1136 2513 Gulielmus
1209 2444 1650 2529 Wiuinyamus
1718 2445 2086 2529 intelligere
2138 2445 2432 2529 potestis,

487 2533 886 2601 ornatissimi
932 2532 1077 2608 viri,
1123 2551 1282 2615 quas
1327 2552 1440 2597 ere
1494 2544 1561 2596 et
1613 2532 1877 2597 ebsecro
1922 2540 1999 2595 ut
2055 2551 2171 2614 per
2228 2532 2435 2597 otium

483 2618 720 2702 legere,
780 2639 897 2684 nec
957 2637 1087 2681 neu
1161 2637 1357 2699 super
1411 2616 1534 2683 hec
1589 2618 1848 2702 negotio
1905 2615 1988 2683 ad
2054 2639 2158 2681 me
2213 2627 2438 2683 vestra

484 2703 727 2770 iudicia
770 2702 1123 2771 rescribere
1169 2724 1253 2768 ue
1298 2703 1651 2788 denegetis,
1725 2703 1874 2768 Non
1919 2702 2090 2786 qued
2135 2714 2436 2769 exactam

486 2811 710 2856 rerum
734 2790 1016 2855 sutilium
1063 2808 1103 2852 a
1148 2789 1331 2854 vebis
1354 2788 1810 2854 refutationem
1850 2799 2067 2872 petam
2107 2790 2434 2872 (iniquum

488 2877 660 2942 enim
709 2874 776 2939 id
821 2878 1042 2953 esset),
1089 2873 1203 2938 scd
1257 2884 1326 2937 ut
1370 2873 1572 2939 libere
1616 2896 1733 2958 per
1787 2895 1906 2939 ves
1951 2876 2435 2957 pronunciatur,

488 2983 575 3026 an
641 2960 756 3027 tali
803 2962 1354 3024 caeremoniarum
1415 2960 1745 3043 farragine
1811 2957 2147 3026 ecclesiam
2187 2959 2437 3026 Christi

489 3043 889 3113 onerandam
951 3043 1270 3112 iudicetis.
1388 3042 1583 3127 Quod
1654 3046 1711 3110 si
1773 3044 2089 3123 feceritis,
2156 3045 2260 3110 vel
2333 3065 2438 3110 me

487 3130 876 3199 revocabitis
930 3130 1012 3196 ab
1056 3151 1277 3196 errore
1321 3141 1531 3206 (error
1573 3132 1747 3195 euim
1791 3131 1858 3196 id
1915 3132 2141 3197 multis
2198 3131 2440 3198 dicitur

492 3218 664 3302 qued
752 3237 1035 3282 asseram
1137 3216 1390 3283 Christi
1492 3227 1899 3283 sacramenta
1995 3218 2438 3283 administrari

492 3301 766 3369 deberi*
806 3304 996 3368 iuxta
1039 3302 1390 3385 puritatem
1435 3302 1616 3368 verbi
1659 3304 1780 3378 sui,
1827 3324 1961 3368 nen
2004 3306 2189 3369 iuxta
2232 3304 2441 3369 hemi-

493 3409 655 3454 num
700 3388 1256 3472 constitutiones),
1303 3388 1410 3455 vel
1449 3388 1795 3454 morosulis
1840 3387 2107 3472 aliquot,
2166 3391 2276 3473 qui
2333 3409 2440 3455 me

493 3473 896 3559 singularem
939 3475 1006 3538 in
1032 3474 1155 3540 hac
1200 3473 1559 3558 pertinacia
1578 3475 2059 3558 proclamitant,
2103 3475 2440 3542 silentium

491 3562 878 3645 imponetur.
967 3560 1050 3625 In
1095 3560 1289 3627 rebus
1333 3571 1466 3626 tam
1524 3560 1819 3627 leviculis
1874 3562 1957 3627 D.
2012 3559 2269 3628 Calvino
2326 3583 2441 3628 ue-

496 3648 745 3733 getium
790 3647 1002 3712 facere
1038 3667 1143 3710 me
1186 3645 1438 3730 puduit,
1481 3667 1672 3729 quem
1706 3655 1930 3712 tamen
1972 3669 2091 3732 per
2134 3667 2254 3713 ves
2297 3667 2444 3713 mee

498 3733 764 3797 nomine
808 3741 1061 3798 oratum
1127 3731 1326 3798 velim
1370 3740 1463 3811 ut,
1519 3733 1576 3797 si
1633 3731 1715 3797 ad
1773 3753 2008 3818 graves
2065 3734 2211 3799 illes
2264 3735 2443 3798 vires

502 3818 879 3903 anglicanae
944 3817 1226 3884 nationis
1289 3820 1400 3902 qui
1467 3818 1699 3904 Tiguri
1763 3829 1919 3884 sunt
1981 3818 2306 3886 scribendi
2371 3839 2444 3885 se

503 3905 738 3969 efferat
835 3903 1116 3979 eccasie,
1203 3915 1280 3968 ut
1361 3903 1494 3969 illis
1590 3904 1672 3968 ad
1767 3920 2053 3971 mentem
2135 3926 2445 3972 revocare

504 3987 828 4074 dignetur,
851 3992 908 4071 ⁴)
968 3989 1383 4074 evangelium
1442 3989 1692 4056 Christi
1749 4011 1883 4055 neu
1940 4011 2081 4057 esse
2135 3992 2448 4056 intertur-

504 4075 725 4140 batum
771 4082 1037 4158 prepter
1088 4077 1529 4141 caeremonias
1586 4076 1968 4142 humanitus
2023 4078 2446 4162 excogitatas,

502 4160 825 4244 simulque
886 4171 959 4225 ut
1020 4161 1098 4225 ab
1143 4161 1255 4226 ille
1314 4163 1532 4239 sciam,
1600 4184 1804 4247 egone
1869 4165 2113 4246 possim
2176 4163 2256 4229 ab
2321 4161 2446 4230 hac

499 4249 841 4314 vocatione
877 4247 1103 4311 illaesa
1146 4248 1540 4313 couscientia
1563 4249 1897 4326 desistere,
1943 4270 2147 4332 quum
2189 4249 2445 4315 videam

502 4333 755 4398 labores
799 4353 978 4397 meos
1037 4333 1114 4395 ad
1175 4333 1658 4417 dissipationem
1720 4337 1928 4419 magis
1980 4335 2175 4400 huius
2224 4337 2445 4419 gregis

502 4439 695 4502 quam
720 4420 1254 4504 aggregationem
1278 4420 1506 4486 facere.
1565 4421 1668 4484 Ex
1717 4420 1822 4486 his
1867 4423 2049 4486 sime
2075 4420 2446 4504 propediem

503 4506 838 4571 certiorem
884 4515 1104 4569 vestra
1150 4504 1427 4571 reddant
1470 4507 1710 4590 scripta
1756 4528 1884 4572 nen
1928 4528 2034 4573 me
2077 4507 2287 4573 selum
2331 4505 2446 4573 sed

502 4604 571 4656 et
653 4592 792 4674 pies
880 4590 1125 4673 aliquot
1208 4589 1432 4658 eadem
1500 4593 1608 4658 hie
1673 4594 2002 4658 anxietate
2081 4591 2450 4659 laborantes

505 4697 745 4758 magna
809 4676 1105 4741 molestia
1186 4677 1561 4744 liberabitis.
1705 4678 1968 4759 Valete,
2051 4680 2448 4744 ornatissimi

502 4763 626 4826 viri
674 4774 740 4828 et
793 4763 1027 4826 fratres
1091 4763 1160 4827 in
1228 4761 1493 4829 Christe
1557 4764 2013 4831 colendissimi.
2123 4764 2449 4832 Dominus

503 4850 692 4913 Iesus
736 4860 955 4915 vestra
997 4848 1268 4915 consilia
1308 4849 1549 4936 dirigat
1590 4872 1710 4918 sue
1753 4852 2016 4934 spiritu,
2061 4851 2449 4935 laboresque

710 5087 771 5148 3)
804 5103 913 5141 mm
949 5088 1259 5143 Decembri.-
1306 5091 1472 5144 aliam
1518 5095 1659 5144 enim
1706 5107 1775 5146 ac
1817 5092 1974 5146 modo
2019 5089 2302 5145 lautianm
2338 5106 2451 5145 nou

503 5159 587 5209 m
620 5155 774 5286 quoii)
797 5171 1091 5346 qfflaz'l.
1136 5225 1356 5282 Caluini
1395 5244 1508 5283 non
1552 5233 1744 5282 exsta.
1817 5227 2050 5298 Scripsit

477 5290 814 5360 ,sardienses
849 5293 924 5348 N.
2093 5228 2170 5282 ad
2206 5227 2454 5283 From·

1971 367 2492 437 EPISTOLAE
2539 370 2961 436 2077-2079

4278 398 4283 405 ·
4353 369 4477 433 3⁷2

2539 564 2798 625 vestros
2861 555 2942 623 ad
2988 555 3251 623 laudem
3295 576 3453 621 suae
3495 555 3742 642 gloriae
3799 556 4156 625 benedicat.
4248 559 4482 625 Amen.

2535 641 3006 710 Francferdiae
3050 642 3338 709 Ianuarii
3381 643 3475 706 4⁰.
3527 648 3707 708 1556.
3795 643 4085 727 Raptim.

3264 776 3488 844 Vestri
3531 780 3824 844 emnium
3868 777 4311 846 deditissimus

3306 881 3586 948 Ioannes
3609 881 3984 948 Tinoterius
4006 879 4265 948 Scotus.

3304 1211 3709 1219 -—-—————-———-—

3414 1446 3609 1515 2⁰78.

3052 1617 3551 1686 HALLERUS
3596 1616 3966 1684 VIRE'I'O.

2706 1790 2954 1858 Bolseno·
3017 1792 3327 1876 neqotium
3379 1791 3612 1873 paucis
3677 1791 3948 1875 attinm't,
4029 1809 4218 1857 suum
4278 1790 4487 1872 ipsius

2534 1897 2744 1945 coram
2785 1881 3005 1943 senatu
3046 1882 3430 1944 transactum
3462 1875 3775 1960 pluribus,
3835 1876 4102 1960 denique
4158 1880 4213 1941 et
4260 1875 4485 1941 Locar-

2534 1965 2818 2030 nensium
2851 1983 2953 2028 res
2992 1963 3357 2045 deploratas.

2844 2134 2953 2202 (Ex
2988 2134 3324 2204 autographo
3360 2134 3493 2187 Cod.
3533 2133 3733 2189 Gener.
3791 2133 3900 2195 118,
3936 2134 4027 2190 sel.
4063 2132 4174 2200 63.)

2536 2304 3111 2371 Praestantissimo
3156 2306 3301 2371 vire
3344 2303 3424 2368 D.
3470 2305 3670 2371 Petro
3716 2305 3944 2371 Virete
3990 2305 4484 2372 Lausannensis

2538 2390 2847 2457 ecelesiae
2889 2391 3135 2475 pastori
3178 2390 3555 2457 fidelissime
3600 2391 3788 2456 fratri
3823 2413 3899 2458 ac
3943 2402 4343 2477 symmystae
4365 2412 4485 2457 sue

2992 2477 3521 2543 coniunctissime
3566 2488 3632 2542 et
3676 2477 4031 2545 carissime.

2710 2646 2924 2712 Mirer
2965 2669 3071 2713 me
3115 2648 3331 2714 nullas
3374 2648 3489 2714 abs
3544 2658 3609 2714 te
3654 2650 3786 2715 reci
3871 2670 3942 2714 re
3987 2649 4227 2727 literas,
4284 2650 4487 2714 frater

2542 2734 2891 2800 carissime.
3016 2734 3347 2819 Exspecto
3411 2735 3584 2800 euim
3652 2736 3761 2819 qui
3873 2734 3989 2800 tibi
4058 2735 4354 2800 videatur
4416 2735 4487 2799 in

2544 2820 2916 2903 Hieronymi
2983 2841 3179 2886 causa
3250 2840 3353 2885 am
3400 2819 3529 2886 lius
3583 2840 3725 2886 esse
3782 2821 4124 2906 agendum.
4156 2822 4223 2900 ¹).
4340 2819 4487 2885 Scis

2542 2906 2719 2971 enim
2785 2905 3009 2989 procul
3075 2904 3272 2972 dubio
3338 2907 3357 2970 i
3414 2928 3522 2972 um
3588 2907 4067 2973 restitutionem
4147 2928 4186 2972 a
4255 2914 4488 2973 senatu

2540 2992 2940 3075 impetrasse.
3033 2990 3164 3058 Sed
3211 2993 3517 3077 queniam
3565 2993 3746 3076 prius
3792 2993 4027 3059 fratres
4062 2992 4488 3059 Genevenses

2540 3078 2786 3144 instare
2850 3077 3022 3164 apud
3088 3086 3388 3145 senatum
3470 3078 3804 3158 volebant,
3874 3102 4051 3147 nunc
4131 3100 4288 3145 vere
4363 3078 4488 3145 hec

2542 3164 2830 3230 maxime
2872 3186 2910 3230 e
2959 3185 3107 3230 crae
3151 3166 3427 3249 pretium
3487 3165 3649 3230 mihi
3710 3187 3850 3232 esse
3905 3164 4166 3231 videtur
4208 3174 4283 3231 ιιι
4337 3187 4487 3265 per-

2542 3259 2720 3336 gant.
2743 3255 2799 3328 2)
2905 3185 3059 3330 Rae,
3116 3272 3373 3334 quaese,
3421 3251 3622 3317 sciam
3665 3251 3822 3335 quid
3875 3252 4280 3318 constituant
4334 3251 4482 3335 ipsi,

2544 3348 2660 3401 aut
2737 3334 2893 3419 quid
2970 3336 3089 3402 tibi
3168 3336 3483 3403 videatur.
3608 3337 3671 3403 N
3673 3338 4001 3422 entiquam
4077 3338 4253 3404 enim
4332 3337 4491 3402 ferri

2544 3421 2784 3505 peterit
2887 3430 3018 3487 tam
3118 3422 3501 3488 manifestus
3598 3423 3802 3489 hostis
3897 3425 3969 3489 in
4067 3422 4489 3489 ecelesiarum

2544 3514 2918 3573 nostrarum
2963 3507 3129 3573 sinu.

2716 3590 2894 3675 Quid
2959 3615 3112 3659 vere
3187 3615 3439 3661 mecum
3520 3602 3753 3681 agatur
3820 3603 3882 3661 te
3948 3595 4171 3660 mirari
4234 3604 4407 3678 puto.
4432 3598 4489 3664 ⁸)

2547 3678 2886 3764 Siquidem
2930 3681 3227 3762 proxime
3272 3679 3388 3745 tibi
3434 3682 3665 3765 scripsi
3704 3680 3860 3766 quid
3904 3682 4067 3747 mihi
4112 3678 4493 3746 intendatur

2547 3787 2586 3831 a
2629 3764 3037 3849 quibusdam.
3118 3767 3263 3833 Hoc
3312 3766 3577 3832 tandem
3629 3769 3860 3851 erupit.
3954 3766 4255 3833 Proxime
4310 3766 4487 3831 enim

2546 3849 2629 3917 ad
2674 3860 2970 3916 senatum
3006 3862 3276 3920 vocatus
3321 3852 3728 3921 adversaries
3768 3853 3965 3920 habui
4004 3853 4380 3938 Neqelinum
4423 3857 4494 3915 et

2562 3937 3098 4023 Winyartnerum,
3166 3941 3279 4023 qui
3340 3943 3484 4005 iure
3547 3961 3803 4007 mecum
3883 3961 4075 4024 agere
4142 3938 4496 4005 voluerunt

2547 4022 2675 4088 nisi
2733 4033 3000 4089 senatus
3056 4046 3241 4090 suam
3311 4025 3810 4108 interposuisset
3864 4027 4295 4092 autoritatem.
4398 4021 4492 4090 Se

2546 4109 2721 4174 enim
2767 4116 3024 4176 taxatos
3069 4132 3210 4177 esse
3252 4111 3420 4178 seles
3463 4111 3803 4195 putabant,
3848 4133 3924 4178 ee
3968 4110 4139 4196 qued
4183 4109 4495 4177 Badenae

2547 4195 2752 4280 legati
2813 4196 3108 4276 fuerunt,
3197 4218 3395 4280 quum
3466 4206 3691 4263 tamen
3779 4197 3941 4263 mihi
4006 4218 4346 4280 nunquam
4416 4196 4491 4259 in

2549 4466 2809 4536 noval)
2917 4470 2943 4523 a·
2973 4472 3086 4526 scil.
3124 4473 3333 4527 veniam
3382 4473 3443 4525 in
3486 4473 3690 4528 ditione
3725 4472 4089 4527 Ber-nemim
4122 4467 4502 4528 commorandi

2549 4538 2660 4592 sibi
2688 4552 2848 4594 conce
2884 4540 2910 4593 c·
2937 4540 3163 4608 petebat.
3238 4541 3342 4607 (N.
3376 4539 3559 4608 2072.)

2755 4607 2811 4668 9)
2849 4606 2979 4677 Ipse
3011 4624 3140 4678 erqo
3172 4610 3239 4664 de
3270 4609 3450 4665 eedem
3484 4613 3598 4666 ian
3628 4611 3787 4665 aliter
3821 4612 4082 4666 sentiebat
4136 4627 4263 4665 uas·
4297 4610 4495 4665 Ιιιιοιο-

2551 4692 2671 4815 Ει..
2743 4675 2854 4759 Sed
2896 4693 3159 4746 nuperum
3212 4680 3602 4736 Gmevenst’un
3649 4680 3932 4748 epistolam
3968 4679 4045 4735 N.
4183 4679 4219 4733 3
4252 4679 4500 4734 nondu-

2634 4760 2742 4799 μευ
2774 4745 3000 4800 vedetur.

2756 4812 2814 4883 3)
2850 4814 3006 4870 Haec
3060 4815 3136 4870 ad
3181 4816 3450 4886 negotium
3495 4815 3926 4872 Locorum-sium
3948 4817 3951 4822 '
3971 4824 4236 4888 metant,
4283 4818 4344 4871 in
4389 4831 4499 4886 que

2499 4905 2503 4946 ι
2547 4881 2717 4952 leqatt‘
2748 4881 3053 4937 Beruenses
3087 4883 3350 4938 Badeo-ae
3386 4884 3446 4938 N
3543 4885 3720 4939 dinus
3752 4892 3804 4942 st
3842 4884 4036 4956 Wolfq·
4073 4903 4110 4941 a
4148 4885 4501 4955 Weinqaroen

2498 4965 2504 5002 ι
2551 4952 2824 5013 υαωιιίἱία·
2867 4953 3068 5007 amter-
3114 4953 3427 5008 stricenscs
3521 4955 3744 5010 achiam
3791 4961 3841 5010 et
3888 4956 4186 5011 Eucherium
4229 4971 4299 5008 ur

2499 5019 2505 5044 ‘
2552 5027 2617 5076 at
2655 5018 2907 5075 exsilium
2952 5021 3166 5076 ullorum
3221 5028 3404 5077 ratas·
3450 5023 3732 5079 habereut.-
3785 5025 3882 5079 sed
3919 5026 4150 5091 frastra.
4234 5025 4503 5079 Hancne

2499 5047 2506 5186 Ι
2552 5105 2680 5145 vere
2712 5089 2801 5145 hic
2833 5105 2951 5144 cum
2988 5090 3306 5160 Bullinqero
3335 5091 3529 5158 fecisse
3561 5093 3789 5149 videaur.
3853 5091 4009 5149 Uade
4040 5093 4167 5149 alae
4209 5095 4507 5165 lacrymae.

2500 5191 2506 5270 ι
2554 5159 2757 5283 ..vm
2808 5159 3127 5283 am
3141 5159 3697 5285 atessam
3714 5168 4089 5292 mat
4123 5163 4321 5287 ‘'g-..r
4356 5155 4505 5283 ...3

2501 5281 2507 5350 1
2632 5299 2643 5311 .
2744 5298 2809 5349 is.
3175 5245 3246 5298 pr
3517 5247 3658 5302 ομιτ,
3834 5272 3845 5284 .
3927 5274 3941 5289 .
4091 5271 4104 5285 .
4299 5249 4376 5302 sq.
