4850 6200
535 445 655 509 148

696 627 762 695 Ν
763 651 895 697 unc
957 631 1014 697 si
1091 637 1455 714 exspectas,
1536 630 1692 697 dum
1770 629 2145 697 tarditatem
2206 631 2472 696 foenore

538 735 969 800 compensem,
1012 715 1277 783 falleris.
1364 715 1506 783 Nec
1547 736 1705 783 vero
1749 723 1815 780 te
1855 716 1979 783 hoc
2023 736 2232 802 genus
2274 717 2473 782 officii

534 821 931 886 magnopere
982 810 1286 885 expetere
1341 803 1648 882 arbitror,
1709 802 1878 886 quod
1936 812 2001 868 te
2044 803 2187 868 sine
2230 823 2471 886 magno

531 885 758 954 fructu
815 897 1098 970 occupet.
1187 888 1414 971 Neque
1470 889 1646 954 enim
1709 890 1998 973 suppetit
2049 887 2240 970 quale
2296 907 2471 953 com-

526 972 770 1057 plexus
812 994 883 1045 es
926 984 1418 1058 argumentum:
1473 975 1658 1041 cuius
1697 974 1888 1039 lectio
1931 973 2056 1039 etsi
2089 995 2326 1059 parum
2369 974 2471 1038 iu-

529 1057 778 1135 cunda,
837 1058 1024 1124 nobis
1079 1068 1302 1125 tamen
1361 1068 1429 1124 et
1482 1059 1664 1125 utilis
1719 1070 1785 1125 et
1840 1067 2029 1144 grata
2072 1060 2209 1125 fuit.
2296 1059 2471 1124 Nam

529 1145 625 1211 sic
672 1164 778 1209 me
824 1143 1043 1210 dolore
1086 1155 1151 1210 et
1195 1145 1461 1211 tristitia
1495 1145 1868 1211 vulneravit
1895 1145 2170 1211 historia
2214 1152 2471 1210 vestrae

620 1230 1095 1313 regrinationis,
1112 1237 1188 1295 ut
1201 1239 1419 1297 tamen
1434 1252 1536 1297 res
1551 1242 1912 1297 memoratu
1927 1232 2218 1314 apprime
2233 1230 2389 1315 dign
2396 1251 2469 1295 as

561 1315 812 1381 ‘benter
854 1334 1328 1399 cognoscerem.
1397 1317 1534 1382 Nec
1569 1316 1793 1383 dubito
1829 1318 1984 1400 quin
2019 1317 2194 1382 idem
2229 1317 2468 1382 multos

527 1399 691 1465 alios
758 1401 1030 1468 affectus
1103 1403 1409 1487 tetigerit.
1520 1401 1743 1484 Quare
1810 1413 1875 1468 et
1946 1424 2092 1468 eam
2155 1400 2468 1484 perscribi

524 1505 761 1569 operae
804 1486 1087 1569 pretium
1130 1509 1274 1554 meo
1328 1488 1562 1556 iudicio
1606 1488 1729 1552 fuit
1773 1499 1839 1552 et
1883 1487 2228 1571 aliquando
2270 1489 2469 1553 latius

529 1570 847 1656 publicari
903 1573 1068 1639 forte
1122 1573 1455 1657 expediet:
1526 1573 1607 1641 ad
1662 1596 1767 1639 me
1825 1572 2086 1657 quidem
2158 1574 2469 1657 privatim

525 1678 661 1724 non
702 1658 1131 1741 poenitendus
1177 1659 1329 1725 inde
1371 1661 1620 1726 fructus
1663 1660 1793 1725 iam
1839 1660 2154 1743 pervenit.
2236 1660 2469 1726 Caete-

525 1764 677 1809 rum
720 1742 1012 1810 Danicae
1055 1744 1458 1811 crudelitatis
1502 1746 1665 1811 mihi
1722 1746 1914 1812 valde
1956 1746 2163 1810 tristis
2206 1747 2469 1812 acerba-

527 1849 658 1913 que
714 1829 838 1894 fuit
905 1830 1203 1913 cognitio.
1301 1830 1487 1897 Deus
1549 1832 1745 1910 bone,
1813 1840 2061 1896 tantam
2129 1831 2202 1897 in
2273 1841 2469 1917 gente

524 1913 881 1980 christiana
922 1937 1064 1982 esse
1108 1916 1500 1997 barbariem,
1559 1939 1723 2000 quae
1780 1918 1979 1983 maris
2031 1937 2284 2000 quoque
2328 1938 2468 1984 sae-

524 2001 757 2067 vitiam
800 2002 1187 2083 exsuperet?
1276 2002 1495 2085 Quum
1541 2004 1649 2070 hic
1704 2023 1969 2085 sparsus
2012 2014 2184 2069 esset
2224 2025 2468 2082 rumor,

526 2085 785 2152 miseris
826 2086 1136 2154 stati-ibus
1179 2090 1289 2171 qui
1332 2110 1415 2154 ex
1439 2089 1682 2174 Anglia
1724 2089 1985 2174 profugi
2026 2110 2273 2156 novum
2319 2090 2468 2156 hos-

528 2172 763 2256 pitium
796 2183 1184 2255 quaererent
1227 2197 1266 2240 a
1287 2195 1440 2259 rege
1471 2176 1581 2240 illo
1624 2176 1953 2241 sublatum
1999 2196 2139 2241 esse
2183 2176 2468 2260 signum,

529 2264 718 2323 tanta
758 2269 1025 2340 repente
1075 2260 1204 2324 fuit
1245 2260 1597 2345 gratulatio
1654 2270 1727 2325 ut
1791 2281 1996 2326 unum
2053 2261 2175 2326 hoc
2215 2260 2470 2327 facinus

529 2340 611 2408 ad
665 2343 1034 2410 immortale
1098 2345 1236 2412 eius
1298 2346 1496 2411 decus
1553 2348 1897 2413 sufficeret.
1999 2347 2193 2413 Nunc
2247 2358 2469 2412 autem

529 2448 761 2495 vercor
816 2450 899 2494 ne
953 2430 1078 2497 sibi
1137 2452 1268 2497 non
1325 2433 1542 2499 minus
1598 2444 1884 2498 atrocem
1929 2432 2298 2498 accersierit
2337 2430 2471 2497 Dei

529 2512 919 2593 vindictam,
975 2537 1166 2599 quam
1228 2539 1499 2602 gravem
1556 2518 1724 2602 apud
1784 2518 1985 2583 bonos
2029 2540 2255 2584 omnes
2298 2518 2469 2583 infa-

526 2599 731 2664 miam
782 2603 1185 2668 conflaverit.
1285 2604 1380 2668 Et
1449 2625 1577 2687 quo
1633 2604 1843 2688 magis
1914 2603 2239 2670 celebrata
2295 2602 2469 2688 apud

524 2702 650 2762 me,
708 2684 841 2751 imo
896 2687 1094 2753 etiam
1138 2709 1283 2754 meo
1324 2691 1665 2770 praeconio
1687 2695 1742 2768 ⁴)
1799 2691 2011 2770 fuerat
2054 2690 2195 2757 eius
2236 2690 2466 2755 huma-

521 2770 714 2845 nitas,
757 2792 835 2837 eo
870 2772 1165 2839 acerbius
1199 2776 1356 2853 fero,
1392 2776 1551 2840 mite
1584 2776 1924 2861 ingenium
1959 2776 2042 2842 ab
2076 2776 2468 2861 importunis

522 2854 799 2923 flabellis
842 2877 1186 2924 accensum
1230 2881 1388 2926 esse.
1476 2860 1766 2927 Istorum
1807 2882 1996 2937 vere,
2098 2863 2167 2927 ui
2211 2862 2319 2928 vel
2363 2863 2467 2926 in-

520 2941 779 3009 fensum
824 2941 1081 3026 placare
1151 2942 1542 3024 debuerant,
1600 2968 1733 3012 non
1786 2946 2005 3012 minus
2108 2946 2468 3014 etestabilis

518 3025 647 3094 fuit
689 3027 962 3112 perfidia
1002 3050 1202 3115 quam
1243 3029 1613 3096 crudelitas.
1695 3031 1848 3112 Sed,
1893 3044 1971 3097 ut
2013 3031 2218 3113 video,
2263 3042 2468 3097 totam

523 3114 663 3180 fere
731 3113 915 3180 illam
986 3116 1384 3182 maritimam
1464 3118 1797 3202 regionem
1864 3117 2214 3185 diabolicus
2284 3120 2469 3184 furor

523 3199 856 3282 corripuit.
944 3197 1307 3267 Saxoniam
1349 3224 1603 3287 quoque
1646 3204 1898 3271 afflavit
1954 3213 2020 3270 et
2071 3205 2322 3271 vicinas
2365 3226 2467 3270 re·

578 3284 771 3362 'ones,
816 3292 891 3350 ut
931 3286 1076 3352 sine
1115 3286 1248 3352 ullo
1282 3288 1390 3355 vel
1435 3289 1624 3354 modo
1661 3289 1765 3356 vel
1807 3288 2053 3374 pudore
2096 3301 2326 3357 contra
2348 3311 2467 3355 nos

523 3370 878 3436 insaniant.
966 3372 1246 3438 Laetum
1290 3374 1536 3441 scilicet
1593 3397 1668 3442 ac
1721 3397 1925 3442 suave
1967 3377 2239 3460 papistis
2282 3397 2467 3459 spec-

520 3455 834 3522 taculum.
900 3455 1051 3539 Quo
1093 3461 1289 3525 etiam
1334 3462 1484 3547 plus
1525 3460 1714 3528 nobis
1758 3460 2046 3527 dandum
2088 3471 2191 3527 est
2232 3482 2469 3545 operae

525 3550 606 3607 ut
645 3542 827 3607 taciti
883 3540 1266 3611 devoremus
1322 3567 1490 3631 quae
1548 3549 1835 3631 proferre
1895 3548 2024 3614 nisi
2067 3569 2218 3614 cum
2264 3569 2466 3613 evan-

518 3627 676 3712 gelii
764 3626 954 3693 robro
998 3652 1126 3695 non
1172 3632 1341 3698 licet.

759 3715 1018 3780 uoniam
1080 3725 1300 3785 tamen
1360 3719 1524 3785 mihi
1578 3720 1849 3785 dubium
1899 3740 2032 3785 non
2076 3729 2245 3792 erat,
2305 3720 2468 3803 quin

524 3798 731 3865 doctis
789 3812 858 3864 et
899 3801 1252 3869 moderatis
1296 3804 1671 3871 hominibus
1714 3804 1938 3870 odiosa
1980 3814 2153 3870 esset
2194 3805 2324 3869 ista
2364 3807 2458 3869 in·

524 3886 901 3966 temperies,
973 3910 1103 3954 non
1173 3889 1335 3956 duxi
1397 3912 1666 3974 prorsus
1733 3891 2063 3957 silendum
2118 3913 2276 3956 esse.
2376 3891 2469 3955 Et

523 3984 703 4036 certe
761 3992 878 4055 per
934 3994 1040 4038 me
1099 3998 1232 4041 non
1289 3977 1546 4060 stetit⁵)
1613 3978 1959 4061 quominus
2017 3976 2193 4041 illius
2260 3976 2466 4060 repri-

525 4056 803 4121 mendae
844 4059 1057 4139 primo
1099 4083 1353 4144 quoque
1391 4063 1494 4128 die
1539 4064 1707 4128 inita
1751 4064 1949 4128 fuerit
1993 4084 2032 4128 a
2076 4063 2257 4129 nobis
2280 4062 2463 4128 ratio,

526 4141 795 4224 Optimo
837 4143 1028 4209 fratri
1081 4157 1303 4213 nostro
1350 4148 1715 4231 Bullinyero
1772 4149 1945 4213 aliud
2002 4149 2213 4214 visum
2275 4149 2467 4225 cst,⁰)

521 4229 635 4312 qui
678 4229 1014 4294 victoriam
1061 4232 1127 4296 in
1171 4232 1431 4300 silentio
1475 4246 1542 4299 et
1586 4234 1931 4300 tolerantia
1974 4236 2242 4301 locabat.
2321 4236 2467 4319 Ego

522 4335 609 4380 ne
652 4314 925 4380 molesta
968 4331 1137 4381 esset
1191 4321 1295 4384 vel
1354 4330 1653 4402 suspecta
1706 4342 1853 4386 mea
1895 4321 2233 4398 sedulitas,
2290 4332 2466 4386 sata-

525 4420 681 4486 gere
724 4400 961 4466 destiti.
1052 4403 1275 4486 Nuper
1332 4427 1486 4471 vero
1529 4416 1785 4472 mutata
1829 4407 2185 4482 sententia,
2246 4416 2467 4472 tantae

524 4487 760 4572 opinor
803 4487 1317 4569 importunitatis
1360 4503 1725 4575 pertaesus,
1785 4494 1957 4558 ultro
2015 4515 2121 4558 mc
2165 4493 2467 4558 hortatus

522 4581 622 4638 est
669 4581 745 4638 ut
789 4572 1049 4655 putidas
1091 4575 1351 4641 illorum
1394 4579 1756 4662 calumnias
1800 4577 1980 4644 brevi
2026 4578 2242 4642 libello
2279 4578 2466 4644 refel-

524 4658 831 4740 lerem,⁷)
892 4658 1065 4741 quod
1122 4682 1226 4726 me
1280 4663 1605 4729 facturum
1664 4665 1894 4748 recepi.
1984 4662 2116 4729 Sed
2163 4665 2315 4746 quia
2359 4686 2465 4729 me

527 4743 610 4808 ad
665 4743 1107 4812 nundinarum
1180 4769 1380 4831 usque
1451 4759 1710 4835 tempus
1774 4750 2194 4817 constrictum
2254 4752 2467 4816 tenuit

527 4827 804 4897 Genesis
828 4835 879 4908 ε’)
953 4841 1024 4898 οι
1078 4835 1407 4901 communi
1476 4858 1699 4902 eorum
1767 4838 2237 4921 subscriptione
2301 4858 2465 4920 opus

608 5017 789 5138 19014)
824 5021 886 5073 in
924 5019 1286 5077 Daedoeatione
1323 5022 1711 5080 commentarii
1756 5027 1816 5079 in
1854 5026 1993 5083 Acta
2028 5027 2169 5095 Anp.
2216 5025 2291 5079 N.
2329 5023 2465 5079 1607

725 5152 782 5214 5)
821 5155 897 5211 Ν.
931 5154 1082 5210 1935.
1120 5156 1275 5211 1947.

727 5221 789 5286 6)
826 5223 902 5279 N.
938 5223 1087 5278 1934.
1124 5226 1275 5281 1944.

725 5290 786 5354 7)
828 5291 904 5346 Ν.
940 5293 1092 5348 1954.

724 5359 787 5428 8)
820 5376 961 5432 quae
992 5363 1092 5418 loce
1122 5368 1245 5434 ipso
1276 5383 1425 5421 anno
1455 5368 1677 5435 prodiit.

2034 437 2559 510 EPIS'I'OLAE
2610 445 3030 508 1958—1959

4389 443 4510 506 144

2573 638 2732 711 erat,
2757 636 2810 707 ο)
2867 651 3144 716 quorum
3187 628 3616 715 patrocinium
3662 629 4029 714 suscipiam,
4086 627 4253 693 nihil
4296 626 4511 694 adhuc

2575 719 2849 783 tentavi.
2914 716 3133 784 Simul
3176 724 3399 783 autem
3423 737 3498 783 ac
3540 715 3722 781 fuero
3767 734 4134 801 aggressus,
4179 714 4403 800 exigui
4429 720 4509 779 ut

2571 824 2761 888 spero
2803 812 2934 871 tem
3025 804 3116 868 ris
3159 804 3285 867 erit
3326 802 3705 868 lucubratio.

2740 888 2835 956 Ut
2877 909 2917 954 a
3001 898 3068 953 te
3101 887 3382 962 redeam,
3426 887 3796 953 venerande
3849 888 4068 966 frater,
4114 884 4286 970 quod
4331 894 4402 950 ιιι
4446 891 4514 951 οι

2570 976 2839 1042 comites
2873 994 3008 1039 non
3044 977 3262 1039 minus
3297 972 3549 1056 placida
3580 973 3902 1039 modestia
3926 993 4123 1056 quam
4158 971 4515 1054 composita

2570 1062 2897 1146 gravitate
2940 1082 3091 1127 cum
3135 1060 3409 1124 immani
3453 1059 3682 1125 beluae
3739 1059 3981 1125 ferocia
4037 1066 4105 1124 et
4155 1058 4330 1122 fastu
4372 1077 4515 1123 cer-

2570 1148 2788 1225 tastis,
2845 1144 3020 1231 quod
3072 1143 3350 1211 eundem
3409 1144 3641 1210 deinde
3697 1143 4162 1210 moderationis
4218 1152 4518 1209 tenorem

2570 1233 2901 1309 servastis,
2948 1233 3201 1315 quoties
3224 1231 3422 1297 simili
3444 1232 3513 1295 in
3534 1251 3655 1297 vos
3678 1231 3788 1295 alii
3831 1231 4082 1313 impetu
4118 1230 4514 1308 saevierunt,

2569 1319 2677 1385 bis
2745 1317 3067 1384 laudabile
3142 1317 3517 1400 exemplum
3598 1325 3716 1381 est.
3830 1313 4020 1397 Quod
4097 1334 4256 1381 vero
4343 1313 4518 1380 tanti

2570 1405 2758 1470 vobis
2801 1406 3089 1488 ingenua
3127 1402 3256 1467 fuit
3298 1402 3599 1467 veritatis
3655 1401 3973 1480 defensio,
4019 1408 4094 1467 ut
4147 1401 4278 1465 iam
4336 1409 4516 1466 terra

2570 1491 2865 1573 marique
2909 1490 3159 1555 duriter
3198 1489 3455 1555 iactatis
3488 1489 3664 1554 illius
3701 1509 3900 1554 causa
3933 1509 4178 1552 novum
4212 1486 4519 1552 exsilium

2570 1577 2791 1642 subire
2811 1596 3018 1660 grave
3054 1595 3186 1640 non
3210 1575 3420 1653 fuerit,
3457 1596 3589 1639 non
3625 1576 3847 1639 minus
3881 1575 3950 1638 in
3985 1572 4109 1640 hac
4144 1572 4519 1638 constantia

2572 1683 2773 1727 suave
2833 1662 2973 1726 Deo
3039 1661 3427 1726 sacrificium
3482 1660 3836 1737 obtulistis,
3909 1680 4104 1742 quam
4171 1657 4333 1723 utile
4390 1658 4518 1742 piis

2572 1748 2879 1813 omnibus
2924 1747 3193 1814 dedistis
3228 1746 3619 1829 exemplum.
3687 1745 3977 1811 Tandem
4018 1765 4133 1810 vos
4170 1745 4518 1809 aDomino

2571 1842 2900 1919 respectos
2945 1853 3086 1899 esse
3131 1833 3380 1917 gaudeo
3416 1841 3495 1896 ut
3527 1853 3596 1897 se
3632 1830 4023 1914 tranquillus
4056 1839 4286 1914 portus
4321 1830 4520 1894 offer-

2572 1928 2703 1997 ret,
2765 1920 2834 1984 in
2892 1938 3020 2002 quo
3074 1939 3208 1983 non
3265 1919 3594 2000 quiescere
3649 1916 3860 1983 solum
3916 1917 4102 1983 vobis
4148 1915 4331 1993 licet,
4400 1915 4517 1981 sed

2571 2006 2970 2070 fructuosam
2995 2006 3137 2070 Deo
3173 2004 3437 2087 eiusque
3473 2003 3781 2070 ecclesiae
3814 2023 4074 2086 operam
4111 2001 4509 2091 impendere.

2571 2092 2754 2157 Deus
2808 2090 3313 2156 illustrissimam
3363 2090 3768 2173 Principem,
3828 2110 3992 2172 quae
4051 2096 4190 2153 tam
4247 2088 4520 2153 comiter

2571 2198 2647 2243 ac
2691 2177 2970 2261 benigne
3013 2187 3378 2242 maternam
3423 2176 3714 2258 porrexit
3755 2195 4042 2255 manum,
4098 2175 4276 2239 omni
4317 2174 4519 2239 bene-

2573 2261 2876 2330 dictionis
2921 2283 3161 2348 genere
3204 2262 3568 2345 locupletet.

3340 2560 3384 2566 -ι-
3395 2558 3654 2565 ...ῃ--.φ
3667 2558 3740 2565 ...ἡ

3444 2791 3641 2862 1959.

3046 2946 3541 3014 FARELLUS
3588 2944 4023 3013 OALVINO.

2742 3119 2870 3184 Hic
2927 3119 3325 3200 Westphalus
3364 3120 3730 3196 traducitur,
3788 3122 3915 3186 imo
3957 3120 4327 3198 amidam,
4367 3119 4515 3187 stolo

2571 3205 2690 3270 tali
2730 3205 2841 3285 qui
2883 3207 3071 3270 etiam
3113 3205 3438 3272 hodiernos
3480 3205 3756 3281 lectores,
3810 3208 3872 3272 ai
3913 3204 4166 3287 quidem
4202 3205 4286 3271 ad
4323 3203 4514 3286 finem

2570 3310 2768 3371 usque
2798 3290 3303 3371 perdwaverint,
3345 3291 3632 3371 conficere
3672 3292 3893 3358 valeat.

2878 3463 2982 3531 (Ex
3020 3463 3356 3532 autographo
3391 3461 3518 3517 Cod.
3556 3465 3758 3518 Genev.
3799 3462 3911 3531 115,
3949 3463 4041 3518 fol.
4079 3462 4226 3529 108.)

2567 3633 2828 3719 Insigni
2900 3640 2969 3701 et
3033 3635 3592 3718 praestantissimo
3661 3654 3853 3701 servo
3916 3635 4001 3701 D.
4067 3634 4220 3701 Iesu
4272 3635 4512 3702 Ioa'nni

2570 3719 2847 3786 Calvino
2912 3742 3108 3804 quam
3165 3720 3543 3787 fidelissimo
3610 3722 3852 3804 pastori
3922 3721 4230 3788 ecclesiae
4288 3721 4512 3788 Gene-

2569 3808 2794 3872 vensis
2849 3827 3046 3891 quam
3100 3808 3553 3890 potentissimo
3608 3808 3916 3874 assertori
3968 3808 4264 3873 veritatis
4319 3808 4511 3873 fratri

2874 3899 2941 3958 et
2983 3903 3388 3978 symmystae
3427 3894 3499 3958 in
3541 3894 3772 3976 primis
3815 3891 4234 3960 observande.

2739 4028 2808 4095 S.
2876 4030 2970 4094 Te
3012 4050 3250 4114 quaeso
3292 4039 3561 4114 propter
3583 4029 3928 4096 Christum
3969 4052 4053 4096 ne
4097 4041 4161 4094 te
4204 4030 4511 4097 conficias

2569 4121 2669 4180 tot
2702 4122 2771 4179 et
2801 4116 3012 4198 ‚tantis
3056 4114 3277 4182 malis:
3323 4118 3480 4182 sat-is
3525 4115 3642 4182 tibi
3687 4118 3774 4182 sit
3815 4117 4031 4201 gratia
4056 4117 4186 4182 Dei
4228 4125 4295 4181 et
4336 4113 4511 4200 quod

2569 4199 2819 4265 mederi
2875 4223 2992 4285 pro
3035 4201 3214 4267 virili
3271 4202 3493 4266 studes
3537 4211 3605 4267 et
3646 4203 3863 4268 Deum
3907 4210 3983 4267 ιιι
4024 4210 4362 4269 succurrat
4403 4204 4508 4268 in-

2567 4306 2776 4352 vocas.
2867 4288 3028 4351 'Pam
3072 4286 3365 4371 petulcos
3421 4286 3661 4353 hoedos
3704 4287 3932 4371 perdet
3975 4287 4279 4355 Christus
4320 4309 4509 4354 euas-

2567 4393 2692 4455 que
2751 4373 3038 4438 servabit
3092 4374 3218 4439 sibi
3275 4394 3445 4439 oves.
3532 4374 3862 4439 Pontificii
3919 4374 3993 4438 in
4037 4373 4282 4458 Anglia
4324 4382 4398 4440 ut
4440 4383 4510 4439 et

2568 4456 2721 4522 alibi
2765 4458 3122 4524 luctificum
3165 4458 3575 4544 triumphum
3631 4458 3894 4525 tandem
3946 4460 4234 4526 sentient
4276 4460 4332 4525 si
4373 4480 4509 4526 non

2565 4544 2695 4608 iam
2741 4545 2930 4611 toties
2973 4546 3333 4611 senserint:
3392 4553 3640 4612 crescet
3695 4544 3864 4628 lapis
3905 4566 4221 4628 monsque
4262 4545 4391 4611 erit
4430 4553 4511 4611 ut

2566 4638 2670 4695 est
2711 4651 2907 4713 quam
2967 4632 3296 4697 maximus
3348 4639 3415 4695 et
3465 4651 3726 4696 omnem
3771 4631 4063 4716 explebit
4103 4640 4171 4696 et
4210 4630 4510 4714 implebit

2565 4715 2806 4781 orbem.
2895 4717 3170 4784 Salvum
3229 4716 3498 4782 rediisse
3545 4716 3914 4783 Seohellium
3942 4721 3987 4793 ι)
4030 4718 4193 4782 mire
4237 4718 4510 4802 gavisus

2565 4823 2731 4868 sum.
2817 4803 3031 4868 Valde
3074 4813 3174 4868 est
3216 4813 3403 4887 grata
3446 4801 3574 4868 viri
3628 4803 4116 4884 perseverantia
4157 4810 4227 4869 et
4266 4804 4506 4869 infrac-

2565 4895 2705 4953 tum
2749 4899 2977 4972 pectus
3020 4896 3088 4953 et
3142 4889 3361 4954 omnia
3416 4888 3559 4954 sine
3602 4889 3766 4954 fuco.
3856 4888 3938 4954 In
3979 4889 4506 4973 peregrinatione

2563 4975 2818 5059 piorum
2855 4975 3000 5058 quis
3034 4995 3166 5040 non
3204 4974 3553 5040 afflictetur
3574 4983 3644 5039 et
3679 4973 4043 5041 barbariem
4065 4995 4198 5040 non
4472 4975 4486 4988 ‘

2770 5163 2829 5232 9)
2872 5161 3152 5232 Quatenus
3193 5162 3254 5216 in
3298 5162 3386 5216 hic
3430 5162 3714 5216 conadam
3757 5164 4047 5217 mutaverit
4088 5162 4280 5218 docent
4313 5162 4504 5218 Prole-

2561 5249 2790 5303 9omena
2822 5238 3015 5286 nostra
3053 5231 3196 5285 Pom.
3232 5230 3323 5284 IX.
3355 5232 3675 5297 praemissa.
3746 5229 3977 5285 Natales
4020 5232 4278 5301 epistolae
4307 5247 4375 5286 οι·
4410 5248 4506 5287 ar·

2602 5307 2811 5356 umento
2845 5301 2996 5356 nullo
3028 5301 3240 5369 nepotio
3273 5301 3666 5355 constituimus.

2560 5319 2739 5427 {952
2771 5371 2830 5436 1)
2880 5369 3014 5424 Viae
3043 5370 3389 5427 novissimam
3427 5368 3738 5439 Bullinqeri
3770 5368 3845 5424 N.
3883 5367 4030 5423 1954.
