<?xml version="1.0" encoding="UTF-8"?>
<!DOCTYPE html PUBLIC "-//W3C//DTD XHTML 1.0 Transitional//EN"
    "http://www.w3.org/TR/xhtml1/DTD/xhtml1-transitional.dtd">
<html xmlns="http://www.w3.org/1999/xhtml" xml:lang="en" lang="en">
 <head>
  <title>
</title>
<meta http-equiv="Content-Type" content="text/html;charset=utf-8" />
  <meta name='ocr-system' content='tesseract 3.04.00' />
  <meta name='ocr-capabilities' content='ocr_page ocr_carea ocr_par ocr_line ocrx_word'/>
</head>
<body>
  <div class='ocr_page' id='page_1' title='image "./ioanniscalvinio09unkngoog_0351.png"; bbox 0 0 4850 6200; ppageno 0'>
   <div class='ocr_carea' id='block_1_1' title="bbox 344 425 466 490">
    <p class='ocr_par' dir='ltr' id='par_1_1' title="bbox 344 425 466 490">
     <span class='ocr_line' id='line_1_1' title="bbox 344 425 466 490; baseline -0.008 -1"><span class='ocrx_word' id='word_1_1' title='bbox 344 425 466 490; x_wconf 76' lang='lat'><strong>‘106</strong></span> 
     </span>
    </p>
   </div>
   <div class='ocr_carea' id='block_1_2' title="bbox 328 614 2301 4316">
    <p class='ocr_par' dir='ltr' id='par_1_2' title="bbox 338 614 2298 1283">
     <span class='ocr_line' id='line_1_2' title="bbox 342 614 2295 703; baseline 0.003 -23"><span class='ocrx_word' id='word_1_2' title='bbox 342 614 529 681; x_wconf 86' lang='lat' dir='ltr'><strong>nobis</strong></span> <span class='ocrx_word' id='word_1_3' title='bbox 572 624 838 698; x_wconf 79' lang='lat' dir='ltr'><strong>praeter</strong></span> <span class='ocrx_word' id='word_1_4' title='bbox 905 615 1394 698; x_wconf 86' lang='lat' dir='ltr'><strong>corruptionem</strong></span> <span class='ocrx_word' id='word_1_5' title='bbox 1462 616 1793 684; x_wconf 87' lang='lat' dir='ltr'><strong>inveniret</strong></span> <span class='ocrx_word' id='word_1_6' title='bbox 1860 628 1980 684; x_wconf 81' lang='lat' dir='ltr'><strong>aut</strong></span> <span class='ocrx_word' id='word_1_7' title='bbox 2036 619 2295 703; x_wconf 88' lang='lat' dir='ltr'><strong>prospi-</strong></span> 
     </span>
     <span class='ocr_line' id='line_1_3' title="bbox 342 699 2298 781; baseline 0.001 -13"><span class='ocrx_word' id='word_1_8' title='bbox 342 712 519 768; x_wconf 85' lang='lat' dir='ltr'><strong>osrct</strong></span> <span class='ocrx_word' id='word_1_9' title='bbox 528 699 618 781; x_wconf 72' lang='lat'><strong>¹2),</strong></span> <span class='ocrx_word' id='word_1_10' title='bbox 675 701 794 767; x_wconf 88' lang='lat' dir='ltr'><strong>ssd</strong></span> <span class='ocrx_word' id='word_1_11' title='bbox 840 700 1189 768; x_wconf 79' lang='lat' dir='ltr'>Christum</span> <span class='ocrx_word' id='word_1_12' title='bbox 1242 722 1439 768; x_wconf 87' lang='lat' dir='ltr'><strong>suum</strong></span> <span class='ocrx_word' id='word_1_13' title='bbox 1493 702 1603 767; x_wconf 89' lang='lat' dir='ltr'><strong>cui</strong></span> <span class='ocrx_word' id='word_1_14' title='bbox 1664 723 1787 769; x_wconf 91' lang='lat' dir='ltr'><strong>nos</strong></span> <span class='ocrx_word' id='word_1_15' title='bbox 1843 703 2089 771; x_wconf 80' lang='lat' dir='ltr'><strong>donare</strong></span> <span class='ocrx_word' id='word_1_16' title='bbox 2143 726 2298 771; x_wconf 91' lang='lat' dir='ltr'><strong>con-</strong></span> 
     </span>
     <span class='ocr_line' id='line_1_4' title="bbox 339 785 2294 871; baseline 0.003 -19"><span class='ocrx_word' id='word_1_17' title='bbox 339 785 557 852; x_wconf 82' lang='lat' dir='ltr'><strong>stituit</strong></span> <span class='ocrx_word' id='word_1_18' title='bbox 598 800 755 852; x_wconf 82' lang='lat' dir='ltr'><strong>ante</strong></span> <span class='ocrx_word' id='word_1_19' title='bbox 788 800 1087 871; x_wconf 82' lang='lat' dir='ltr'><strong>tempora</strong></span> <span class='ocrx_word' id='word_1_20' title='bbox 1125 797 1416 865; x_wconf 82' lang='lat' dir='ltr'><strong>aeterna,</strong></span> <span class='ocrx_word' id='word_1_21' title='bbox 1470 798 1547 852; x_wconf 85' lang='lat' dir='ltr'><strong>ut</strong></span> <span class='ocrx_word' id='word_1_22' title='bbox 1601 789 1792 854; x_wconf 85' lang='lat' dir='ltr'><strong>nulla</strong></span> <span class='ocrx_word' id='word_1_23' title='bbox 1827 791 1919 855; x_wconf 89' lang='lat' dir='ltr'><strong>sit</strong></span> <span class='ocrx_word' id='word_1_24' title='bbox 1974 791 2046 856; x_wconf 90' lang='lat' dir='ltr'><strong>in</strong></span> <span class='ocrx_word' id='word_1_25' title='bbox 2104 791 2294 857; x_wconf 85' lang='lat' dir='ltr'><strong>nobis</strong></span> 
     </span>
     <span class='ocr_line' id='line_1_5' title="bbox 341 871 2296 956; baseline 0.003 -18"><span class='ocrx_word' id='word_1_26' title='bbox 341 873 455 956; x_wconf 88' lang='lat' dir='ltr'><strong>qui</strong></span> <span class='ocrx_word' id='word_1_27' title='bbox 508 874 581 937; x_wconf 90' lang='lat' dir='ltr'><strong>in</strong></span> <span class='ocrx_word' id='word_1_28' title='bbox 640 871 907 939; x_wconf 82' lang='lat' dir='ltr'><strong>Christo</strong></span> <span class='ocrx_word' id='word_1_29' title='bbox 960 894 1190 939; x_wconf 91' lang='lat' dir='ltr'><strong>sumus</strong></span> <span class='ocrx_word' id='word_1_30' title='bbox 1242 872 1719 940; x_wconf 72' lang='lat' dir='ltr'><strong>condemnatio.</strong></span> <span class='ocrx_word' id='word_1_31' title='bbox 1816 876 2072 942; x_wconf 85' lang='lat' dir='ltr'><strong>Contra</strong></span> <span class='ocrx_word' id='word_1_32' title='bbox 2139 898 2296 942; x_wconf 86' lang='lat' dir='ltr'><strong>vero</strong></span> 
     </span>
     <span class='ocr_line' id='line_1_6' title="bbox 340 958 2298 1047; baseline 0.002 -23"><span class='ocrx_word' id='word_1_33' title='bbox 340 958 705 1024; x_wconf 90' lang='lat' dir='ltr'><strong>Dominum</strong></span> <span class='ocrx_word' id='word_1_34' title='bbox 768 981 881 1025; x_wconf 89' lang='lat' dir='ltr'><strong>eos</strong></span> <span class='ocrx_word' id='word_1_35' title='bbox 943 978 1107 1043; x_wconf 89' lang='lat' dir='ltr'><strong>quos</strong></span> <span class='ocrx_word' id='word_1_36' title='bbox 1173 980 1516 1041; x_wconf 88' lang='lat' dir='ltr'><strong>nunquam</strong></span> <span class='ocrx_word' id='word_1_37' title='bbox 1592 960 1909 1044; x_wconf 81' lang='lat' dir='ltr'><strong>dig-natur</strong></span> <span class='ocrx_word' id='word_1_38' title='bbox 1964 962 2298 1047; x_wconf 78' lang='lat' dir='ltr'><strong>evangelii</strong></span> 
     </span>
     <span class='ocr_line' id='line_1_7' title="bbox 340 1043 2297 1131; baseline 0.002 -22"><span class='ocrx_word' id='word_1_39' title='bbox 340 1044 505 1123; x_wconf 85' lang='lat' dir='ltr'><strong>luce,</strong></span> <span class='ocrx_word' id='word_1_40' title='bbox 551 1045 984 1129; x_wconf 85' lang='lat' dir='ltr'><strong>contemplari</strong></span> <span class='ocrx_word' id='word_1_41' title='bbox 1028 1043 1251 1128; x_wconf 80' lang='lat' dir='ltr'><strong>quales</strong></span> <span class='ocrx_word' id='word_1_42' title='bbox 1294 1060 1452 1111; x_wconf 88' lang='lat' dir='ltr'><strong>sunt</strong></span> <span class='ocrx_word' id='word_1_43' title='bbox 1503 1047 1575 1110; x_wconf 88' lang='lat' dir='ltr'><strong>in</strong></span> <span class='ocrx_word' id='word_1_44' title='bbox 1630 1068 1703 1111; x_wconf 91' lang='lat' dir='ltr'><strong>se</strong></span> <span class='ocrx_word' id='word_1_45' title='bbox 1752 1049 1931 1131; x_wconf 88' lang='lat' dir='ltr'><strong>ipsis,</strong></span> <span class='ocrx_word' id='word_1_46' title='bbox 1981 1048 2297 1113; x_wconf 88' lang='lat' dir='ltr'><strong>nimirum</strong></span> 
     </span>
     <span class='ocr_line' id='line_1_8' title="bbox 338 1131 2297 1230; baseline 0.002 -34"><span class='ocrx_word' id='word_1_47' title='bbox 338 1132 631 1230; x_wconf 75' lang='lat' dir='ltr'><strong>corrupti</strong></span> <span class='ocrx_word' id='word_1_48' title='bbox 682 1142 751 1197; x_wconf 80' lang='lat' dir='ltr'><strong>et</strong></span> <span class='ocrx_word' id='word_1_49' title='bbox 792 1131 913 1197; x_wconf 88' lang='lat' dir='ltr'><strong>filii</strong></span> <span class='ocrx_word' id='word_1_50' title='bbox 954 1134 1091 1197; x_wconf 87' lang='lat' dir='ltr'><strong>irae</strong></span> <span class='ocrx_word' id='word_1_51' title='bbox 1135 1152 1415 1215; x_wconf 87' lang='lat' dir='ltr'><strong>quorum</strong></span> <span class='ocrx_word' id='word_1_52' title='bbox 1458 1131 1740 1215; x_wconf 82' lang='lat' dir='ltr'>perditio</span> <span class='ocrx_word' id='word_1_53' title='bbox 1785 1155 1871 1199; x_wconf 84' lang='lat' dir='ltr'><strong>ex</strong></span> <span class='ocrx_word' id='word_1_54' title='bbox 1924 1133 2088 1218; x_wconf 88' lang='lat' dir='ltr'><strong>ipsis</strong></span> <span class='ocrx_word' id='word_1_55' title='bbox 2143 1154 2297 1217; x_wconf 88' lang='lat' dir='ltr'><strong>pro·</strong></span> 
     </span>
     <span class='ocr_line' id='line_1_9' title="bbox 338 1217 669 1283; baseline 0 -2"><span class='ocrx_word' id='word_1_56' title='bbox 338 1217 669 1283; x_wconf 71' lang='lat' dir='ltr'><strong>fiolsoltur.</strong></span> 
     </span>
    </p>

    <p class='ocr_par' dir='ltr' id='par_1_3' title="bbox 329 1302 2301 2929">
     <span class='ocr_line' id='line_1_10' title="bbox 510 1302 2301 1390; baseline 0.002 -22"><span class='ocrx_word' id='word_1_57' title='bbox 510 1303 699 1369; x_wconf 88' lang='lat' dir='ltr'><strong>Haec</strong></span> <span class='ocrx_word' id='word_1_58' title='bbox 741 1314 916 1379; x_wconf 88' lang='lat' dir='ltr'><strong>sunt,</strong></span> <span class='ocrx_word' id='word_1_59' title='bbox 960 1302 1054 1367; x_wconf 88' lang='lat' dir='ltr'><strong>mi</strong></span> <span class='ocrx_word' id='word_1_60' title='bbox 1109 1316 1314 1387; x_wconf 90' lang='lat' dir='ltr'><strong>pater,</strong></span> <span class='ocrx_word' id='word_1_61' title='bbox 1380 1324 1548 1386; x_wconf 86' lang='lat' dir='ltr'><strong>quae</strong></span> <span class='ocrx_word' id='word_1_62' title='bbox 1596 1305 1920 1388; x_wconf 91' lang='lat' dir='ltr'><strong>copiosius</strong></span> <span class='ocrx_word' id='word_1_63' title='bbox 1977 1307 2211 1390; x_wconf 82' lang='lat' dir='ltr'><strong>putavi</strong></span> <span class='ocrx_word' id='word_1_64' title='bbox 2258 1326 2301 1371; x_wconf 82' lang='lat' dir='ltr'><strong>a</strong></span> 
     </span>
     <span class='ocr_line' id='line_1_11' title="bbox 334 1387 2297 1476; baseline 0.001 -22"><span class='ocrx_word' id='word_1_65' title='bbox 334 1410 442 1454; x_wconf 92' lang='lat' dir='ltr'><strong>me</strong></span> <span class='ocrx_word' id='word_1_66' title='bbox 485 1387 879 1471; x_wconf 84' lang='lat' dir='ltr'><strong>explicanda</strong></span> <span class='ocrx_word' id='word_1_67' title='bbox 922 1402 1000 1454; x_wconf 88' lang='lat' dir='ltr'><strong>ut</strong></span> <span class='ocrx_word' id='word_1_68' title='bbox 1041 1410 1083 1455; x_wconf 83' lang='lat' dir='ltr'><strong>a</strong></span> <span class='ocrx_word' id='word_1_69' title='bbox 1124 1400 1189 1455; x_wconf 85' lang='lat' dir='ltr'><strong>te</strong></span> <span class='ocrx_word' id='word_1_70' title='bbox 1210 1389 1528 1456; x_wconf 89' lang='lat' dir='ltr'><strong>erudirer.</strong></span> <span class='ocrx_word' id='word_1_71' title='bbox 1585 1390 1745 1456; x_wconf 89' lang='lat' dir='ltr'><strong>Ideo</strong></span> <span class='ocrx_word' id='word_1_72' title='bbox 1790 1393 1967 1457; x_wconf 90' lang='lat' dir='ltr'><strong>enim</strong></span> <span class='ocrx_word' id='word_1_73' title='bbox 1988 1410 2297 1476; x_wconf 73' lang='lat' dir='ltr'><strong>rogatam</strong></span> 
     </span>
     <span class='ocr_line' id='line_1_12' title="bbox 335 1474 2300 1560; baseline 0.001 -19"><span class='ocrx_word' id='word_1_74' title='bbox 335 1486 411 1541; x_wconf 92' lang='lat' dir='ltr'><strong>ut</strong></span> <span class='ocrx_word' id='word_1_75' title='bbox 451 1486 747 1540; x_wconf 86' lang='lat' dir='ltr'><strong>nostram</strong></span> <span class='ocrx_word' id='word_1_76' title='bbox 770 1475 953 1539; x_wconf 88' lang='lat' dir='ltr'><strong>illam</strong></span> <span class='ocrx_word' id='word_1_77' title='bbox 996 1475 1288 1541; x_wconf 83' lang='lat' dir='ltr'><strong>tabulam</strong></span> <span class='ocrx_word' id='word_1_78' title='bbox 1308 1474 1659 1560; x_wconf 79' lang='lat' dir='ltr'><strong>diligenter</strong></span> <span class='ocrx_word' id='word_1_79' title='bbox 1699 1477 2083 1560; x_wconf 73' lang='lat' dir='ltr'>inspiceres:</span> <span class='ocrx_word' id='word_1_80' title='bbox 2126 1475 2300 1560; x_wconf 92' lang='lat' dir='ltr'><strong>quod</strong></span> 
     </span>
     <span class='ocr_line' id='line_1_13' title="bbox 335 1562 2298 1644; baseline -0.001 -16"><span class='ocrx_word' id='word_1_81' title='bbox 335 1563 535 1628; x_wconf 83' lang='lat' dir='ltr'><strong>etiam</strong></span> <span class='ocrx_word' id='word_1_82' title='bbox 580 1583 759 1627; x_wconf 90' lang='lat' dir='ltr'><strong>nunc</strong></span> <span class='ocrx_word' id='word_1_83' title='bbox 803 1582 843 1626; x_wconf 88' lang='lat' dir='ltr'><strong>a</strong></span> <span class='ocrx_word' id='word_1_84' title='bbox 882 1572 948 1626; x_wconf 87' lang='lat' dir='ltr'><strong>te</strong></span> <span class='ocrx_word' id='word_1_85' title='bbox 992 1572 1142 1644; x_wconf 90' lang='lat' dir='ltr'><strong>peto</strong></span> <span class='ocrx_word' id='word_1_86' title='bbox 1180 1562 1495 1627; x_wconf 90' lang='lat' dir='ltr'><strong>maiorem</strong></span> <span class='ocrx_word' id='word_1_87' title='bbox 1538 1564 1610 1627; x_wconf 90' lang='lat' dir='ltr'><strong>in</strong></span> <span class='ocrx_word' id='word_1_88' title='bbox 1654 1563 1940 1641; x_wconf 88' lang='lat' dir='ltr'><strong>modum,</strong></span> <span class='ocrx_word' id='word_1_89' title='bbox 1987 1584 2089 1643; x_wconf 88' lang='lat' dir='ltr'><strong>ne,</strong></span> <span class='ocrx_word' id='word_1_90' title='bbox 2136 1564 2298 1628; x_wconf 91' lang='lat' dir='ltr'><strong>dum</strong></span> 
     </span>
     <span class='ocr_line' id='line_1_14' title="bbox 333 1647 2294 1734; baseline 0 -20"><span class='ocrx_word' id='word_1_91' title='bbox 333 1649 482 1714; x_wconf 84' lang='lat' dir='ltr'><strong>aliis</strong></span> <span class='ocrx_word' id='word_1_92' title='bbox 526 1647 832 1730; x_wconf 78' lang='lat' dir='ltr'>prodesse</span> <span class='ocrx_word' id='word_1_93' title='bbox 873 1648 1039 1726; x_wconf 85' lang='lat' dir='ltr'><strong>volo,</strong></span> <span class='ocrx_word' id='word_1_94' title='bbox 1086 1668 1207 1732; x_wconf 79' lang='lat' dir='ltr'><strong>ego</strong></span> <span class='ocrx_word' id='word_1_95' title='bbox 1251 1660 1318 1713; x_wconf 85' lang='lat' dir='ltr'><strong>et</strong></span> <span class='ocrx_word' id='word_1_96' title='bbox 1360 1649 1511 1713; x_wconf 86' lang='lat' dir='ltr'><strong>illos</strong></span> <span class='ocrx_word' id='word_1_97' title='bbox 1554 1660 1621 1713; x_wconf 91' lang='lat' dir='ltr'><strong>et</strong></span> <span class='ocrx_word' id='word_1_98' title='bbox 1666 1670 1769 1714; x_wconf 92' lang='lat' dir='ltr'><strong>me</strong></span> <span class='ocrx_word' id='word_1_99' title='bbox 1814 1650 2029 1734; x_wconf 90' lang='lat' dir='ltr'><strong>ipsum</strong></span> <span class='ocrx_word' id='word_1_100' title='bbox 2072 1651 2145 1714; x_wconf 92' lang='lat' dir='ltr'><strong>in</strong></span> <span class='ocrx_word' id='word_1_101' title='bbox 2190 1670 2294 1714; x_wconf 91' lang='lat' dir='ltr'><strong>er·</strong></span> 
     </span>
     <span class='ocr_line' id='line_1_15' title="bbox 333 1734 2295 1818; baseline 0 -18"><span class='ocrx_word' id='word_1_102' title='bbox 333 1754 557 1800; x_wconf 88' lang='lat' dir='ltr'><strong>rorem</strong></span> <span class='ocrx_word' id='word_1_103' title='bbox 601 1734 1042 1816; x_wconf 77' lang='lat' dir='ltr'><strong>praecipitem.</strong></span> <span class='ocrx_word' id='word_1_104' title='bbox 1148 1734 1323 1799; x_wconf 89' lang='lat' dir='ltr'><strong>Novi</strong></span> <span class='ocrx_word' id='word_1_105' title='bbox 1378 1734 1639 1816; x_wconf 90' lang='lat' dir='ltr'><strong>quidem</strong></span> <span class='ocrx_word' id='word_1_106' title='bbox 1691 1748 1848 1818; x_wconf 88' lang='lat' dir='ltr'><strong>quot</strong></span> <span class='ocrx_word' id='word_1_107' title='bbox 1904 1745 1972 1801; x_wconf 89' lang='lat' dir='ltr'><strong>et</strong></span> <span class='ocrx_word' id='word_1_108' title='bbox 2029 1735 2295 1818; x_wconf 89' lang='lat' dir='ltr'><strong>quantis</strong></span> 
     </span>
     <span class='ocr_line' id='line_1_16' title="bbox 333 1818 2296 1905; baseline 0.001 -20"><span class='ocrx_word' id='word_1_109' title='bbox 333 1820 619 1905; x_wconf 85' lang='lat' dir='ltr'><strong>negotiis</strong></span> <span class='ocrx_word' id='word_1_110' title='bbox 663 1819 1060 1885; x_wconf 86' lang='lat' dir='ltr'><strong>distinearis:</strong></span> <span class='ocrx_word' id='word_1_111' title='bbox 1108 1818 1224 1885; x_wconf 89' lang='lat' dir='ltr'><strong>sed</strong></span> <span class='ocrx_word' id='word_1_112' title='bbox 1258 1820 1411 1902; x_wconf 88' lang='lat' dir='ltr'><strong>quia</strong></span> <span class='ocrx_word' id='word_1_113' title='bbox 1432 1821 1722 1885; x_wconf 87' lang='lat' dir='ltr'><strong>vicissim</strong></span> <span class='ocrx_word' id='word_1_114' title='bbox 1767 1821 1901 1887; x_wconf 86' lang='lat' dir='ltr'><strong>scio</strong></span> <span class='ocrx_word' id='word_1_115' title='bbox 1922 1843 2048 1904; x_wconf 90' lang='lat' dir='ltr'><strong>quo</strong></span> <span class='ocrx_word' id='word_1_116' title='bbox 2070 1821 2296 1886; x_wconf 84' lang='lat' dir='ltr'><strong>favore</strong></span> 
     </span>
     <span class='ocr_line' id='line_1_17' title="bbox 334 1904 2296 1988; baseline 0 -16"><span class='ocrx_word' id='word_1_117' title='bbox 334 1928 443 1971; x_wconf 90' lang='lat' dir='ltr'><strong>me</strong></span> <span class='ocrx_word' id='word_1_118' title='bbox 488 1905 966 1988; x_wconf 85' lang='lat' dir='ltr'><strong>complectaris,</strong></span> <span class='ocrx_word' id='word_1_119' title='bbox 1012 1926 1146 1970; x_wconf 88' lang='lat' dir='ltr'><strong>non</strong></span> <span class='ocrx_word' id='word_1_120' title='bbox 1174 1904 1469 1970; x_wconf 87' lang='lat' dir='ltr'><strong>dubitavi</strong></span> <span class='ocrx_word' id='word_1_121' title='bbox 1495 1916 1729 1985; x_wconf 80' lang='lat' dir='ltr'><strong>tecum,</strong></span> <span class='ocrx_word' id='word_1_122' title='bbox 1777 1917 1853 1973; x_wconf 86' lang='lat' dir='ltr'><strong>ut</strong></span> <span class='ocrx_word' id='word_1_123' title='bbox 1890 1907 2061 1972; x_wconf 83' lang='lat' dir='ltr'><strong>mihi</strong></span> <span class='ocrx_word' id='word_1_124' title='bbox 2100 1909 2296 1973; x_wconf 89' lang='lat' dir='ltr'><strong>licere</strong></span> 
     </span>
     <span class='ocr_line' id='line_1_18' title="bbox 336 1989 2295 2076; baseline -0.001 -18"><span class='ocrx_word' id='word_1_125' title='bbox 336 1995 467 2070; x_wconf 89' lang='lat' dir='ltr'><strong>vis,</strong></span> <span class='ocrx_word' id='word_1_126' title='bbox 537 1991 950 2056; x_wconf 72' lang='lat' dir='ltr'><strong>familiariter</strong></span> <span class='ocrx_word' id='word_1_127' title='bbox 1017 1989 1098 2056; x_wconf 92' lang='lat' dir='ltr'><strong>de</strong></span> <span class='ocrx_word' id='word_1_128' title='bbox 1173 1992 1318 2057; x_wconf 88' lang='lat' dir='ltr'><strong>istis</strong></span> <span class='ocrx_word' id='word_1_129' title='bbox 1395 2012 1590 2075; x_wconf 75' lang='lat' dir='ltr'><strong>agere</strong></span> <span class='ocrx_word' id='word_1_130' title='bbox 1670 2006 1737 2058; x_wconf 88' lang='lat' dir='ltr'><strong>et</strong></span> <span class='ocrx_word' id='word_1_131' title='bbox 1813 1994 2079 2076; x_wconf 88' lang='lat' dir='ltr'><strong>quidem</strong></span> <span class='ocrx_word' id='word_1_132' title='bbox 2156 1990 2295 2056; x_wconf 71' lang='grc' dir='ltr'><strong>ἄνευ</strong></span> 
     </span>
     <span class='ocr_line' id='line_1_19' title="bbox 331 2077 2299 2162; baseline 0.002 -21"><span class='ocrx_word' id='word_1_133' title='bbox 331 2086 688 2162; x_wconf 53' lang='grc' dir='ltr'><strong>προσερέων.</strong></span> <span class='ocrx_word' id='word_1_134' title='bbox 779 2078 893 2144; x_wconf 79' lang='lat' dir='ltr'><strong>Sic</strong></span> <span class='ocrx_word' id='word_1_135' title='bbox 937 2078 1115 2143; x_wconf 87' lang='lat' dir='ltr'><strong>enim</strong></span> <span class='ocrx_word' id='word_1_136' title='bbox 1156 2078 1504 2156; x_wconf 84' lang='lat' dir='ltr'><strong>constituo,</strong></span> <span class='ocrx_word' id='word_1_137' title='bbox 1561 2080 1618 2144; x_wconf 93' lang='lat' dir='ltr'><strong>si</strong></span> <span class='ocrx_word' id='word_1_138' title='bbox 1660 2077 1925 2162; x_wconf 92' lang='lat' dir='ltr'><strong>quidem</strong></span> <span class='ocrx_word' id='word_1_139' title='bbox 1968 2088 2146 2145; x_wconf 88' lang='lat' dir='ltr'><strong>recte</strong></span> <span class='ocrx_word' id='word_1_140' title='bbox 2191 2079 2299 2145; x_wconf 87' lang='lat' dir='ltr'><strong>hic</strong></span> 
     </span>
     <span class='ocr_line' id='line_1_20' title="bbox 336 2163 2295 2244; baseline 0 -13"><span class='ocrx_word' id='word_1_141' title='bbox 336 2167 576 2242; x_wconf 85' lang='lat' dir='ltr'><strong>sentio,</strong></span> <span class='ocrx_word' id='word_1_142' title='bbox 664 2163 785 2228; x_wconf 87' lang='lat' dir='ltr'><strong>tibi</strong></span> <span class='ocrx_word' id='word_1_143' title='bbox 850 2186 984 2228; x_wconf 89' lang='lat' dir='ltr'><strong>non</strong></span> <span class='ocrx_word' id='word_1_144' title='bbox 1049 2163 1476 2229; x_wconf 76' lang='lat' dir='ltr'><strong>injucundam</strong></span> <span class='ocrx_word' id='word_1_145' title='bbox 1559 2166 1699 2230; x_wconf 87' lang='lat' dir='ltr'><strong>fore</strong></span> <span class='ocrx_word' id='word_1_146' title='bbox 1763 2165 2101 2244; x_wconf 72' lang='grc' dir='ltr'><strong>συζῆτησινε</strong></span> <span class='ocrx_word' id='word_1_147' title='bbox 2193 2166 2295 2231; x_wconf 86' lang='lat' dir='ltr'><strong>sin</strong></span> 
     </span>
     <span class='ocr_line' id='line_1_21' title="bbox 334 2249 2297 2332; baseline -0.001 -15"><span class='ocrx_word' id='word_1_148' title='bbox 334 2263 562 2317; x_wconf 88' lang='lat' dir='ltr'><strong>autem</strong></span> <span class='ocrx_word' id='word_1_149' title='bbox 606 2250 800 2316; x_wconf 80' lang='lat' dir='ltr'><strong>ahter</strong></span> <span class='ocrx_word' id='word_1_150' title='bbox 841 2249 1112 2328; x_wconf 85' lang='lat' dir='ltr'><strong>iudicas,</strong></span> <span class='ocrx_word' id='word_1_151' title='bbox 1158 2262 1224 2313; x_wconf 89' lang='lat' dir='ltr'><strong>te</strong></span> <span class='ocrx_word' id='word_1_152' title='bbox 1267 2249 1334 2315; x_wconf 92' lang='lat' dir='ltr'><strong>id</strong></span> <span class='ocrx_word' id='word_1_153' title='bbox 1378 2271 1632 2332; x_wconf 91' lang='lat' dir='ltr'><strong>quoque</strong></span> <span class='ocrx_word' id='word_1_154' title='bbox 1655 2273 1788 2316; x_wconf 92' lang='lat' dir='ltr'><strong>non</strong></span> <span class='ocrx_word' id='word_1_155' title='bbox 1831 2254 2118 2317; x_wconf 86' lang='lat' dir='ltr'><strong>invitum</strong></span> <span class='ocrx_word' id='word_1_156' title='bbox 2160 2251 2297 2316; x_wconf 86' lang='lat' dir='ltr'><strong>fac-</strong></span> 
     </span>
     <span class='ocr_line' id='line_1_22' title="bbox 331 2336 2297 2421; baseline 0 -19"><span class='ocrx_word' id='word_1_157' title='bbox 331 2346 564 2402; x_wconf 85' lang='lat' dir='ltr'><strong>turum</strong></span> <span class='ocrx_word' id='word_1_158' title='bbox 608 2351 683 2401; x_wconf 89' lang='lat' dir='ltr'><strong>ut</strong></span> <span class='ocrx_word' id='word_1_159' title='bbox 704 2336 1119 2402; x_wconf 89' lang='lat' dir='ltr'><strong>aberrantem</strong></span> <span class='ocrx_word' id='word_1_160' title='bbox 1142 2357 1409 2401; x_wconf 77' lang='lat' dir='ltr'><strong>revoces</strong></span> <span class='ocrx_word' id='word_1_161' title='bbox 1451 2336 1522 2401; x_wconf 90' lang='lat' dir='ltr'><strong>in</strong></span> <span class='ocrx_word' id='word_1_162' title='bbox 1544 2338 1742 2402; x_wconf 83' lang='lat' dir='ltr'><strong>viam.</strong></span> <span class='ocrx_word' id='word_1_163' title='bbox 1817 2338 1989 2403; x_wconf 84' lang='lat' dir='ltr'><strong>Mihi</strong></span> <span class='ocrx_word' id='word_1_164' title='bbox 2035 2336 2297 2421; x_wconf 87' lang='lat' dir='ltr'><strong>quidem</strong></span> 
     </span>
     <span class='ocr_line' id='line_1_23' title="bbox 330 2422 2296 2506; baseline 0.001 -19"><span class='ocrx_word' id='word_1_165' title='bbox 330 2422 653 2506; x_wconf 81' lang='lat' dir='ltr'><strong>quidquid</strong></span> <span class='ocrx_word' id='word_1_166' title='bbox 707 2423 1203 2505; x_wconf 72' lang='lat' dir='ltr'><strong>praescripseris</strong></span> <span class='ocrx_word' id='word_1_167' title='bbox 1262 2438 1322 2486; x_wconf 86' lang='lat' dir='ltr'><strong>et</strong></span> <span class='ocrx_word' id='word_1_168' title='bbox 1386 2434 1651 2504; x_wconf 76' lang='lat' dir='ltr'><strong>gratum</strong></span> <span class='ocrx_word' id='word_1_169' title='bbox 1716 2434 1786 2488; x_wconf 87' lang='lat' dir='ltr'><strong>et</strong></span> <span class='ocrx_word' id='word_1_170' title='bbox 1844 2424 2007 2489; x_wconf 88' lang='lat' dir='ltr'><strong>utile</strong></span> <span class='ocrx_word' id='word_1_171' title='bbox 2065 2434 2131 2489; x_wconf 90' lang='lat' dir='ltr'><strong>et</strong></span> <span class='ocrx_word' id='word_1_172' title='bbox 2192 2425 2296 2488; x_wconf 88' lang='lat' dir='ltr'><strong>iu-</strong></span> 
     </span>
     <span class='ocr_line' id='line_1_24' title="bbox 332 2508 2297 2592; baseline 0.001 -18"><span class='ocrx_word' id='word_1_173' title='bbox 332 2508 633 2574; x_wconf 85' lang='lat' dir='ltr'><strong>cundum</strong></span> <span class='ocrx_word' id='word_1_174' title='bbox 674 2508 819 2574; x_wconf 86' lang='lat' dir='ltr'><strong>erit.</strong></span> <span class='ocrx_word' id='word_1_175' title='bbox 908 2509 1098 2591; x_wconf 86' lang='lat' dir='ltr'><strong>Rogo</strong></span> <span class='ocrx_word' id='word_1_176' title='bbox 1142 2523 1360 2572; x_wconf 88' lang='lat' dir='ltr'><strong>autem</strong></span> <span class='ocrx_word' id='word_1_177' title='bbox 1409 2522 1500 2585; x_wconf 86' lang='lat' dir='ltr'><strong>ut,</strong></span> <span class='ocrx_word' id='word_1_178' title='bbox 1561 2510 1617 2573; x_wconf 90' lang='lat' dir='ltr'><strong>si</strong></span> <span class='ocrx_word' id='word_1_179' title='bbox 1664 2529 1781 2590; x_wconf 88' lang='lat' dir='ltr'><strong>per</strong></span> <span class='ocrx_word' id='word_1_180' title='bbox 1836 2511 2297 2592; x_wconf 75' lang='lat' dir='ltr'><strong>occupationes</strong></span> 
     </span>
     <span class='ocr_line' id='line_1_25' title="bbox 332 2594 2295 2673; baseline 0 -13"><span class='ocrx_word' id='word_1_181' title='bbox 332 2608 489 2660; x_wconf 84' lang='lat' dir='ltr'><strong>tuas</strong></span> <span class='ocrx_word' id='word_1_182' title='bbox 534 2594 773 2670; x_wconf 80' lang='lat' dir='ltr'><strong>licebit,</strong></span> <span class='ocrx_word' id='word_1_183' title='bbox 817 2607 1075 2659; x_wconf 88' lang='lat' dir='ltr'><strong>mature</strong></span> <span class='ocrx_word' id='word_1_184' title='bbox 1118 2595 1457 2673; x_wconf 88' lang='lat' dir='ltr'><strong>rescribas,</strong></span> <span class='ocrx_word' id='word_1_185' title='bbox 1504 2616 1606 2673; x_wconf 85' lang='lat' dir='ltr'><strong>ne,</strong></span> <span class='ocrx_word' id='word_1_186' title='bbox 1652 2597 1709 2661; x_wconf 89' lang='lat' dir='ltr'><strong>si</strong></span> <span class='ocrx_word' id='word_1_187' title='bbox 1752 2596 1919 2661; x_wconf 85' lang='lat' dir='ltr'><strong>forte</strong></span> <span class='ocrx_word' id='word_1_188' title='bbox 1963 2596 2071 2661; x_wconf 90' lang='lat' dir='ltr'><strong>hic</strong></span> <span class='ocrx_word' id='word_1_189' title='bbox 2115 2617 2295 2661; x_wconf 88' lang='lat' dir='ltr'><strong>erra-</strong></span> 
     </span>
     <span class='ocr_line' id='line_1_26' title="bbox 334 2680 2295 2763; baseline 0.001 -17"><span class='ocrx_word' id='word_1_190' title='bbox 334 2690 481 2746; x_wconf 85' lang='lat' dir='ltr'><strong>tum</strong></span> <span class='ocrx_word' id='word_1_191' title='bbox 524 2688 645 2759; x_wconf 87' lang='lat' dir='ltr'><strong>est,</strong></span> <span class='ocrx_word' id='word_1_192' title='bbox 694 2680 851 2745; x_wconf 92' lang='lat' dir='ltr'><strong>dum</strong></span> <span class='ocrx_word' id='word_1_193' title='bbox 896 2681 1323 2763; x_wconf 81' lang='lat' dir='ltr'><strong>appendicem</strong></span> <span class='ocrx_word' id='word_1_194' title='bbox 1368 2680 1607 2755; x_wconf 84' lang='lat' dir='ltr'><strong>scribo,</strong></span> <span class='ocrx_word' id='word_1_195' title='bbox 1655 2681 1736 2746; x_wconf 93' lang='lat' dir='ltr'><strong>de</strong></span> <span class='ocrx_word' id='word_1_196' title='bbox 1778 2703 2001 2747; x_wconf 89' lang='lat' dir='ltr'><strong>errore</strong></span> <span class='ocrx_word' id='word_1_197' title='bbox 2058 2684 2295 2748; x_wconf 88' lang='lat' dir='ltr'><strong>confir-</strong></span> 
     </span>
     <span class='ocr_line' id='line_1_27' title="bbox 329 2765 2296 2851; baseline 0 -19"><span class='ocrx_word' id='word_1_198' title='bbox 329 2765 579 2833; x_wconf 85' lang='lat' dir='ltr'><strong>mando</strong></span> <span class='ocrx_word' id='word_1_199' title='bbox 644 2766 949 2832; x_wconf 89' lang='lat' dir='ltr'><strong>laborem.</strong></span> <span class='ocrx_word' id='word_1_200' title='bbox 1051 2766 1265 2831; x_wconf 65' lang='lat' dir='ltr'><strong>Simul</strong></span> <span class='ocrx_word' id='word_1_201' title='bbox 1320 2788 1479 2849; x_wconf 87' lang='lat' dir='ltr'><strong>rogo</strong></span> <span class='ocrx_word' id='word_1_202' title='bbox 1529 2776 1604 2831; x_wconf 88' lang='lat' dir='ltr'><strong>ut</strong></span> <span class='ocrx_word' id='word_1_203' title='bbox 1655 2767 1963 2833; x_wconf 87' lang='lat' dir='ltr'><strong>tabellam</strong></span> <span class='ocrx_word' id='word_1_204' title='bbox 2019 2790 2138 2851; x_wconf 91' lang='lat' dir='ltr'><strong>pro</strong></span> <span class='ocrx_word' id='word_1_205' title='bbox 2191 2788 2296 2832; x_wconf 87' lang='lat' dir='ltr'><strong>ar-</strong></span> 
     </span>
     <span class='ocr_line' id='line_1_28' title="bbox 333 2850 1601 2929; baseline -0.002 -10"><span class='ocrx_word' id='word_1_206' title='bbox 333 2854 556 2929; x_wconf 84' lang='lat' dir='ltr'><strong>bitrio,</strong></span> <span class='ocrx_word' id='word_1_207' title='bbox 601 2854 658 2919; x_wconf 92' lang='lat' dir='ltr'><strong>si</strong></span> <span class='ocrx_word' id='word_1_208' title='bbox 701 2874 969 2918; x_wconf 87' lang='lat' dir='ltr'><strong>necesse</strong></span> <span class='ocrx_word' id='word_1_209' title='bbox 1011 2851 1230 2925; x_wconf 78' lang='lat' dir='ltr'><strong>fuerit.</strong></span> <span class='ocrx_word' id='word_1_210' title='bbox 1276 2850 1601 2917; x_wconf 86' lang='lat' dir='ltr'><strong>emendes.</strong></span> 
     </span>
    </p>

    <p class='ocr_par' dir='ltr' id='par_1_4' title="bbox 328 2937 2297 3697">
     <span class='ocr_line' id='line_1_29' title="bbox 510 2937 2296 3021; baseline 0.001 -18"><span class='ocrx_word' id='word_1_211' title='bbox 510 2939 689 3003; x_wconf 89' lang='lat' dir='ltr'><strong>Bene</strong></span> <span class='ocrx_word' id='word_1_212' title='bbox 735 2939 901 3016; x_wconf 84' lang='lat' dir='ltr'><strong>vale,</strong></span> <span class='ocrx_word' id='word_1_213' title='bbox 947 2939 1038 3004; x_wconf 90' lang='lat' dir='ltr'><strong>mi</strong></span> <span class='ocrx_word' id='word_1_214' title='bbox 1073 2941 1316 3020; x_wconf 89' lang='lat' dir='ltr'><strong>optime</strong></span> <span class='ocrx_word' id='word_1_215' title='bbox 1360 2951 1560 3021; x_wconf 85' lang='lat' dir='ltr'><strong>pater.</strong></span> <span class='ocrx_word' id='word_1_216' title='bbox 1620 2937 1951 3004; x_wconf 87' lang='lat' dir='ltr'><strong>Dominus</strong></span> <span class='ocrx_word' id='word_1_217' title='bbox 1994 2940 2185 3006; x_wconf 88' lang='lat' dir='ltr'><strong>Issus</strong></span> <span class='ocrx_word' id='word_1_218' title='bbox 2228 2950 2296 3004; x_wconf 87' lang='lat' dir='ltr'><strong>te</strong></span> 
     </span>
     <span class='ocr_line' id='line_1_30' title="bbox 332 3025 2297 3111; baseline -0.001 -18"><span class='ocrx_word' id='word_1_219' title='bbox 332 3038 559 3093; x_wconf 85' lang='lat' dir='ltr'><strong>servet</strong></span> <span class='ocrx_word' id='word_1_220' title='bbox 600 3027 997 3092; x_wconf 85' lang='lat' dir='ltr'><strong>incolumem</strong></span> <span class='ocrx_word' id='word_1_221' title='bbox 1040 3044 1189 3090; x_wconf 89' lang='lat' dir='ltr'><strong>cum</strong></span> <span class='ocrx_word' id='word_1_222' title='bbox 1227 3034 1364 3089; x_wconf 81' lang='lat' dir='ltr'><strong>tota</strong></span> <span class='ocrx_word' id='word_1_223' title='bbox 1406 3025 1696 3104; x_wconf 86' lang='lat' dir='ltr'><strong>ecclesia,</strong></span> <span class='ocrx_word' id='word_1_224' title='bbox 1742 3034 1811 3089; x_wconf 89' lang='lat' dir='ltr'><strong>et</strong></span> <span class='ocrx_word' id='word_1_225' title='bbox 1832 3025 2044 3091; x_wconf 89' lang='lat' dir='ltr'><strong>indies</strong></span> <span class='ocrx_word' id='word_1_226' title='bbox 2087 3026 2297 3111; x_wconf 85' lang='lat' dir='ltr'><strong>magis</strong></span> 
     </span>
     <span class='ocr_line' id='line_1_31' title="bbox 332 3111 2297 3197; baseline -0.001 -17"><span class='ocrx_word' id='word_1_227' title='bbox 332 3135 408 3180; x_wconf 91' lang='lat' dir='ltr'><strong>ac</strong></span> <span class='ocrx_word' id='word_1_228' title='bbox 448 3114 666 3197; x_wconf 84' lang='lat' dir='ltr'><strong>magis</strong></span> <span class='ocrx_word' id='word_1_229' title='bbox 710 3113 955 3178; x_wconf 85' lang='lat' dir='ltr'><strong>invicto</strong></span> <span class='ocrx_word' id='word_1_230' title='bbox 1021 3133 1139 3177; x_wconf 89' lang='lat' dir='ltr'><strong>suo</strong></span> <span class='ocrx_word' id='word_1_231' title='bbox 1196 3113 1429 3195; x_wconf 84' lang='lat' dir='ltr'><strong>spiritu</strong></span> <span class='ocrx_word' id='word_1_232' title='bbox 1489 3113 1845 3177; x_wconf 88' lang='lat' dir='ltr'><strong>confirmet.</strong></span> <span class='ocrx_word' id='word_1_233' title='bbox 1957 3111 2147 3195; x_wconf 74' lang='lat' dir='ltr'><strong>Quod</strong></span> <span class='ocrx_word' id='word_1_234' title='bbox 2215 3112 2297 3178; x_wconf 89' lang='lat' dir='ltr'><strong>de</strong></span> 
     </span>
     <span class='ocr_line' id='line_1_32' title="bbox 331 3197 2296 3283; baseline 0 -18"><span class='ocrx_word' id='word_1_235' title='bbox 331 3199 584 3266; x_wconf 86' lang='lat' dir='ltr'><strong>nostris</strong></span> <span class='ocrx_word' id='word_1_236' title='bbox 637 3198 955 3264; x_wconf 86' lang='lat' dir='ltr'><strong>fratribus</strong></span> <span class='ocrx_word' id='word_1_237' title='bbox 1012 3198 1289 3283; x_wconf 83' lang='lat' dir='ltr'><strong>captivis</strong></span> <span class='ocrx_word' id='word_1_238' title='bbox 1351 3197 1801 3263; x_wconf 87' lang='lat' dir='ltr'><strong>intelleximus</strong></span> <span class='ocrx_word' id='word_1_239' title='bbox 1872 3198 2113 3281; x_wconf 87' lang='lat' dir='ltr'><strong>partim</strong></span> <span class='ocrx_word' id='word_1_240' title='bbox 2172 3218 2296 3265; x_wconf 91' lang='lat' dir='ltr'><strong>nos</strong></span> 
     </span>
     <span class='ocr_line' id='line_1_33' title="bbox 331 3285 2296 3369; baseline -0.001 -18"><span class='ocrx_word' id='word_1_241' title='bbox 331 3285 742 3351; x_wconf 82' lang='lat' dir='ltr'><strong>exhilaravit</strong></span> <span class='ocrx_word' id='word_1_242' title='bbox 793 3305 1208 3369; x_wconf 85' lang='lat' dir='ltr'><strong>magnopere,</strong></span> <span class='ocrx_word' id='word_1_243' title='bbox 1268 3285 1506 3368; x_wconf 85' lang='lat' dir='ltr'><strong>partim</strong></span> <span class='ocrx_word' id='word_1_244' title='bbox 1567 3285 1767 3349; x_wconf 88' lang='lat' dir='ltr'><strong>etiam</strong></span> <span class='ocrx_word' id='word_1_245' title='bbox 1822 3297 2117 3350; x_wconf 84' lang='lat' dir='ltr'><strong>nostram</strong></span> <span class='ocrx_word' id='word_1_246' title='bbox 2176 3305 2296 3368; x_wconf 89' lang='lat' dir='ltr'><strong>pro</strong></span> 
     </span>
     <span class='ocr_line' id='line_1_34' title="bbox 328 3369 2294 3438; baseline -0.002 0"><span class='ocrx_word' id='word_1_247' title='bbox 328 3372 465 3438; x_wconf 90' lang='lat' dir='ltr'><strong>illis</strong></span> <span class='ocrx_word' id='word_1_248' title='bbox 512 3369 1019 3436; x_wconf 91' lang='lat' dir='ltr'><strong>sollicitudinem</strong></span> <span class='ocrx_word' id='word_1_249' title='bbox 1065 3371 1269 3435; x_wconf 70' lang='lat' dir='ltr'><strong>auxit</strong></span> <span class='ocrx_word' id='word_1_250' title='bbox 1372 3369 1613 3435; x_wconf 81' lang='lat' dir='ltr'><strong>Servet</strong></span> <span class='ocrx_word' id='word_1_251' title='bbox 1664 3370 1813 3435; x_wconf 90' lang='lat' dir='ltr'><strong>illos</strong></span> <span class='ocrx_word' id='word_1_252' title='bbox 1857 3371 2183 3436; x_wconf 90' lang='lat' dir='ltr'><strong>Dominus</strong></span> <span class='ocrx_word' id='word_1_253' title='bbox 2222 3371 2294 3435; x_wconf 91' lang='lat' dir='ltr'><strong>in</strong></span> 
     </span>
     <span class='ocr_line' id='line_1_35' title="bbox 329 3455 2295 3540; baseline -0.001 -16"><span class='ocrx_word' id='word_1_254' title='bbox 329 3460 471 3524; x_wconf 88' lang='lat' dir='ltr'><strong>vita</strong></span> <span class='ocrx_word' id='word_1_255' title='bbox 517 3467 586 3523; x_wconf 92' lang='lat' dir='ltr'><strong>et</strong></span> <span class='ocrx_word' id='word_1_256' title='bbox 627 3458 699 3522; x_wconf 91' lang='lat' dir='ltr'><strong>in</strong></span> <span class='ocrx_word' id='word_1_257' title='bbox 742 3465 984 3535; x_wconf 85' lang='lat' dir='ltr'><strong>morte,</strong></span> <span class='ocrx_word' id='word_1_258' title='bbox 1042 3466 1109 3522; x_wconf 89' lang='lat' dir='ltr'><strong>et</strong></span> <span class='ocrx_word' id='word_1_259' title='bbox 1152 3456 1474 3522; x_wconf 85' lang='lat' dir='ltr'><strong>Satanam</strong></span> <span class='ocrx_word' id='word_1_260' title='bbox 1526 3467 1941 3540; x_wconf 86' lang='lat' dir='ltr'><strong>caeterosque</strong></span> <span class='ocrx_word' id='word_1_261' title='bbox 1984 3455 2295 3524; x_wconf 86' lang='lat' dir='ltr'><strong>adversa-</strong></span> 
     </span>
     <span class='ocr_line' id='line_1_36' title="bbox 330 3541 2293 3628; baseline -0.001 -18"><span class='ocrx_word' id='word_1_262' title='bbox 330 3545 467 3610; x_wconf 87' lang='lat' dir='ltr'><strong>rios</strong></span> <span class='ocrx_word' id='word_1_263' title='bbox 513 3543 636 3611; x_wconf 90' lang='lat' dir='ltr'><strong>sub</strong></span> <span class='ocrx_word' id='word_1_264' title='bbox 678 3542 959 3628; x_wconf 90' lang='lat' dir='ltr'><strong>pedibus</strong></span> <span class='ocrx_word' id='word_1_265' title='bbox 1010 3541 1274 3607; x_wconf 90' lang='lat' dir='ltr'><strong>illorum</strong></span> <span class='ocrx_word' id='word_1_266' title='bbox 1331 3550 1641 3608; x_wconf 84' lang='lat' dir='ltr'><strong>conterat.</strong></span> <span class='ocrx_word' id='word_1_267' title='bbox 1744 3543 2141 3609; x_wconf 83' lang='lat' dir='ltr'><strong>Lausannae</strong></span> <span class='ocrx_word' id='word_1_268' title='bbox 2192 3547 2293 3608; x_wconf 83' lang='lat'><strong>29.</strong></span> 
     </span>
     <span class='ocr_line' id='line_1_37' title="bbox 329 3630 510 3697; baseline 0.006 -2"><span class='ocrx_word' id='word_1_269' title='bbox 329 3630 510 3697; x_wconf 89' lang='lat' dir='ltr'><strong>Iulii.</strong></span> 
     </span>
    </p>

    <p class='ocr_par' dir='ltr' id='par_1_5' title="bbox 328 3713 2298 4212">
     <span class='ocr_line' id='line_1_38' title="bbox 508 3713 2298 3796; baseline 0 -16"><span class='ocrx_word' id='word_1_270' title='bbox 508 3714 649 3796; x_wconf 78' lang='lat' dir='ltr'><strong>Qui</strong></span> <span class='ocrx_word' id='word_1_271' title='bbox 707 3714 830 3780; x_wconf 88' lang='lat' dir='ltr'><strong>has</strong></span> <span class='ocrx_word' id='word_1_272' title='bbox 883 3714 1003 3780; x_wconf 88' lang='lat' dir='ltr'><strong>tibi</strong></span> <span class='ocrx_word' id='word_1_273' title='bbox 1067 3714 1292 3780; x_wconf 80' lang='lat' dir='ltr'><strong>literas</strong></span> <span class='ocrx_word' id='word_1_274' title='bbox 1357 3713 1571 3779; x_wconf 85' lang='lat' dir='ltr'><strong>reddit</strong></span> <span class='ocrx_word' id='word_1_275' title='bbox 1634 3715 2129 3782; x_wconf 83' lang='lat' dir='ltr'><strong>commendatus</strong></span> <span class='ocrx_word' id='word_1_276' title='bbox 2195 3723 2298 3780; x_wconf 89' lang='lat' dir='ltr'><strong>est</strong></span> 
     </span>
     <span class='ocr_line' id='line_1_39' title="bbox 330 3799 2296 3884; baseline -0.001 -16"><span class='ocrx_word' id='word_1_277' title='bbox 330 3803 523 3868; x_wconf 90' lang='lat' dir='ltr'><strong>nobis</strong></span> <span class='ocrx_word' id='word_1_278' title='bbox 569 3802 651 3867; x_wconf 89' lang='lat' dir='ltr'><strong>ab</strong></span> <span class='ocrx_word' id='word_1_279' title='bbox 688 3799 1176 3866; x_wconf 84' lang='lat' dir='ltr'><strong>Embdensibus</strong></span> <span class='ocrx_word' id='word_1_280' title='bbox 1220 3801 1547 3878; x_wconf 79' lang='lat' dir='ltr'><strong>fratribus,</strong></span> <span class='ocrx_word' id='word_1_281' title='bbox 1594 3804 1704 3884; x_wconf 89' lang='lat' dir='ltr'><strong>qui</strong></span> <span class='ocrx_word' id='word_1_282' title='bbox 1745 3811 2074 3866; x_wconf 74' lang='lat' dir='ltr'><strong>testantur</strong></span> <span class='ocrx_word' id='word_1_283' title='bbox 2118 3800 2296 3866; x_wconf 90' lang='lat' dir='ltr'><strong>illius</strong></span> 
     </span>
     <span class='ocr_line' id='line_1_40' title="bbox 329 3886 2294 3973; baseline -0.001 -20"><span class='ocrx_word' id='word_1_284' title='bbox 329 3895 688 3973; x_wconf 85' lang='lat' dir='ltr'><strong>parentum</strong></span> <span class='ocrx_word' id='word_1_285' title='bbox 736 3886 953 3952; x_wconf 88' lang='lat' dir='ltr'><strong>studio</strong></span> <span class='ocrx_word' id='word_1_286' title='bbox 990 3896 1058 3952; x_wconf 87' lang='lat' dir='ltr'><strong>et</strong></span> <span class='ocrx_word' id='word_1_287' title='bbox 1100 3907 1297 3970; x_wconf 87' lang='lat' dir='ltr'><strong>opera</strong></span> <span class='ocrx_word' id='word_1_288' title='bbox 1330 3888 1741 3970; x_wconf 91' lang='lat' dir='ltr'><strong>potissimum</strong></span> <span class='ocrx_word' id='word_1_289' title='bbox 1765 3906 1909 3952; x_wconf 88' lang='lat' dir='ltr'><strong>esse</strong></span> <span class='ocrx_word' id='word_1_290' title='bbox 1933 3887 2294 3970; x_wconf 82' lang='lat' dir='ltr'><strong>perfectum</strong></span> 
     </span>
     <span class='ocr_line' id='line_1_41' title="bbox 330 3971 2295 4058; baseline -0.002 -17"><span class='ocrx_word' id='word_1_291' title='bbox 330 3981 407 4041; x_wconf 86' lang='lat' dir='ltr'><strong>ut</strong></span> <span class='ocrx_word' id='word_1_292' title='bbox 464 3974 884 4058; x_wconf 83' lang='lat' dir='ltr'><strong>evangelium</strong></span> <span class='ocrx_word' id='word_1_293' title='bbox 949 3972 1082 4037; x_wconf 89' lang='lat' dir='ltr'><strong>illic</strong></span> <span class='ocrx_word' id='word_1_294' title='bbox 1146 3980 1398 4057; x_wconf 82' lang='lat' dir='ltr'><strong>regnet.</strong></span> <span class='ocrx_word' id='word_1_295' title='bbox 1412 3975 1474 4048; x_wconf 78' lang='grc' dir='ltr'><strong>Β)</strong></span> <span class='ocrx_word' id='word_1_296' title='bbox 1582 3971 1813 4056; x_wconf 86' lang='lat' dir='ltr'><strong>Itaque</strong></span> <span class='ocrx_word' id='word_1_297' title='bbox 1873 3994 2004 4038; x_wconf 90' lang='lat' dir='ltr'><strong>non</strong></span> <span class='ocrx_word' id='word_1_298' title='bbox 2067 3973 2295 4039; x_wconf 88' lang='lat' dir='ltr'><strong>dubito</strong></span> 
     </span>
     <span class='ocr_line' id='line_1_42' title="bbox 330 4058 2294 4144; baseline -0.002 -18"><span class='ocrx_word' id='word_1_299' title='bbox 330 4081 489 4126; x_wconf 87' lang='lat' dir='ltr'><strong>eum</strong></span> <span class='ocrx_word' id='word_1_300' title='bbox 536 4061 662 4126; x_wconf 91' lang='lat' dir='ltr'><strong>hoc</strong></span> <span class='ocrx_word' id='word_1_301' title='bbox 696 4080 951 4144; x_wconf 90' lang='lat' dir='ltr'><strong>quoque</strong></span> <span class='ocrx_word' id='word_1_302' title='bbox 994 4060 1259 4124; x_wconf 89' lang='lat' dir='ltr'><strong>nomine</strong></span> <span class='ocrx_word' id='word_1_303' title='bbox 1302 4059 1421 4124; x_wconf 85' lang='lat' dir='ltr'><strong>tibi</strong></span> <span class='ocrx_word' id='word_1_304' title='bbox 1470 4058 1551 4124; x_wconf 93' lang='lat' dir='ltr'><strong>de</strong></span> <span class='ocrx_word' id='word_1_305' title='bbox 1592 4059 1862 4124; x_wconf 90' lang='lat' dir='ltr'><strong>meliore</strong></span> <span class='ocrx_word' id='word_1_306' title='bbox 1923 4067 2078 4124; x_wconf 87' lang='lat' dir='ltr'><strong>nota</strong></span> <span class='ocrx_word' id='word_1_307' title='bbox 2118 4080 2294 4125; x_wconf 92' lang='lat' dir='ltr'><strong>com-</strong></span> 
     </span>
     <span class='ocr_line' id='line_1_43' title="bbox 328 4148 667 4212; baseline -0.003 0"><span class='ocrx_word' id='word_1_308' title='bbox 328 4148 667 4212; x_wconf 86' lang='lat' dir='ltr'><strong>mendare.</strong></span> 
     </span>
    </p>

    <p class='ocr_par' dir='ltr' id='par_1_6' title="bbox 504 4229 2293 4316">
     <span class='ocr_line' id='line_1_44' title="bbox 504 4229 2293 4316; baseline -0.002 -16"><span class='ocrx_word' id='word_1_309' title='bbox 504 4232 894 4300; x_wconf 80' lang='lat' dir='ltr'><strong>Conventus</strong></span> <span class='ocrx_word' id='word_1_310' title='bbox 924 4231 1152 4299; x_wconf 88' lang='lat' dir='ltr'><strong>classis</strong></span> <span class='ocrx_word' id='word_1_311' title='bbox 1176 4230 1462 4297; x_wconf 88' lang='lat' dir='ltr'><strong>indictus</strong></span> <span class='ocrx_word' id='word_1_312' title='bbox 1484 4237 1587 4296; x_wconf 89' lang='lat' dir='ltr'><strong>est</strong></span> <span class='ocrx_word' id='word_1_313' title='bbox 1621 4229 1707 4295; x_wconf 89' lang='lat' dir='ltr'><strong>ad</strong></span> <span class='ocrx_word' id='word_1_314' title='bbox 1750 4251 1960 4297; x_wconf 87' lang='lat' dir='ltr'><strong>nonas</strong></span> <span class='ocrx_word' id='word_1_315' title='bbox 1985 4231 2293 4316; x_wconf 81' lang='lat' dir='ltr'><strong>Augusti.</strong></span> 
     </span>
    </p>
   </div>
   <div class='ocr_carea' id='block_1_3' title="bbox 952 4369 2295 4539">
    <p class='ocr_par' dir='ltr' id='par_1_7' title="bbox 952 4369 2295 4539">
     <span class='ocr_line' id='line_1_45' title="bbox 952 4369 2295 4539; baseline -0.003 0"><span class='ocrx_word' id='word_1_316' title='bbox 952 4473 1128 4539; x_wconf 89' lang='lat' dir='ltr'><strong>filius</strong></span> <span class='ocrx_word' id='word_1_317' title='bbox 1172 4472 1290 4538; x_wconf 91' lang='lat' dir='ltr'><strong>tibi</strong></span> <span class='ocrx_word' id='word_1_318' title='bbox 1332 4472 1407 4537; x_wconf 87' lang='lat' dir='ltr'><strong>in</strong></span> <span class='ocrx_word' id='word_1_319' title='bbox 1449 4369 1737 4539; x_wconf 55' lang='grc' dir='ltr'>Βῗῗιξιιο</span> <span class='ocrx_word' id='word_1_320' title='bbox 1779 4469 2295 4538; x_wconf 76' lang='lat' dir='ltr'><strong>addictissimus.</strong></span> 
     </span>
    </p>
   </div>
   <div class='ocr_carea' id='block_1_4' title="bbox 339 4595 743 4608">
    <p class='ocr_par' dir='ltr' id='par_1_8' title="bbox 339 4595 743 4608">
     <span class='ocr_line' id='line_1_46' title="bbox 339 4595 743 4608; baseline 0 1592"><span class='ocrx_word' id='word_1_321' title='bbox 339 4595 743 4608; x_wconf 95' lang='lat' dir='ltr'><strong> </strong></span> 
     </span>
    </p>
   </div>
   <div class='ocr_carea' id='block_1_5' title="bbox 332 4727 2295 4873">
    <p class='ocr_par' dir='ltr' id='par_1_9' title="bbox 332 4727 2295 4873">
     <span class='ocr_line' id='line_1_47' title="bbox 332 4727 2295 4873; baseline -0.001 -86"><span class='ocrx_word' id='word_1_322' title='bbox 332 4727 2295 4873; x_wconf 43' lang='grc' dir='ltr'><strong>Δηὼᾶῌὲοᾶἕὲἒοᾶρηὺάωώρᾱωυίάαυηωκωοοω</strong></span> 
     </span>
    </p>
   </div>
   <div class='ocr_carea' id='block_1_6' title="bbox 536 5446 1330 5521">
    <p class='ocr_par' dir='ltr' id='par_1_10' title="bbox 536 5446 1330 5521">
     <span class='ocr_line' id='line_1_48' title="bbox 536 5446 1330 5521; baseline -0.005 -14"><span class='ocrx_word' id='word_1_323' title='bbox 536 5449 758 5507; x_wconf 59' lang='lat' dir='ltr'><strong>abaci</strong></span> <span class='ocrx_word' id='word_1_324' title='bbox 783 5464 966 5521; x_wconf 70' lang='lat' dir='ltr'><strong>opera.</strong></span> <span class='ocrx_word' id='word_1_325' title='bbox 1048 5449 1163 5506; x_wconf 79' lang='grc' dir='ltr'>νοι.</span> <span class='ocrx_word' id='word_1_326' title='bbox 1198 5446 1330 5505; x_wconf 77' lang='lat' dir='ltr'><strong>xv.</strong></span> 
     </span>
    </p>
   </div>
   <div class='ocr_carea' id='block_1_7' title="bbox 2153 429 2546 499">
    <p class='ocr_par' dir='ltr' id='par_1_11' title="bbox 2153 429 2546 499">
     <span class='ocr_line' id='line_1_49' title="bbox 2153 429 2546 499; baseline 0.003 -4"><span class='ocrx_word' id='word_1_327' title='bbox 2153 433 2316 496; x_wconf 76' lang='lat'><strong>1555</strong></span> <span class='ocrx_word' id='word_1_328' title='bbox 2360 429 2546 499; x_wconf 81' lang='lat' dir='ltr'><strong>IUL.</strong></span> 
     </span>
    </p>
   </div>
   <div class='ocr_carea' id='block_1_8' title="bbox 2338 632 2360 5418">
    <p class='ocr_par' dir='ltr' id='par_1_12' title="bbox 2338 632 2360 5418">
     <span class='ocr_line' id='line_1_50' title="bbox 2338 632 2360 5418; baseline 0 0"><span class='ocrx_word' id='word_1_329' title='bbox 2338 632 2360 5418; x_wconf 95' lang='lat' dir='ltr'><strong> </strong></span> 
     </span>
    </p>
   </div>
   <div class='ocr_carea' id='block_1_9' title="bbox 2527 439 4370 946">
    <p class='ocr_par' dir='ltr' id='par_1_13' title="bbox 2527 439 4370 946">
     <span class='ocr_line' id='line_1_51' title="bbox 4235 439 4370 505; baseline 0.015 -2"><span class='ocrx_word' id='word_1_330' title='bbox 4235 439 4370 505; x_wconf 80' lang='lat'><strong>706</strong></span> 
     </span>
     <span class='ocr_line' id='line_1_52' title="bbox 3285 621 3486 692; baseline 0.01 -2"><span class='ocrx_word' id='word_1_331' title='bbox 3285 621 3486 692; x_wconf 71' lang='lat'><strong>225⁶.</strong></span> 
     </span>
     <span class='ocr_line' id='line_1_53' title="bbox 2527 758 4243 848; baseline 0.005 -8"><span class='ocrx_word' id='word_1_332' title='bbox 2527 775 2650 840; x_wconf 83' lang='lat' dir='ltr'><strong>LE</strong></span> <span class='ocrx_word' id='word_1_333' title='bbox 2716 758 3024 842; x_wconf 77' lang='lat' dir='ltr'><strong>SENAT</strong></span> <span class='ocrx_word' id='word_1_334' title='bbox 3092 776 3211 842; x_wconf 84' lang='lat' dir='ltr'><strong>DE</strong></span> <span class='ocrx_word' id='word_1_335' title='bbox 3279 761 3666 843; x_wconf 76' lang='lat' dir='ltr'><strong>GENEVE</strong></span> <span class='ocrx_word' id='word_1_336' title='bbox 3739 779 3869 845; x_wconf 70' lang='grc' dir='ltr'><strong>ΛΠ</strong></span> <span class='ocrx_word' id='word_1_337' title='bbox 3935 765 4243 848; x_wconf 74' lang='lat' dir='ltr'><strong>SENA&#39;r</strong></span> 
     </span>
     <span class='ocr_line' id='line_1_54' title="bbox 3119 878 3655 946; baseline -0.007 -2"><span class='ocrx_word' id='word_1_338' title='bbox 3119 878 3249 944; x_wconf 86' lang='lat' dir='ltr'><strong>DE</strong></span> <span class='ocrx_word' id='word_1_339' title='bbox 3317 880 3655 946; x_wconf 82' lang='lat' dir='ltr'><strong>BERNE.</strong></span> 
     </span>
    </p>
   </div>
   <div class='ocr_carea' id='block_1_10' title="bbox 2424 1046 4370 1256">
    <p class='ocr_par' dir='ltr' id='par_1_14' title="bbox 2424 1046 4370 1256">
     <span class='ocr_line' id='line_1_55' title="bbox 2424 1046 4370 1119; baseline 0.005 -17"><span class='ocrx_word' id='word_1_340' title='bbox 2424 1049 2635 1103; x_wconf 61' lang='lat' dir='ltr'><strong>Minutas</strong></span> <span class='ocrx_word' id='word_1_341' title='bbox 2683 1046 2948 1119; x_wconf 65' lang='lat' dir='ltr'><strong>originale</strong></span> <span class='ocrx_word' id='word_1_342' title='bbox 2991 1046 3062 1100; x_wconf 84' lang='lat' dir='ltr'><strong>de</strong></span> <span class='ocrx_word' id='word_1_343' title='bbox 3108 1047 3161 1099; x_wconf 75' lang='lat' dir='ltr'><strong>la</strong></span> <span class='ocrx_word' id='word_1_344' title='bbox 3206 1050 3353 1103; x_wconf 80' lang='lat' dir='ltr'><strong>main</strong></span> <span class='ocrx_word' id='word_1_345' title='bbox 3401 1051 3472 1104; x_wconf 82' lang='lat' dir='ltr'><strong>de</strong></span> <span class='ocrx_word' id='word_1_346' title='bbox 3519 1050 3728 1105; x_wconf 83' lang='lat' dir='ltr'><strong>Oslvin.</strong></span> <span class='ocrx_word' id='word_1_347' title='bbox 3800 1053 3961 1107; x_wconf 82' lang='lat' dir='ltr'><strong>Arch.</strong></span> <span class='ocrx_word' id='word_1_348' title='bbox 4005 1056 4076 1110; x_wconf 87' lang='lat' dir='ltr'><strong>de</strong></span> <span class='ocrx_word' id='word_1_349' title='bbox 4122 1054 4370 1113; x_wconf 67' lang='lat' dir='ltr'><strong>Genevs.</strong></span> 
     </span>
     <span class='ocr_line' id='line_1_56' title="bbox 2480 1115 4363 1256; baseline 0.005 -84"><span class='ocrx_word' id='word_1_350' title='bbox 2480 1123 2620 1172; x_wconf 69' lang='lat' dir='ltr'><strong>ttroe</strong></span> <span class='ocrx_word' id='word_1_351' title='bbox 2654 1118 2723 1172; x_wconf 86' lang='lat' dir='ltr'><strong>de</strong></span> <span class='ocrx_word' id='word_1_352' title='bbox 2758 1118 2813 1171; x_wconf 76' lang='lat' dir='ltr'><strong>ls</strong></span> <span class='ocrx_word' id='word_1_353' title='bbox 2847 1115 3441 1256; x_wconf 39' lang='lat' dir='ltr'><strong>seigneurieinssiitnfizs</strong></span> <span class='ocrx_word' id='word_1_354' title='bbox 3466 1118 3629 1255; x_wconf 53' lang='lat'>{⁰533</span> <span class='ocrx_word' id='word_1_355' title='bbox 3689 1123 3906 1175; x_wconf 87' lang='lat' dir='ltr'><strong>Bonuet</strong></span> <span class='ocrx_word' id='word_1_356' title='bbox 3937 1123 4007 1177; x_wconf 88' lang='lat'><strong>11.</strong></span> <span class='ocrx_word' id='word_1_357' title='bbox 4041 1123 4128 1177; x_wconf 77' lang='grc'><strong>60.</strong></span> <span class='ocrx_word' id='word_1_358' title='bbox 4195 1126 4363 1183; x_wconf 74' lang='lat' dir='ltr'><strong>&#39;rr-d.</strong></span> 
     </span>
    </p>
   </div>
   <div class='ocr_carea' id='block_1_11' title="bbox 2397 1357 4368 3506">
    <p class='ocr_par' dir='ltr' id='par_1_15' title="bbox 2398 1357 4362 1791">
     <span class='ocr_line' id='line_1_57' title="bbox 2571 1357 4360 1448; baseline 0.004 -24"><span class='ocrx_word' id='word_1_359' title='bbox 2571 1357 3048 1441; x_wconf 80' lang='lat' dir='ltr'><strong>Magnificques</strong></span> <span class='ocrx_word' id='word_1_360' title='bbox 3075 1357 3434 1441; x_wconf 83' lang='lat' dir='ltr'><strong>seigneurs,</strong></span> <span class='ocrx_word' id='word_1_361' title='bbox 3447 1371 3658 1442; x_wconf 86' lang='lat' dir='ltr'><strong>quant</strong></span> <span class='ocrx_word' id='word_1_362' title='bbox 3679 1382 3814 1426; x_wconf 81' lang='lat' dir='ltr'><strong>aux</strong></span> <span class='ocrx_word' id='word_1_363' title='bbox 3835 1365 4286 1448; x_wconf 83' lang='lat' dir='ltr'><strong>entreprinses</strong></span> <span class='ocrx_word' id='word_1_364' title='bbox 4310 1371 4360 1444; x_wconf 92' lang='lat'><strong>¹)</strong></span> 
     </span>
     <span class='ocr_line' id='line_1_58' title="bbox 2401 1445 4362 1532; baseline 0.004 -21"><span class='ocrx_word' id='word_1_365' title='bbox 2401 1445 2563 1511; x_wconf 85' lang='lat' dir='ltr'><strong>dont</strong></span> <span class='ocrx_word' id='word_1_366' title='bbox 2619 1466 2784 1509; x_wconf 90' lang='lat' dir='ltr'><strong>nous</strong></span> <span class='ocrx_word' id='word_1_367' title='bbox 2843 1466 3008 1507; x_wconf 86' lang='lat' dir='ltr'><strong>vous</strong></span> <span class='ocrx_word' id='word_1_368' title='bbox 3069 1464 3280 1509; x_wconf 85' lang='lat' dir='ltr'><strong>avons</strong></span> <span class='ocrx_word' id='word_1_369' title='bbox 3338 1445 3664 1526; x_wconf 83' lang='lat' dir='ltr'><strong>advertis,</strong></span> <span class='ocrx_word' id='word_1_370' title='bbox 3724 1447 3771 1512; x_wconf 92' lang='lat' dir='ltr'><strong>il</strong></span> <span class='ocrx_word' id='word_1_371' title='bbox 3841 1471 3885 1532; x_wconf 82' lang='lat' dir='ltr'>y</span> <span class='ocrx_word' id='word_1_372' title='bbox 3947 1451 4126 1516; x_wconf 83' lang='lat' dir='ltr'><strong>avoit</strong></span> <span class='ocrx_word' id='word_1_373' title='bbox 4183 1448 4362 1518; x_wconf 76' lang='lat' dir='ltr'><strong>deux</strong></span> 
     </span>
     <span class='ocr_line' id='line_1_59' title="bbox 2398 1529 4362 1619; baseline 0.003 -22"><span class='ocrx_word' id='word_1_374' title='bbox 2398 1532 2655 1597; x_wconf 84' lang='lat' dir='ltr'><strong>raisons</strong></span> <span class='ocrx_word' id='word_1_375' title='bbox 2712 1529 2822 1612; x_wconf 91' lang='lat' dir='ltr'><strong>qui</strong></span> <span class='ocrx_word' id='word_1_376' title='bbox 2875 1550 3042 1593; x_wconf 89' lang='lat' dir='ltr'><strong>nous</strong></span> <span class='ocrx_word' id='word_1_377' title='bbox 3092 1542 3209 1594; x_wconf 92' lang='lat' dir='ltr'><strong>ont</strong></span> <span class='ocrx_word' id='word_1_378' title='bbox 3249 1531 3404 1596; x_wconf 87' lang='lat' dir='ltr'><strong>faict</strong></span> <span class='ocrx_word' id='word_1_379' title='bbox 3437 1530 3682 1598; x_wconf 86' lang='lat' dir='ltr'><strong>haster.</strong></span> <span class='ocrx_word' id='word_1_380' title='bbox 3755 1534 3948 1599; x_wconf 88' lang='lat' dir='ltr'><strong>Lune</strong></span> <span class='ocrx_word' id='word_1_381' title='bbox 3991 1536 4186 1601; x_wconf 89' lang='lat' dir='ltr'><strong>estoit</strong></span> <span class='ocrx_word' id='word_1_382' title='bbox 4220 1537 4362 1619; x_wconf 89' lang='lat' dir='ltr'><strong>quil</strong></span> 
     </span>
     <span class='ocr_line' id='line_1_60' title="bbox 2398 1615 4362 1705; baseline 0.004 -23"><span class='ocrx_word' id='word_1_383' title='bbox 2398 1639 2565 1683; x_wconf 91' lang='lat' dir='ltr'><strong>nous</strong></span> <span class='ocrx_word' id='word_1_384' title='bbox 2601 1615 2901 1681; x_wconf 88' lang='lat' dir='ltr'><strong>sembloit</strong></span> <span class='ocrx_word' id='word_1_385' title='bbox 2945 1615 3095 1680; x_wconf 87' lang='lat' dir='ltr'><strong>bien</strong></span> <span class='ocrx_word' id='word_1_386' title='bbox 3141 1637 3267 1698; x_wconf 91' lang='lat' dir='ltr'><strong>que</strong></span> <span class='ocrx_word' id='word_1_387' title='bbox 3315 1617 3739 1699; x_wconf 86' lang='lat' dir='ltr'><strong>limportance</strong></span> <span class='ocrx_word' id='word_1_388' title='bbox 3782 1621 4076 1686; x_wconf 88' lang='lat' dir='ltr'><strong>meritoit</strong></span> <span class='ocrx_word' id='word_1_389' title='bbox 4119 1644 4245 1705; x_wconf 89' lang='lat' dir='ltr'><strong>que</strong></span> <span class='ocrx_word' id='word_1_390' title='bbox 4285 1644 4362 1689; x_wconf 83' lang='lat' dir='ltr'><strong>ce</strong></span> 
     </span>
     <span class='ocr_line' id='line_1_61' title="bbox 2398 1703 4359 1791; baseline 0.003 -22"><span class='ocrx_word' id='word_1_391' title='bbox 2398 1705 2512 1785; x_wconf 89' lang='lat' dir='ltr'><strong>qui</strong></span> <span class='ocrx_word' id='word_1_392' title='bbox 2545 1722 2714 1766; x_wconf 87' lang='lat' dir='ltr'><strong>vous</strong></span> <span class='ocrx_word' id='word_1_393' title='bbox 2760 1721 3096 1779; x_wconf 78' lang='lat' dir='ltr'><strong>concerno,</strong></span> <span class='ocrx_word' id='word_1_394' title='bbox 3143 1723 3307 1767; x_wconf 76' lang='lat' dir='ltr'><strong>vous</strong></span> <span class='ocrx_word' id='word_1_395' title='bbox 3353 1703 3413 1767; x_wconf 88' lang='lat' dir='ltr'><strong>le</strong></span> <span class='ocrx_word' id='word_1_396' title='bbox 3459 1707 3778 1770; x_wconf 85' lang='lat' dir='ltr'><strong>sceussiez</strong></span> <span class='ocrx_word' id='word_1_397' title='bbox 3823 1706 3972 1789; x_wconf 88' lang='lat' dir='ltr'><strong>plus</strong></span> <span class='ocrx_word' id='word_1_398' title='bbox 4030 1718 4167 1774; x_wconf 85' lang='lat' dir='ltr'><strong>tost</strong></span> <span class='ocrx_word' id='word_1_399' title='bbox 4232 1730 4359 1791; x_wconf 91' lang='lat' dir='ltr'><strong>que</strong></span> 
     </span>
    </p>

    <p class='ocr_par' dir='ltr' id='par_1_16' title="bbox 2397 1785 4368 3506">
     <span class='ocr_line' id='line_1_62' title="bbox 2445 1785 4362 1871; baseline 0.004 -19"><span class='ocrx_word' id='word_1_400' title='bbox 2445 1788 2547 1854; x_wconf 88' lang='lat' dir='ltr'><strong>lus</strong></span> <span class='ocrx_word' id='word_1_401' title='bbox 2593 1785 2759 1853; x_wconf 87' lang='lat' dir='ltr'><strong>tard.</strong></span> <span class='ocrx_word' id='word_1_402' title='bbox 2843 1787 3122 1852; x_wconf 85' lang='lat' dir='ltr'><strong>Laultrs</strong></span> <span class='ocrx_word' id='word_1_403' title='bbox 3167 1809 3404 1871; x_wconf 80' lang='lat' dir='ltr'><strong>pource</strong></span> <span class='ocrx_word' id='word_1_404' title='bbox 3441 1812 3566 1871; x_wconf 90' lang='lat' dir='ltr'><strong>que</strong></span> <span class='ocrx_word' id='word_1_405' title='bbox 3603 1792 3656 1854; x_wconf 91' lang='lat' dir='ltr'><strong>si</strong></span> <span class='ocrx_word' id='word_1_406' title='bbox 3693 1791 3821 1856; x_wconf 91' lang='lat' dir='ltr'><strong>bon</strong></span> <span class='ocrx_word' id='word_1_407' title='bbox 3869 1814 4032 1858; x_wconf 84' lang='lat' dir='ltr'><strong>vous</strong></span> <span class='ocrx_word' id='word_1_408' title='bbox 4056 1795 4362 1860; x_wconf 87' lang='lat' dir='ltr'><strong>sembloit</strong></span> 
     </span>
     <span class='ocr_line' id='line_1_63' title="bbox 2398 1812 4358 1963; baseline 0.004 -24"><span class='ocrx_word' id='word_1_409' title='bbox 2398 1812 2480 1939; x_wconf 61' lang='lat' dir='ltr'><strong>ge</strong></span> <span class='ocrx_word' id='word_1_410' title='bbox 2537 1874 2698 1939; x_wconf 79' lang='lat' dir='ltr'><strong>faire</strong></span> <span class='ocrx_word' id='word_1_411' title='bbox 2777 1873 3153 1939; x_wconf 76' lang='lat' dir='ltr'><strong>confi-omer</strong></span> <span class='ocrx_word' id='word_1_412' title='bbox 3208 1874 3498 1939; x_wconf 88' lang='lat' dir='ltr'><strong>lhommo</strong></span> <span class='ocrx_word' id='word_1_413' title='bbox 3553 1898 3678 1960; x_wconf 87' lang='lat' dir='ltr'><strong>que</strong></span> <span class='ocrx_word' id='word_1_414' title='bbox 3738 1899 3902 1943; x_wconf 90' lang='lat' dir='ltr'><strong>nous</strong></span> <span class='ocrx_word' id='word_1_415' title='bbox 3960 1877 4358 1963; x_wconf 78' lang='lat' dir='ltr'><strong>dotenons²)</strong></span> 
     </span>
     <span class='ocr_line' id='line_1_64' title="bbox 2398 1960 4360 2045; baseline 0.004 -19"><span class='ocrx_word' id='word_1_416' title='bbox 2398 1982 2556 2027; x_wconf 82' lang='lat' dir='ltr'><strong>avec</strong></span> <span class='ocrx_word' id='word_1_417' title='bbox 2604 1960 2794 2045; x_wconf 76' lang='lat' dir='ltr'><strong>celuy</strong></span> <span class='ocrx_word' id='word_1_418' title='bbox 2837 1981 2961 2042; x_wconf 90' lang='lat' dir='ltr'><strong>que</strong></span> <span class='ocrx_word' id='word_1_419' title='bbox 3011 1982 3179 2023; x_wconf 86' lang='lat' dir='ltr'><strong>nous</strong></span> <span class='ocrx_word' id='word_1_420' title='bbox 3234 1982 3786 2044; x_wconf 73' lang='lat' dir='ltr'><strong>souspeqonnons,</strong></span> <span class='ocrx_word' id='word_1_421' title='bbox 3833 1964 4011 2029; x_wconf 80' lang='lat' dir='ltr'><strong>solon</strong></span> <span class='ocrx_word' id='word_1_422' title='bbox 4049 1965 4145 2032; x_wconf 88' lang='lat' dir='ltr'><strong>lcs</strong></span> <span class='ocrx_word' id='word_1_423' title='bbox 4180 1988 4360 2032; x_wconf 86' lang='lat' dir='ltr'><strong>mar-</strong></span> 
     </span>
     <span class='ocr_line' id='line_1_65' title="bbox 2398 2045 4362 2134; baseline 0.004 -23"><span class='ocrx_word' id='word_1_424' title='bbox 2398 2069 2560 2131; x_wconf 86' lang='lat' dir='ltr'><strong>ques</strong></span> <span class='ocrx_word' id='word_1_425' title='bbox 2605 2056 2671 2110; x_wconf 87' lang='lat' dir='ltr'><strong>ot</strong></span> <span class='ocrx_word' id='word_1_426' title='bbox 2704 2046 3052 2129; x_wconf 83' lang='lat' dir='ltr'><strong>enseignos</strong></span> <span class='ocrx_word' id='word_1_427' title='bbox 3098 2045 3230 2127; x_wconf 87' lang='lat' dir='ltr'><strong>quil</strong></span> <span class='ocrx_word' id='word_1_428' title='bbox 3278 2068 3442 2111; x_wconf 85' lang='lat' dir='ltr'><strong>nous</strong></span> <span class='ocrx_word' id='word_1_429' title='bbox 3491 2070 3572 2111; x_wconf 85' lang='lat' dir='ltr'><strong>cn</strong></span> <span class='ocrx_word' id='word_1_430' title='bbox 3621 2048 3836 2114; x_wconf 89' lang='lat' dir='ltr'><strong>donne</strong></span> <span class='ocrx_word' id='word_1_431' title='bbox 3941 2073 4061 2116; x_wconf 89' lang='lat' dir='ltr'><strong>our</strong></span> <span class='ocrx_word' id='word_1_432' title='bbox 4102 2053 4362 2134; x_wconf 73' lang='lat' dir='ltr'><strong>scavoir</strong></span> 
     </span>
     <span class='ocr_line' id='line_1_66' title="bbox 2399 2131 4362 2218; baseline 0.003 -19"><span class='ocrx_word' id='word_1_433' title='bbox 2399 2155 2473 2199; x_wconf 78' lang='lat' dir='ltr'><strong>ce</strong></span> <span class='ocrx_word' id='word_1_434' title='bbox 2516 2132 2626 2216; x_wconf 90' lang='lat' dir='ltr'><strong>qui</strong></span> <span class='ocrx_word' id='word_1_435' title='bbox 2673 2154 2758 2195; x_wconf 87' lang='lat' dir='ltr'><strong>on</strong></span> <span class='ocrx_word' id='word_1_436' title='bbox 2801 2140 2918 2209; x_wconf 81' lang='lat' dir='ltr'><strong>cst,</strong></span> <span class='ocrx_word' id='word_1_437' title='bbox 2964 2131 3013 2195; x_wconf 87' lang='lat' dir='ltr'><strong>il</strong></span> <span class='ocrx_word' id='word_1_438' title='bbox 3059 2132 3252 2195; x_wconf 75' lang='lat' dir='ltr'><strong>estoit</strong></span> <span class='ocrx_word' id='word_1_439' title='bbox 3289 2153 3328 2196; x_wconf 83' lang='lat' dir='ltr'><strong>a</strong></span> <span class='ocrx_word' id='word_1_440' title='bbox 3373 2131 3623 2197; x_wconf 86' lang='lat' dir='ltr'><strong>desirer</strong></span> <span class='ocrx_word' id='word_1_441' title='bbox 3667 2156 3792 2218; x_wconf 87' lang='lat' dir='ltr'><strong>qus</strong></span> <span class='ocrx_word' id='word_1_442' title='bbox 3828 2157 3900 2200; x_wconf 88' lang='lat' dir='ltr'><strong>cc</strong></span> <span class='ocrx_word' id='word_1_443' title='bbox 3928 2157 3967 2200; x_wconf 91' lang='lat' dir='ltr'><strong>a</strong></span> <span class='ocrx_word' id='word_1_444' title='bbox 4012 2160 4080 2202; x_wconf 77' lang='lat' dir='ltr'><strong>se</strong></span> <span class='ocrx_word' id='word_1_445' title='bbox 4126 2141 4232 2203; x_wconf 85' lang='lat' dir='ltr'><strong>fist</strong></span> <span class='ocrx_word' id='word_1_446' title='bbox 4278 2137 4362 2204; x_wconf 85' lang='lat' dir='ltr'><strong>de</strong></span> 
     </span>
     <span class='ocr_line' id='line_1_67' title="bbox 2397 2215 4364 2301; baseline 0.003 -17"><span class='ocrx_word' id='word_1_447' title='bbox 2397 2219 2615 2284; x_wconf 89' lang='lat' dir='ltr'><strong>bonne</strong></span> <span class='ocrx_word' id='word_1_448' title='bbox 2641 2219 2860 2282; x_wconf 89' lang='lat' dir='ltr'><strong>heure.</strong></span> <span class='ocrx_word' id='word_1_449' title='bbox 2909 2215 3008 2282; x_wconf 93' lang='lat' dir='ltr'><strong>Or</strong></span> <span class='ocrx_word' id='word_1_450' title='bbox 3031 2218 3325 2282; x_wconf 87' lang='lat' dir='ltr'><strong>combien</strong></span> <span class='ocrx_word' id='word_1_451' title='bbox 3351 2240 3524 2301; x_wconf 86' lang='lat' dir='ltr'><strong>quon</strong></span> <span class='ocrx_word' id='word_1_452' title='bbox 3555 2242 3678 2284; x_wconf 87' lang='lat' dir='ltr'><strong>noz</strong></span> <span class='ocrx_word' id='word_1_453' title='bbox 3714 2222 3911 2286; x_wconf 84' lang='lat' dir='ltr'><strong>letros</strong></span> <span class='ocrx_word' id='word_1_454' title='bbox 3937 2245 4103 2288; x_wconf 88' lang='lat' dir='ltr'><strong>nous</strong></span> <span class='ocrx_word' id='word_1_455' title='bbox 4127 2225 4364 2289; x_wconf 74' lang='lat' dir='ltr'><strong>naions</strong></span> 
     </span>
     <span class='ocr_line' id='line_1_68' title="bbox 2398 2303 4364 2391; baseline 0.004 -21"><span class='ocrx_word' id='word_1_456' title='bbox 2398 2326 2519 2388; x_wconf 85' lang='lat' dir='ltr'><strong>pas</strong></span> <span class='ocrx_word' id='word_1_457' title='bbox 2555 2325 2817 2370; x_wconf 86' lang='lat' dir='ltr'><strong>nomme</strong></span> <span class='ocrx_word' id='word_1_458' title='bbox 2841 2303 2893 2389; x_wconf 80' lang='lat'><strong>³)</strong></span> <span class='ocrx_word' id='word_1_459' title='bbox 2931 2303 2992 2368; x_wconf 89' lang='lat' dir='ltr'><strong>lo</strong></span> <span class='ocrx_word' id='word_1_460' title='bbox 3016 2305 3370 2387; x_wconf 62' lang='lat' dir='ltr'><strong>massaigor</strong></span> <span class='ocrx_word' id='word_1_461' title='bbox 3393 2307 3502 2387; x_wconf 88' lang='lat' dir='ltr'><strong>qui</strong></span> <span class='ocrx_word' id='word_1_462' title='bbox 3542 2328 3706 2372; x_wconf 90' lang='lat' dir='ltr'><strong>nous</strong></span> <span class='ocrx_word' id='word_1_463' title='bbox 3742 2316 3842 2371; x_wconf 80' lang='lat' dir='ltr'><strong>cst</strong></span> <span class='ocrx_word' id='word_1_464' title='bbox 3877 2320 4155 2391; x_wconf 84' lang='lat' dir='ltr'><strong>suspect,</strong></span> <span class='ocrx_word' id='word_1_465' title='bbox 4197 2331 4364 2377; x_wconf 88' lang='lat' dir='ltr'><strong>nous</strong></span> 
     </span>
     <span class='ocr_line' id='line_1_69' title="bbox 2400 2390 4363 2476; baseline 0.004 -20"><span class='ocrx_word' id='word_1_466' title='bbox 2400 2411 2562 2456; x_wconf 91' lang='lat' dir='ltr'><strong>vous</strong></span> <span class='ocrx_word' id='word_1_467' title='bbox 2628 2390 2966 2455; x_wconf 71' lang='lat' dir='ltr'><strong>declat-ons</strong></span> <span class='ocrx_word' id='word_1_468' title='bbox 3038 2412 3077 2454; x_wconf 88' lang='lat' dir='ltr'><strong>a</strong></span> <span class='ocrx_word' id='word_1_469' title='bbox 3143 2399 3410 2473; x_wconf 68' lang='lat' dir='ltr'><strong>present</strong></span> <span class='ocrx_word' id='word_1_470' title='bbox 3486 2412 3610 2475; x_wconf 88' lang='lat' dir='ltr'><strong>que</strong></span> <span class='ocrx_word' id='word_1_471' title='bbox 3690 2404 3911 2458; x_wconf 87' lang='lat' dir='ltr'><strong>nostro</strong></span> <span class='ocrx_word' id='word_1_472' title='bbox 3969 2396 4363 2476; x_wconf 80' lang='lat' dir='ltr'><strong>coniectare,</strong></span> 
     </span>
     <span class='ocr_line' id='line_1_70' title="bbox 2401 2474 4364 2563; baseline 0.003 -21"><span class='ocrx_word' id='word_1_473' title='bbox 2401 2478 2621 2542; x_wconf 84' lang='lat' dir='ltr'><strong>tombe</strong></span> <span class='ocrx_word' id='word_1_474' title='bbox 2676 2498 2791 2541; x_wconf 87' lang='lat' dir='ltr'><strong>sur</strong></span> <span class='ocrx_word' id='word_1_475' title='bbox 2833 2474 3188 2540; x_wconf 80' lang='lat' dir='ltr'><strong>Balthazar</strong></span> <span class='ocrx_word' id='word_1_476' title='bbox 3229 2476 3467 2556; x_wconf 50' lang='lat' dir='ltr'><strong>Septa)</strong></span> <span class='ocrx_word' id='word_1_477' title='bbox 3513 2498 3752 2561; x_wconf 88' lang='lat' dir='ltr'><strong>pource</strong></span> <span class='ocrx_word' id='word_1_478' title='bbox 3800 2500 3926 2562; x_wconf 89' lang='lat' dir='ltr'><strong>que</strong></span> <span class='ocrx_word' id='word_1_479' title='bbox 3983 2480 4048 2546; x_wconf 91' lang='lat' dir='ltr'><strong>la</strong></span> <span class='ocrx_word' id='word_1_480' title='bbox 4092 2490 4364 2563; x_wconf 77' lang='lat' dir='ltr'><strong>stature,</strong></span> 
     </span>
     <span class='ocr_line' id='line_1_71' title="bbox 2399 2560 4364 2643; baseline 0.003 -15"><span class='ocrx_word' id='word_1_481' title='bbox 2399 2564 2468 2628; x_wconf 89' lang='lat' dir='ltr'><strong>la</strong></span> <span class='ocrx_word' id='word_1_482' title='bbox 2510 2562 2797 2641; x_wconf 85' lang='lat' dir='ltr'><strong>couleur,</strong></span> <span class='ocrx_word' id='word_1_483' title='bbox 2842 2560 2937 2627; x_wconf 80' lang='lat' dir='ltr'><strong>los</strong></span> <span class='ocrx_word' id='word_1_484' title='bbox 2981 2570 3526 2643; x_wconf 85' lang='lat' dir='ltr'><strong>aecoustremcns‚</strong></span> <span class='ocrx_word' id='word_1_485' title='bbox 3572 2574 3640 2627; x_wconf 87' lang='lat' dir='ltr'><strong>et</strong></span> <span class='ocrx_word' id='word_1_486' title='bbox 3685 2574 3897 2630; x_wconf 79' lang='lat' dir='ltr'><strong>tontes</strong></span> <span class='ocrx_word' id='word_1_487' title='bbox 3949 2566 4176 2632; x_wconf 89' lang='lat' dir='ltr'><strong>choses</strong></span> <span class='ocrx_word' id='word_1_488' title='bbox 4220 2590 4364 2635; x_wconf 81' lang='lat' dir='ltr'><strong>sac-</strong></span> 
     </span>
     <span class='ocr_line' id='line_1_72' title="bbox 2401 2647 4364 2736; baseline 0.002 -20"><span class='ocrx_word' id='word_1_489' title='bbox 2401 2649 2673 2716; x_wconf 87' lang='lat' dir='ltr'><strong>cordent</strong></span> <span class='ocrx_word' id='word_1_490' title='bbox 2718 2648 2899 2713; x_wconf 84' lang='lat' dir='ltr'><strong>selon</strong></span> <span class='ocrx_word' id='word_1_491' title='bbox 2936 2668 3061 2730; x_wconf 89' lang='lat' dir='ltr'><strong>que</strong></span> <span class='ocrx_word' id='word_1_492' title='bbox 3107 2647 3394 2712; x_wconf 84' lang='lat' dir='ltr'><strong>lhomme</strong></span> <span class='ocrx_word' id='word_1_493' title='bbox 3440 2670 3524 2713; x_wconf 88' lang='lat' dir='ltr'><strong>en</strong></span> <span class='ocrx_word' id='word_1_494' title='bbox 3585 2650 3735 2729; x_wconf 85' lang='lat' dir='ltr'><strong>dict,</strong></span> <span class='ocrx_word' id='word_1_495' title='bbox 3783 2652 3986 2717; x_wconf 89' lang='lat' dir='ltr'><strong>ioinct</strong></span> <span class='ocrx_word' id='word_1_496' title='bbox 4025 2674 4151 2736; x_wconf 87' lang='lat' dir='ltr'><strong>que</strong></span> <span class='ocrx_word' id='word_1_497' title='bbox 4196 2675 4364 2721; x_wconf 89' lang='lat' dir='ltr'><strong>nous</strong></span> 
     </span>
     <span class='ocr_line' id='line_1_73' title="bbox 2400 2731 4364 2821; baseline 0.003 -22"><span class='ocrx_word' id='word_1_498' title='bbox 2400 2756 2607 2800; x_wconf 88' lang='lat' dir='ltr'><strong>avons</strong></span> <span class='ocrx_word' id='word_1_499' title='bbox 2672 2735 2962 2799; x_wconf 84' lang='lat' dir='ltr'><strong>entendu</strong></span> <span class='ocrx_word' id='word_1_500' title='bbox 3016 2731 3324 2799; x_wconf 83' lang='lat' dir='ltr'><strong>daillcurs</strong></span> <span class='ocrx_word' id='word_1_501' title='bbox 3370 2755 3496 2816; x_wconf 89' lang='lat' dir='ltr'><strong>que</strong></span> <span class='ocrx_word' id='word_1_502' title='bbox 3531 2756 3697 2818; x_wconf 90' lang='lat' dir='ltr'><strong>pour</strong></span> <span class='ocrx_word' id='word_1_503' title='bbox 3741 2738 3802 2801; x_wconf 89' lang='lat' dir='ltr'><strong>le</strong></span> <span class='ocrx_word' id='word_1_504' title='bbox 3848 2748 4063 2821; x_wconf 85' lang='lat' dir='ltr'><strong>temps</strong></span> <span class='ocrx_word' id='word_1_505' title='bbox 4107 2737 4270 2804; x_wconf 87' lang='lat' dir='ltr'><strong>dont</strong></span> <span class='ocrx_word' id='word_1_506' title='bbox 4310 2740 4364 2805; x_wconf 90' lang='lat' dir='ltr'><strong>il</strong></span> 
     </span>
     <span class='ocr_line' id='line_1_74' title="bbox 2401 2818 4366 2904; baseline 0.003 -18"><span class='ocrx_word' id='word_1_507' title='bbox 2401 2831 2503 2886; x_wconf 87' lang='lat' dir='ltr'><strong>est</strong></span> <span class='ocrx_word' id='word_1_508' title='bbox 2560 2821 2893 2903; x_wconf 84' lang='lat' dir='ltr'><strong>question,</strong></span> <span class='ocrx_word' id='word_1_509' title='bbox 2962 2819 3024 2882; x_wconf 91' lang='lat' dir='ltr'><strong>le</strong></span> <span class='ocrx_word' id='word_1_510' title='bbox 3084 2818 3220 2885; x_wconf 88' lang='lat' dir='ltr'><strong>dict</strong></span> <span class='ocrx_word' id='word_1_511' title='bbox 3273 2819 3632 2886; x_wconf 63' lang='lat' dir='ltr'><strong>Balthaear</strong></span> <span class='ocrx_word' id='word_1_512' title='bbox 3696 2824 3888 2888; x_wconf 76' lang='lat' dir='ltr'><strong>estoit</strong></span> <span class='ocrx_word' id='word_1_513' title='bbox 3949 2825 4211 2904; x_wconf 82' lang='lat' dir='ltr'><strong>absent,</strong></span> <span class='ocrx_word' id='word_1_514' title='bbox 4280 2825 4366 2893; x_wconf 88' lang='lat' dir='ltr'><strong>de</strong></span> 
     </span>
     <span class='ocr_line' id='line_1_75' title="bbox 2402 2906 4362 2992; baseline 0.004 -22"><span class='ocrx_word' id='word_1_515' title='bbox 2402 2930 2572 2992; x_wconf 76' lang='lat' dir='ltr'><strong>quoy</strong></span> <span class='ocrx_word' id='word_1_516' title='bbox 2642 2927 2806 2971; x_wconf 87' lang='lat' dir='ltr'><strong>nous</strong></span> <span class='ocrx_word' id='word_1_517' title='bbox 2871 2926 3077 2970; x_wconf 88' lang='lat' dir='ltr'><strong>avons</strong></span> <span class='ocrx_word' id='word_1_518' title='bbox 3143 2906 3357 2971; x_wconf 81' lang='lat' dir='ltr'><strong>bonne</strong></span> <span class='ocrx_word' id='word_1_519' title='bbox 3434 2928 3784 2990; x_wconf 88' lang='lat' dir='ltr'><strong>esperance</strong></span> <span class='ocrx_word' id='word_1_520' title='bbox 3850 2909 4066 2976; x_wconf 88' lang='lat' dir='ltr'><strong>destrc</strong></span> <span class='ocrx_word' id='word_1_521' title='bbox 4133 2910 4362 2977; x_wconf 79' lang='lat' dir='ltr'><strong>mieux</strong></span> 
     </span>
     <span class='ocr_line' id='line_1_76' title="bbox 2402 2990 4364 3077; baseline 0.002 -18"><span class='ocrx_word' id='word_1_522' title='bbox 2402 2994 2705 3068; x_wconf 83' lang='lat' dir='ltr'><strong>cortifioz,</strong></span> <span class='ocrx_word' id='word_1_523' title='bbox 2751 3013 2909 3057; x_wconf 83' lang='lat' dir='ltr'><strong>avoc</strong></span> <span class='ocrx_word' id='word_1_524' title='bbox 2954 2990 3198 3056; x_wconf 86' lang='lat' dir='ltr'><strong>aultres</strong></span> <span class='ocrx_word' id='word_1_525' title='bbox 3221 2992 3563 3058; x_wconf 83' lang='lat' dir='ltr'><strong>nouvelles</strong></span> <span class='ocrx_word' id='word_1_526' title='bbox 3597 2994 3710 3077; x_wconf 89' lang='lat' dir='ltr'><strong>qui</strong></span> <span class='ocrx_word' id='word_1_527' title='bbox 3748 3016 3912 3060; x_wconf 87' lang='lat' dir='ltr'><strong>nous</strong></span> <span class='ocrx_word' id='word_1_528' title='bbox 3948 3005 4094 3062; x_wconf 86' lang='lat' dir='ltr'><strong>sont</strong></span> <span class='ocrx_word' id='word_1_529' title='bbox 4115 3019 4364 3063; x_wconf 88' lang='lat' dir='ltr'><strong>venues</strong></span> 
     </span>
     <span class='ocr_line' id='line_1_77' title="bbox 2398 3077 4366 3164; baseline 0.002 -18"><span class='ocrx_word' id='word_1_530' title='bbox 2398 3102 2569 3164; x_wconf 90' lang='lat' dir='ltr'><strong>pour</strong></span> <span class='ocrx_word' id='word_1_531' title='bbox 2634 3100 2799 3144; x_wconf 87' lang='lat' dir='ltr'><strong>nous</strong></span> <span class='ocrx_word' id='word_1_532' title='bbox 2863 3077 3228 3145; x_wconf 85' lang='lat' dir='ltr'><strong>conformer</strong></span> <span class='ocrx_word' id='word_1_533' title='bbox 3294 3100 3378 3144; x_wconf 90' lang='lat' dir='ltr'><strong>en</strong></span> <span class='ocrx_word' id='word_1_534' title='bbox 3435 3088 3611 3146; x_wconf 87' lang='lat' dir='ltr'><strong>ceste</strong></span> <span class='ocrx_word' id='word_1_535' title='bbox 3669 3081 3953 3164; x_wconf 86' lang='lat' dir='ltr'><strong>opinion.</strong></span> <span class='ocrx_word' id='word_1_536' title='bbox 4045 3081 4279 3164; x_wconf 78' lang='lat' dir='ltr'><strong>Quant</strong></span> <span class='ocrx_word' id='word_1_537' title='bbox 4322 3105 4366 3150; x_wconf 87' lang='lat' dir='ltr'><strong>a</strong></span> 
     </span>
     <span class='ocr_line' id='line_1_78' title="bbox 2401 3165 4363 3252; baseline 0.003 -21"><span class='ocrx_word' id='word_1_538' title='bbox 2401 3166 2758 3231; x_wconf 78' lang='lat' dir='ltr'><strong>demandet</strong></span> <span class='ocrx_word' id='word_1_539' title='bbox 2793 3165 3044 3243; x_wconf 86' lang='lat' dir='ltr'><strong>iusticc‚</strong></span> <span class='ocrx_word' id='word_1_540' title='bbox 3086 3173 3308 3230; x_wconf 83' lang='lat' dir='ltr'><strong>nostre</strong></span> <span class='ocrx_word' id='word_1_541' title='bbox 3344 3166 3672 3232; x_wconf 86' lang='lat' dir='ltr'><strong>intention</strong></span> <span class='ocrx_word' id='word_1_542' title='bbox 3707 3190 3796 3233; x_wconf 88' lang='lat' dir='ltr'><strong>na</strong></span> <span class='ocrx_word' id='word_1_543' title='bbox 3840 3189 3957 3252; x_wconf 88' lang='lat' dir='ltr'><strong>pas</strong></span> <span class='ocrx_word' id='word_1_544' title='bbox 4000 3179 4141 3235; x_wconf 85' lang='lat' dir='ltr'><strong>estc</strong></span> <span class='ocrx_word' id='word_1_545' title='bbox 4185 3170 4363 3238; x_wconf 84' lang='lat' dir='ltr'><strong>telle.</strong></span> 
     </span>
     <span class='ocr_line' id='line_1_79' title="bbox 2401 3250 4364 3335; baseline 0.003 -18"><span class='ocrx_word' id='word_1_546' title='bbox 2401 3253 2573 3317; x_wconf 85' lang='lat' dir='ltr'><strong>Mais</strong></span> <span class='ocrx_word' id='word_1_547' title='bbox 2637 3271 2875 3335; x_wconf 90' lang='lat' dir='ltr'><strong>pource</strong></span> <span class='ocrx_word' id='word_1_548' title='bbox 2934 3272 3057 3334; x_wconf 88' lang='lat' dir='ltr'><strong>quc</strong></span> <span class='ocrx_word' id='word_1_549' title='bbox 3115 3250 3372 3316; x_wconf 78' lang='lat' dir='ltr'><strong>laffaire</strong></span> <span class='ocrx_word' id='word_1_550' title='bbox 3433 3273 3594 3318; x_wconf 85' lang='lat' dir='ltr'><strong>vous</strong></span> <span class='ocrx_word' id='word_1_551' title='bbox 3648 3253 3956 3319; x_wconf 85' lang='lat' dir='ltr'><strong>attouche</strong></span> <span class='ocrx_word' id='word_1_552' title='bbox 4015 3275 4266 3321; x_wconf 90' lang='lat' dir='ltr'><strong>comme</strong></span> <span class='ocrx_word' id='word_1_553' title='bbox 4322 3279 4364 3322; x_wconf 93' lang='lat' dir='ltr'><strong>a</strong></span> 
     </span>
     <span class='ocr_line' id='line_1_80' title="bbox 2399 3335 4368 3421; baseline 0.004 -19"><span class='ocrx_word' id='word_1_554' title='bbox 2399 3360 2590 3417; x_wconf 84' lang='lat' dir='ltr'><strong>nous,</strong></span> <span class='ocrx_word' id='word_1_555' title='bbox 2636 3337 2682 3401; x_wconf 90' lang='lat' dir='ltr'><strong>il</strong></span> <span class='ocrx_word' id='word_1_556' title='bbox 2707 3357 2872 3403; x_wconf 88' lang='lat' dir='ltr'><strong>nous</strong></span> <span class='ocrx_word' id='word_1_557' title='bbox 2895 3359 2933 3402; x_wconf 84' lang='lat' dir='ltr'><strong>a</strong></span> <span class='ocrx_word' id='word_1_558' title='bbox 2956 3335 3202 3403; x_wconf 88' lang='lat' dir='ltr'><strong>semble</strong></span> <span class='ocrx_word' id='word_1_559' title='bbox 3240 3335 3427 3402; x_wconf 91' lang='lat' dir='ltr'><strong>advis</strong></span> <span class='ocrx_word' id='word_1_560' title='bbox 3463 3359 3626 3421; x_wconf 90' lang='lat' dir='ltr'><strong>pour</strong></span> <span class='ocrx_word' id='word_1_561' title='bbox 3647 3338 3710 3404; x_wconf 93' lang='lat' dir='ltr'><strong>le</strong></span> <span class='ocrx_word' id='word_1_562' title='bbox 3743 3340 3965 3405; x_wconf 78' lang='lat' dir='ltr'><strong>mieux</strong></span> <span class='ocrx_word' id='word_1_563' title='bbox 3990 3340 4070 3407; x_wconf 91' lang='lat' dir='ltr'><strong>de</strong></span> <span class='ocrx_word' id='word_1_564' title='bbox 4111 3340 4174 3408; x_wconf 92' lang='lat' dir='ltr'><strong>le</strong></span> <span class='ocrx_word' id='word_1_565' title='bbox 4197 3363 4368 3408; x_wconf 85' lang='lat' dir='ltr'><strong>vous</strong></span> 
     </span>
     <span class='ocr_line' id='line_1_81' title="bbox 2398 3423 4364 3506; baseline 0.003 -16"><span class='ocrx_word' id='word_1_566' title='bbox 2398 3424 2910 3506; x_wconf 89' lang='lat' dir='ltr'><strong>communiquer,</strong></span> <span class='ocrx_word' id='word_1_567' title='bbox 2956 3425 3089 3488; x_wconf 83' lang='lat' dir='ltr'><strong>afin</strong></span> <span class='ocrx_word' id='word_1_568' title='bbox 3133 3444 3257 3506; x_wconf 88' lang='lat' dir='ltr'><strong>quc</strong></span> <span class='ocrx_word' id='word_1_569' title='bbox 3302 3424 3592 3490; x_wconf 88' lang='lat' dir='ltr'><strong>chascun</strong></span> <span class='ocrx_word' id='word_1_570' title='bbox 3650 3423 3861 3492; x_wconf 89' lang='lat' dir='ltr'><strong>aidast</strong></span> <span class='ocrx_word' id='word_1_571' title='bbox 3905 3426 3986 3492; x_wconf 89' lang='lat' dir='ltr'><strong>de</strong></span> <span class='ocrx_word' id='word_1_572' title='bbox 4030 3448 4148 3494; x_wconf 89' lang='lat' dir='ltr'><strong>son</strong></span> <span class='ocrx_word' id='word_1_573' title='bbox 4181 3437 4364 3495; x_wconf 88' lang='lat' dir='ltr'><strong>coste</strong></span> 
     </span>
    </p>
   </div>
   <div class='ocr_carea' id='block_1_12' title="bbox 2388 3646 4362 5440">
    <p class='ocr_par' dir='ltr' id='par_1_17' title="bbox 2390 3646 4362 3990">
     <span class='ocr_line' id='line_1_82' title="bbox 2397 3646 4362 3719; baseline 0.001 -17"><span class='ocrx_word' id='word_1_574' title='bbox 2397 3647 2589 3702; x_wconf 74' lang='lat'><strong>2256.</strong></span> <span class='ocrx_word' id='word_1_575' title='bbox 2610 3646 2667 3710; x_wconf 90' lang='lat'><strong>1)</strong></span> <span class='ocrx_word' id='word_1_576' title='bbox 2714 3647 2803 3700; x_wconf 74' lang='lat' dir='ltr'><strong>On</strong></span> <span class='ocrx_word' id='word_1_577' title='bbox 2858 3661 2956 3700; x_wconf 73' lang='lat' dir='ltr'><strong>sou</strong></span> <span class='ocrx_word' id='word_1_578' title='bbox 2998 3646 3224 3712; x_wconf 65' lang='lat' dir='ltr'><strong>connait</strong></span> <span class='ocrx_word' id='word_1_579' title='bbox 3281 3647 3483 3699; x_wconf 66' lang='lat' dir='ltr'><strong>Pes-rin</strong></span> <span class='ocrx_word' id='word_1_580' title='bbox 3536 3646 3603 3699; x_wconf 76' lang='lat' dir='ltr'><strong>de</strong></span> <span class='ocrx_word' id='word_1_581' title='bbox 3651 3646 3809 3700; x_wconf 65' lang='lat' dir='ltr'><strong>s&#39;etre</strong></span> <span class='ocrx_word' id='word_1_582' title='bbox 3852 3648 3958 3699; x_wconf 73' lang='lat' dir='ltr'><strong>mis</strong></span> <span class='ocrx_word' id='word_1_583' title='bbox 4011 3664 4077 3702; x_wconf 75' lang='lat' dir='ltr'><strong>en</strong></span> <span class='ocrx_word' id='word_1_584' title='bbox 4122 3656 4362 3719; x_wconf 70' lang='lat' dir='ltr'><strong>rapport</strong></span> 
     </span>
     <span class='ocr_line' id='line_1_83' title="bbox 2398 3714 4356 3775; baseline 0.003 -5"><span class='ocrx_word' id='word_1_585' title='bbox 2398 3733 2527 3771; x_wconf 80' lang='lat' dir='ltr'><strong>avec</strong></span> <span class='ocrx_word' id='word_1_586' title='bbox 2571 3717 2620 3770; x_wconf 74' lang='lat' dir='ltr'><strong>le</strong></span> <span class='ocrx_word' id='word_1_587' title='bbox 2664 3715 2773 3769; x_wconf 78' lang='lat' dir='ltr'><strong>duc</strong></span> <span class='ocrx_word' id='word_1_588' title='bbox 2814 3715 2882 3769; x_wconf 79' lang='lat' dir='ltr'><strong>dc</strong></span> <span class='ocrx_word' id='word_1_589' title='bbox 2975 3715 3130 3769; x_wconf 77' lang='lat' dir='ltr'><strong>avoie</strong></span> <span class='ocrx_word' id='word_1_590' title='bbox 3173 3714 3319 3768; x_wconf 78' lang='lat' dir='ltr'><strong>dans</strong></span> <span class='ocrx_word' id='word_1_591' title='bbox 3364 3715 3461 3767; x_wconf 79' lang='lat' dir='ltr'><strong>des</strong></span> <span class='ocrx_word' id='word_1_592' title='bbox 3504 3715 3749 3769; x_wconf 70' lang='lat' dir='ltr'><strong>desseins</strong></span> <span class='ocrx_word' id='word_1_593' title='bbox 3790 3717 4012 3770; x_wconf 74' lang='lat' dir='ltr'><strong>hostiles</strong></span> <span class='ocrx_word' id='word_1_594' title='bbox 4051 3720 4093 3773; x_wconf 84' lang='grc' dir='ltr'><strong><em>ὰ</em></strong></span> <span class='ocrx_word' id='word_1_595' title='bbox 4138 3721 4196 3773; x_wconf 79' lang='lat' dir='ltr'><strong>la</strong></span> <span class='ocrx_word' id='word_1_596' title='bbox 4243 3720 4356 3775; x_wconf 70' lang='lat' dir='ltr'><strong>Re·</strong></span> 
     </span>
     <span class='ocr_line' id='line_1_84' title="bbox 2390 3783 4354 3867; baseline 0.002 -26"><span class='ocrx_word' id='word_1_597' title='bbox 2390 3786 2665 3854; x_wconf 69' lang='lat' dir='ltr'><strong>publique.</strong></span> <span class='ocrx_word' id='word_1_598' title='bbox 2739 3785 2793 3837; x_wconf 83' lang='lat'><strong>11</strong></span> <span class='ocrx_word' id='word_1_599' title='bbox 2826 3800 2893 3838; x_wconf 75' lang='lat' dir='ltr'><strong>en</strong></span> <span class='ocrx_word' id='word_1_600' title='bbox 2929 3791 3008 3837; x_wconf 75' lang='lat' dir='ltr'><strong>est</strong></span> <span class='ocrx_word' id='word_1_601' title='bbox 3053 3784 3302 3852; x_wconf 69' lang='lat' dir='ltr'><strong>question</strong></span> <span class='ocrx_word' id='word_1_602' title='bbox 3338 3783 3482 3837; x_wconf 76' lang='lat' dir='ltr'><strong>dans</strong></span> <span class='ocrx_word' id='word_1_603' title='bbox 3525 3783 3573 3838; x_wconf 73' lang='lat' dir='ltr'><strong>le</strong></span> <span class='ocrx_word' id='word_1_604' title='bbox 3614 3784 3747 3867; x_wconf 68' lang='lat' dir='ltr'><strong>Req.</strong></span> <span class='ocrx_word' id='word_1_605' title='bbox 3785 3786 3861 3838; x_wconf 80' lang='lat' dir='ltr'><strong>du</strong></span> <span class='ocrx_word' id='word_1_606' title='bbox 3908 3787 4114 3841; x_wconf 63' lang='lat' dir='ltr'><strong>conset?</strong></span> <span class='ocrx_word' id='word_1_607' title='bbox 4156 3804 4231 3843; x_wconf 74' lang='lat' dir='ltr'><strong>au</strong></span> <span class='ocrx_word' id='word_1_608' title='bbox 4265 3788 4354 3844; x_wconf 79' lang='lat'><strong>27.</strong></span> 
     </span>
     <span class='ocr_line' id='line_1_85' title="bbox 2398 3851 4357 3926; baseline 0.003 -18"><span class='ocrx_word' id='word_1_609' title='bbox 2398 3854 2603 3908; x_wconf 78' lang='lat' dir='ltr'><strong>Iuillet.</strong></span> <span class='ocrx_word' id='word_1_610' title='bbox 2684 3853 2770 3907; x_wconf 78' lang='lat' dir='ltr'><strong>On</strong></span> <span class='ocrx_word' id='word_1_611' title='bbox 2804 3868 2871 3906; x_wconf 79' lang='lat' dir='ltr'><strong>en</strong></span> <span class='ocrx_word' id='word_1_612' title='bbox 2908 3853 3094 3905; x_wconf 78' lang='lat' dir='ltr'><strong>donna</strong></span> <span class='ocrx_word' id='word_1_613' title='bbox 3129 3853 3252 3904; x_wconf 72' lang='lat' dir='ltr'><strong>avis</strong></span> <span class='ocrx_word' id='word_1_614' title='bbox 3287 3851 3325 3905; x_wconf 86' lang='grc' dir='ltr'>ὰ</span> <span class='ocrx_word' id='word_1_615' title='bbox 3360 3852 3557 3919; x_wconf 76' lang='lat' dir='ltr'><strong>Reme,</strong></span> <span class='ocrx_word' id='word_1_616' title='bbox 3598 3870 3741 3908; x_wconf 71' lang='lat' dir='ltr'><strong>mats</strong></span> <span class='ocrx_word' id='word_1_617' title='bbox 3786 3854 4022 3922; x_wconf 72' lang='lat' dir='ltr'><strong>l’affat’re</strong></span> <span class='ocrx_word' id='word_1_618' title='bbox 4067 3855 4216 3912; x_wconf 74' lang='lat' dir='ltr'><strong>n&#39;eut</strong></span> <span class='ocrx_word' id='word_1_619' title='bbox 4245 3873 4357 3926; x_wconf 72' lang='lat' dir='ltr'><strong>pas</strong></span> 
     </span>
     <span class='ocr_line' id='line_1_86' title="bbox 2397 3918 3243 3990; baseline -0.002 -13"><span class='ocrx_word' id='word_1_620' title='bbox 2397 3924 2465 3977; x_wconf 82' lang='lat' dir='ltr'><strong>de</strong></span> <span class='ocrx_word' id='word_1_621' title='bbox 2500 3923 2654 3977; x_wconf 72' lang='lat' dir='ltr'><strong>suite.</strong></span> <span class='ocrx_word' id='word_1_622' title='bbox 2723 3921 2988 3984; x_wconf 79' lang='lat' dir='ltr'><strong>(Gaberel</strong></span> <span class='ocrx_word' id='word_1_623' title='bbox 3020 3921 3059 3973; x_wconf 91' lang='grc' dir='ltr'><strong>Ι.</strong></span> <span class='ocrx_word' id='word_1_624' title='bbox 3094 3918 3243 3990; x_wconf 77' lang='grc'>435.)</span> 
     </span>
    </p>

    <p class='ocr_par' dir='ltr' id='par_1_18' title="bbox 2396 3988 4360 4544">
     <span class='ocr_line' id='line_1_87' title="bbox 2605 3988 4360 4061; baseline 0.003 -17"><span class='ocrx_word' id='word_1_625' title='bbox 2605 3990 2664 4054; x_wconf 80' lang='grc'><strong>2)</strong></span> <span class='ocrx_word' id='word_1_626' title='bbox 2707 3991 2929 4046; x_wconf 69' lang='lat' dir='ltr'><strong>Rucbat</strong></span> <span class='ocrx_word' id='word_1_627' title='bbox 2966 3989 3055 4043; x_wconf 89' lang='lat' dir='ltr'><strong>v1.</strong></span> <span class='ocrx_word' id='word_1_628' title='bbox 3091 3988 3192 4043; x_wconf 81' lang='lat'><strong>141</strong></span> <span class='ocrx_word' id='word_1_629' title='bbox 3231 3989 3455 4057; x_wconf 67' lang='lat' dir='ltr'><strong>d’apres</strong></span> <span class='ocrx_word' id='word_1_630' title='bbox 3482 3989 3679 4044; x_wconf 66' lang='lat' dir='ltr'><strong>Boset.-</strong></span> <span class='ocrx_word' id='word_1_631' title='bbox 3715 3993 3798 4044; x_wconf 90' lang='lat' dir='ltr'><strong>On</strong></span> <span class='ocrx_word' id='word_1_632' title='bbox 3836 3993 4045 4061; x_wconf 84' lang='lat' dir='ltr'><strong>surprit</strong></span> <span class='ocrx_word' id='word_1_633' title='bbox 4079 3993 4112 4046; x_wconf 75' lang='lat' dir='ltr'><strong>a</strong></span> <span class='ocrx_word' id='word_1_634' title='bbox 4138 3994 4360 4050; x_wconf 78' lang='lat' dir='ltr'><strong>Genevs</strong></span> 
     </span>
     <span class='ocr_line' id='line_1_88' title="bbox 2399 4058 4356 4131; baseline 0.002 -16"><span class='ocrx_word' id='word_1_635' title='bbox 2399 4080 2475 4115; x_wconf 88' lang='lat' dir='ltr'><strong>un</strong></span> <span class='ocrx_word' id='word_1_636' title='bbox 2510 4060 2707 4114; x_wconf 75' lang='lat' dir='ltr'><strong>Italion</strong></span> <span class='ocrx_word' id='word_1_637' title='bbox 2744 4062 2839 4130; x_wconf 87' lang='lat' dir='ltr'><strong>qui</strong></span> <span class='ocrx_word' id='word_1_638' title='bbox 2873 4060 3045 4128; x_wconf 76' lang='lat' dir='ltr'><strong>epioit</strong></span> <span class='ocrx_word' id='word_1_639' title='bbox 3079 4061 3134 4112; x_wconf 83' lang='lat' dir='ltr'><strong>la</strong></span> <span class='ocrx_word' id='word_1_640' title='bbox 3167 4059 3311 4112; x_wconf 87' lang='lat' dir='ltr'><strong>ville.</strong></span> <span class='ocrx_word' id='word_1_641' title='bbox 3384 4058 3430 4112; x_wconf 89' lang='lat'><strong>11</strong></span> <span class='ocrx_word' id='word_1_642' title='bbox 3465 4059 3684 4113; x_wconf 74' lang='lat' dir='ltr'><strong>declara</strong></span> <span class='ocrx_word' id='word_1_643' title='bbox 3769 4077 3837 4114; x_wconf 90' lang='lat' dir='ltr'><strong>ue</strong></span> <span class='ocrx_word' id='word_1_644' title='bbox 3882 4062 3935 4115; x_wconf 92' lang='lat' dir='ltr'><strong>le</strong></span> <span class='ocrx_word' id='word_1_645' title='bbox 3971 4062 4134 4131; x_wconf 79' lang='lat' dir='ltr'><strong>Papo,</strong></span> <span class='ocrx_word' id='word_1_646' title='bbox 4182 4065 4235 4117; x_wconf 88' lang='lat' dir='ltr'><strong>ls</strong></span> <span class='ocrx_word' id='word_1_647' title='bbox 4270 4065 4356 4118; x_wconf 87' lang='lat' dir='ltr'><strong>roi</strong></span> 
     </span>
     <span class='ocr_line' id='line_1_89' title="bbox 2399 4127 4358 4201; baseline 0.001 -17"><span class='ocrx_word' id='word_1_648' title='bbox 2399 4131 2726 4201; x_wconf 69' lang='lat' dir='ltr'><strong>d’Ezpagm,</strong></span> <span class='ocrx_word' id='word_1_649' title='bbox 2781 4130 2830 4182; x_wconf 90' lang='lat' dir='ltr'><strong>le</strong></span> <span class='ocrx_word' id='word_1_650' title='bbox 2880 4129 3068 4197; x_wconf 86' lang='lat' dir='ltr'><strong>priuco</strong></span> <span class='ocrx_word' id='word_1_651' title='bbox 3115 4127 3185 4180; x_wconf 90' lang='lat' dir='ltr'><strong>de</strong></span> <span class='ocrx_word' id='word_1_652' title='bbox 3233 4127 3488 4181; x_wconf 75' lang='lat' dir='ltr'><strong>Piemont</strong></span> <span class='ocrx_word' id='word_1_653' title='bbox 3535 4137 3591 4182; x_wconf 88' lang='lat' dir='ltr'><strong>ot</strong></span> <span class='ocrx_word' id='word_1_654' title='bbox 3643 4129 3694 4182; x_wconf 90' lang='lat' dir='ltr'><strong>le</strong></span> <span class='ocrx_word' id='word_1_655' title='bbox 3784 4147 3848 4183; x_wconf 90' lang='lat' dir='ltr'><strong>uo</strong></span> <span class='ocrx_word' id='word_1_656' title='bbox 3893 4129 4085 4184; x_wconf 74' lang='lat' dir='ltr'><strong>d&#39;Albe</strong></span> <span class='ocrx_word' id='word_1_657' title='bbox 4132 4133 4358 4186; x_wconf 75' lang='lat' dir='ltr'><strong>svoient</strong></span> 
     </span>
     <span class='ocr_line' id='line_1_90' title="bbox 2398 4197 4354 4267; baseline 0.001 -14"><span class='ocrx_word' id='word_1_658' title='bbox 2398 4199 2578 4253; x_wconf 78' lang='lat' dir='ltr'><strong>resolu</strong></span> <span class='ocrx_word' id='word_1_659' title='bbox 2613 4199 2683 4252; x_wconf 89' lang='lat' dir='ltr'><strong>do</strong></span> <span class='ocrx_word' id='word_1_660' title='bbox 2719 4197 2960 4251; x_wconf 77' lang='lat' dir='ltr'><strong>detruire</strong></span> <span class='ocrx_word' id='word_1_661' title='bbox 2996 4198 3075 4250; x_wconf 86' lang='lat' dir='ltr'><strong>les</strong></span> <span class='ocrx_word' id='word_1_662' title='bbox 3113 4197 3370 4250; x_wconf 74' lang='lat' dir='ltr'><strong>reformes</strong></span> <span class='ocrx_word' id='word_1_663' title='bbox 3396 4207 3452 4249; x_wconf 86' lang='lat' dir='ltr'><strong>ct</strong></span> <span class='ocrx_word' id='word_1_664' title='bbox 3487 4198 3554 4250; x_wconf 80' lang='lat' dir='ltr'><strong>de</strong></span> <span class='ocrx_word' id='word_1_665' title='bbox 3593 4198 3827 4267; x_wconf 83' lang='lat' dir='ltr'><strong>prendre</strong></span> <span class='ocrx_word' id='word_1_666' title='bbox 3847 4199 4023 4252; x_wconf 87' lang='lat' dir='ltr'><strong>Berns</strong></span> <span class='ocrx_word' id='word_1_667' title='bbox 4042 4209 4100 4252; x_wconf 85' lang='lat' dir='ltr'><strong>et</strong></span> <span class='ocrx_word' id='word_1_668' title='bbox 4118 4200 4354 4266; x_wconf 58' lang='lat' dir='ltr'><strong>Genea,</strong></span> 
     </span>
     <span class='ocr_line' id='line_1_91' title="bbox 2398 4265 4354 4338; baseline 0.001 -17"><span class='ocrx_word' id='word_1_669' title='bbox 2398 4267 2557 4337; x_wconf 67' lang='lat' dir='ltr'><strong>apres</strong></span> <span class='ocrx_word' id='word_1_670' title='bbox 2594 4267 2752 4337; x_wconf 81' lang='lat' dir='ltr'><strong>qu’ils</strong></span> <span class='ocrx_word' id='word_1_671' title='bbox 2788 4269 3035 4319; x_wconf 83' lang='lat' dir='ltr'><strong>auroicnt</strong></span> <span class='ocrx_word' id='word_1_672' title='bbox 3069 4267 3172 4318; x_wconf 88' lang='lat' dir='ltr'><strong>mis</strong></span> <span class='ocrx_word' id='word_1_673' title='bbox 3207 4267 3261 4319; x_wconf 85' lang='lat' dir='ltr'><strong>la</strong></span> <span class='ocrx_word' id='word_1_674' title='bbox 3296 4265 3560 4320; x_wconf 77' lang='lat' dir='ltr'><strong>desunion</strong></span> <span class='ocrx_word' id='word_1_675' title='bbox 3598 4273 3754 4320; x_wconf 86' lang='lat' dir='ltr'><strong>entre</strong></span> <span class='ocrx_word' id='word_1_676' title='bbox 3801 4268 3880 4320; x_wconf 78' lang='lat' dir='ltr'><strong>los</strong></span> <span class='ocrx_word' id='word_1_677' title='bbox 3916 4268 4126 4322; x_wconf 85' lang='lat' dir='ltr'><strong>Suissss</strong></span> <span class='ocrx_word' id='word_1_678' title='bbox 4163 4286 4265 4338; x_wconf 85' lang='lat' dir='ltr'><strong>par</strong></span> <span class='ocrx_word' id='word_1_679' title='bbox 4299 4271 4354 4324; x_wconf 88' lang='lat' dir='ltr'><strong>ls</strong></span> 
     </span>
     <span class='ocr_line' id='line_1_92' title="bbox 2398 4332 4354 4418; baseline 0 -26"><span class='ocrx_word' id='word_1_680' title='bbox 2398 4354 2596 4418; x_wconf 64' lang='lat' dir='ltr'><strong>moyen</strong></span> <span class='ocrx_word' id='word_1_681' title='bbox 2640 4337 2713 4389; x_wconf 91' lang='lat' dir='ltr'><strong>du</strong></span> <span class='ocrx_word' id='word_1_682' title='bbox 2749 4352 2921 4389; x_wconf 88' lang='lat' dir='ltr'><strong>nonce</strong></span> <span class='ocrx_word' id='word_1_683' title='bbox 2959 4334 3241 4400; x_wconf 75' lang='lat' dir='ltr'><strong>(Riverda</strong></span> <span class='ocrx_word' id='word_1_684' title='bbox 3273 4332 3354 4388; x_wconf 74' lang='grc' dir='ltr'><strong>ἑο.</strong></span> <span class='ocrx_word' id='word_1_685' title='bbox 3390 4335 3457 4389; x_wconf 82' lang='lat' dir='ltr'><strong>de</strong></span> <span class='ocrx_word' id='word_1_686' title='bbox 3500 4335 3837 4402; x_wconf 68' lang='lat' dir='ltr'><strong>Pero-aeine).</strong></span> <span class='ocrx_word' id='word_1_687' title='bbox 3907 4337 3953 4390; x_wconf 86' lang='lat'><strong>11</strong></span> <span class='ocrx_word' id='word_1_688' title='bbox 3989 4336 4072 4389; x_wconf 89' lang='lat' dir='ltr'><strong>dit</strong></span> <span class='ocrx_word' id='word_1_689' title='bbox 4104 4337 4175 4390; x_wconf 90' lang='lat' dir='ltr'><strong>ds</strong></span> <span class='ocrx_word' id='word_1_690' title='bbox 4225 4338 4354 4407; x_wconf 86' lang='lat' dir='ltr'><strong>plns</strong></span> 
     </span>
     <span class='ocr_line' id='line_1_93' title="bbox 2399 4403 4356 4476; baseline 0.001 -16"><span class='ocrx_word' id='word_1_691' title='bbox 2399 4406 2530 4476; x_wconf 80' lang='lat' dir='ltr'><strong>qu&#39;il</strong></span> <span class='ocrx_word' id='word_1_692' title='bbox 2564 4406 2714 4460; x_wconf 85' lang='lat' dir='ltr'><strong>avoit</strong></span> <span class='ocrx_word' id='word_1_693' title='bbox 2748 4422 2820 4458; x_wconf 84' lang='lat' dir='ltr'><strong>vu</strong></span> <span class='ocrx_word' id='word_1_694' title='bbox 2865 4403 3063 4472; x_wconf 70' lang='lat' dir='ltr'><strong>supres</strong></span> <span class='ocrx_word' id='word_1_695' title='bbox 3099 4404 3172 4456; x_wconf 94' lang='lat' dir='ltr'><strong>du</strong></span> <span class='ocrx_word' id='word_1_696' title='bbox 3219 4404 3405 4472; x_wconf 87' lang='lat' dir='ltr'><strong>prince</strong></span> <span class='ocrx_word' id='word_1_697' title='bbox 3452 4405 3521 4457; x_wconf 88' lang='lat' dir='ltr'><strong>ds</strong></span> <span class='ocrx_word' id='word_1_698' title='bbox 3558 4405 3811 4458; x_wconf 78' lang='lat' dir='ltr'><strong>Piemont</strong></span> <span class='ocrx_word' id='word_1_699' title='bbox 3845 4423 3916 4458; x_wconf 90' lang='lat' dir='ltr'><strong>un</strong></span> <span class='ocrx_word' id='word_1_700' title='bbox 3953 4405 4221 4459; x_wconf 79' lang='lat' dir='ltr'><strong>Genevois</strong></span> <span class='ocrx_word' id='word_1_701' title='bbox 4257 4408 4356 4475; x_wconf 88' lang='lat' dir='ltr'><strong>qui</strong></span> 
     </span>
     <span class='ocr_line' id='line_1_94' title="bbox 2396 4472 4355 4544; baseline 0 -15"><span class='ocrx_word' id='word_1_702' title='bbox 2396 4476 2474 4529; x_wconf 90' lang='lat' dir='ltr'><strong>lui</strong></span> <span class='ocrx_word' id='word_1_703' title='bbox 2528 4474 2843 4529; x_wconf 82' lang='lat' dir='ltr'><strong>demandoit</strong></span> <span class='ocrx_word' id='word_1_704' title='bbox 2895 4491 2969 4527; x_wconf 88' lang='lat' dir='ltr'><strong>un</strong></span> <span class='ocrx_word' id='word_1_705' title='bbox 3039 4472 3247 4527; x_wconf 81' lang='lat' dir='ltr'><strong>certain</strong></span> <span class='ocrx_word' id='word_1_706' title='bbox 3320 4474 3545 4528; x_wconf 85' lang='lat' dir='ltr'><strong>nombre</strong></span> <span class='ocrx_word' id='word_1_707' title='bbox 3606 4475 3673 4527; x_wconf 86' lang='lat' dir='ltr'><strong>de</strong></span> <span class='ocrx_word' id='word_1_708' title='bbox 3717 4490 3851 4544; x_wconf 82' lang='lat' dir='ltr'><strong>gens</strong></span> <span class='ocrx_word' id='word_1_709' title='bbox 3902 4472 3935 4526; x_wconf 71' lang='lat' dir='ltr'><strong>a</strong></span> <span class='ocrx_word' id='word_1_710' title='bbox 4003 4473 4160 4528; x_wconf 82' lang='lat' dir='ltr'><strong>l&#39;aide</strong></span> <span class='ocrx_word' id='word_1_711' title='bbox 4230 4475 4355 4530; x_wconf 86' lang='lat' dir='ltr'><strong>des-</strong></span> 
     </span>
    </p>

    <p class='ocr_par' dir='ltr' id='par_1_19' title="bbox 2393 4541 4357 4957">
     <span class='ocr_line' id='line_1_95' title="bbox 2437 4541 4354 4612; baseline 0 -14"><span class='ocrx_word' id='word_1_712' title='bbox 2437 4545 2554 4598; x_wconf 85' lang='lat' dir='ltr'><strong>uels</strong></span> <span class='ocrx_word' id='word_1_713' title='bbox 2598 4545 2651 4597; x_wconf 88' lang='lat' dir='ltr'><strong>le</strong></span> <span class='ocrx_word' id='word_1_714' title='bbox 2686 4543 2958 4612; x_wconf 76' lang='lat' dir='ltr'><strong>oapitsine</strong></span> <span class='ocrx_word' id='word_1_715' title='bbox 3001 4541 3218 4610; x_wconf 70' lang='lat' dir='ltr'><strong>general</strong></span> <span class='ocrx_word' id='word_1_716' title='bbox 3267 4542 3342 4595; x_wconf 80' lang='lat' dir='ltr'><strong>lui</strong></span> <span class='ocrx_word' id='word_1_717' title='bbox 3388 4542 3638 4596; x_wconf 83' lang='lat' dir='ltr'><strong>rendroit</strong></span> <span class='ocrx_word' id='word_1_718' title='bbox 3684 4543 3738 4596; x_wconf 85' lang='lat' dir='ltr'><strong>la</strong></span> <span class='ocrx_word' id='word_1_719' title='bbox 3773 4543 3919 4596; x_wconf 83' lang='lat' dir='ltr'><strong>ville.</strong></span> <span class='ocrx_word' id='word_1_720' title='bbox 3988 4541 4283 4598; x_wconf 83' lang='lat' dir='ltr'><strong>Confronte&#39;</strong></span> <span class='ocrx_word' id='word_1_721' title='bbox 4317 4543 4354 4598; x_wconf 74' lang='lat' dir='ltr'><strong>a</strong></span> 
     </span>
     <span class='ocr_line' id='line_1_96' title="bbox 2448 4609 4355 4668; baseline 0.001 -1"><span class='ocrx_word' id='word_1_722' title='bbox 2448 4630 2579 4667; x_wconf 85' lang='lat' dir='ltr'><strong>erno</strong></span> <span class='ocrx_word' id='word_1_723' title='bbox 2626 4628 2759 4664; x_wconf 67' lang='lat' dir='ltr'><strong>avec</strong></span> <span class='ocrx_word' id='word_1_724' title='bbox 2808 4612 2888 4665; x_wconf 75' lang='lat' dir='ltr'><strong>les</strong></span> <span class='ocrx_word' id='word_1_725' title='bbox 2939 4611 2996 4664; x_wconf 77' lang='lat' dir='ltr'><strong>fu</strong></span> <span class='ocrx_word' id='word_1_726' title='bbox 3039 4611 3149 4664; x_wconf 81' lang='lat' dir='ltr'><strong>&#39;tiss</strong></span> <span class='ocrx_word' id='word_1_727' title='bbox 3195 4610 3236 4663; x_wconf 90' lang='lat' dir='ltr'><strong>il</strong></span> <span class='ocrx_word' id='word_1_728' title='bbox 3281 4611 3400 4664; x_wconf 87' lang='lat' dir='ltr'><strong>n&#39;en</strong></span> <span class='ocrx_word' id='word_1_729' title='bbox 3446 4617 3712 4665; x_wconf 87' lang='lat' dir='ltr'><strong>reconnut</strong></span> <span class='ocrx_word' id='word_1_730' title='bbox 3748 4628 3938 4664; x_wconf 83' lang='lat' dir='ltr'><strong>aucun.</strong></span> <span class='ocrx_word' id='word_1_731' title='bbox 4014 4609 4108 4667; x_wconf 76' lang='lat' dir='ltr'><strong>Oet</strong></span> <span class='ocrx_word' id='word_1_732' title='bbox 4143 4612 4355 4668; x_wconf 70' lang='lat' dir='ltr'><strong>Italion</strong></span> 
     </span>
     <span class='ocr_line' id='line_1_97' title="bbox 2393 4677 4357 4752; baseline 0 -16"><span class='ocrx_word' id='word_1_733' title='bbox 2393 4682 2680 4752; x_wconf 71' lang='lat' dir='ltr'><strong>s’appsloit</strong></span> <span class='ocrx_word' id='word_1_734' title='bbox 2718 4679 2943 4748; x_wconf 73' lang='lat' dir='ltr'><strong>Scipion</strong></span> <span class='ocrx_word' id='word_1_735' title='bbox 3027 4682 3075 4733; x_wconf 83' lang='lat' dir='ltr'><strong>el</strong></span> <span class='ocrx_word' id='word_1_736' title='bbox 3115 4679 3329 4734; x_wconf 68' lang='lat' dir='ltr'><strong>Castro,</strong></span> <span class='ocrx_word' id='word_1_737' title='bbox 3403 4679 3456 4733; x_wconf 90' lang='lat'><strong>11</strong></span> <span class='ocrx_word' id='word_1_738' title='bbox 3497 4677 3810 4747; x_wconf 48' lang='lat' dir='ltr'><strong>pretendas}</strong></span> <span class='ocrx_word' id='word_1_739' title='bbox 3849 4680 4010 4734; x_wconf 73' lang='lat' dir='ltr'><strong>avoir</strong></span> <span class='ocrx_word' id='word_1_740' title='bbox 4054 4683 4250 4748; x_wconf 59' lang='lat' dir='ltr'><strong>appr-2³</strong></span> <span class='ocrx_word' id='word_1_741' title='bbox 4295 4683 4357 4737; x_wconf 77' lang='lat' dir='ltr'><strong>la</strong></span> 
     </span>
     <span class='ocr_line' id='line_1_98' title="bbox 2395 4747 4354 4829; baseline -0.001 -22"><span class='ocrx_word' id='word_1_742' title='bbox 2395 4753 2554 4808; x_wconf 69' lang='lat' dir='ltr'><strong>chose</strong></span> <span class='ocrx_word' id='word_1_743' title='bbox 2601 4752 2731 4806; x_wconf 66' lang='lat' dir='ltr'><strong>clia</strong></span> <span class='ocrx_word' id='word_1_744' title='bbox 2773 4750 2822 4803; x_wconf 74' lang='lat' dir='ltr'><strong>le</strong></span> <span class='ocrx_word' id='word_1_745' title='bbox 2867 4749 2975 4804; x_wconf 74' lang='lat' dir='ltr'><strong>duc</strong></span> <span class='ocrx_word' id='word_1_746' title='bbox 3024 4748 3219 4804; x_wconf 75' lang='lat' dir='ltr'><strong>d’Azbe</strong></span> <span class='ocrx_word' id='word_1_747' title='bbox 3251 4750 3291 4803; x_wconf 82' lang='grc' dir='ltr'>ὰ</span> <span class='ocrx_word' id='word_1_748' title='bbox 3329 4748 3531 4803; x_wconf 74' lang='lat' dir='ltr'><strong>Milan.</strong></span> <span class='ocrx_word' id='word_1_749' title='bbox 3603 4748 3844 4829; x_wconf 62' lang='lat' dir='ltr'><strong>(Galiffs</strong></span> <span class='ocrx_word' id='word_1_750' title='bbox 3875 4765 3932 4817; x_wconf 76' lang='lat' dir='ltr'><strong>p.</strong></span> <span class='ocrx_word' id='word_1_751' title='bbox 3977 4747 4086 4814; x_wconf 85' lang='lat'>119,</span> <span class='ocrx_word' id='word_1_752' title='bbox 4125 4749 4262 4805; x_wconf 72' lang='lat' dir='ltr'><strong>dont</strong></span> <span class='ocrx_word' id='word_1_753' title='bbox 4293 4751 4354 4806; x_wconf 75' lang='lat' dir='ltr'><strong>la</strong></span> 
     </span>
     <span class='ocr_line' id='line_1_99' title="bbox 2396 4812 4354 4888; baseline -0.001 -13"><span class='ocrx_word' id='word_1_754' title='bbox 2396 4836 2589 4877; x_wconf 72' lang='lat' dir='ltr'><strong>source</strong></span> <span class='ocrx_word' id='word_1_755' title='bbox 2641 4818 2943 4888; x_wconf 72' lang='lat' dir='ltr'><strong>cepenaant</strong></span> <span class='ocrx_word' id='word_1_756' title='bbox 2988 4834 3056 4872; x_wconf 79' lang='lat' dir='ltr'><strong>ne</strong></span> <span class='ocrx_word' id='word_1_757' title='bbox 3095 4818 3291 4887; x_wconf 57' lang='lat' dir='ltr'><strong>parcit</strong></span> <span class='ocrx_word' id='word_1_758' title='bbox 3335 4820 3494 4872; x_wconf 78' lang='lat' dir='ltr'><strong>avoir</strong></span> <span class='ocrx_word' id='word_1_759' title='bbox 3547 4812 3626 4871; x_wconf 77' lang='lat' dir='ltr'><strong>e&#39;te</strong></span> <span class='ocrx_word' id='word_1_760' title='bbox 3673 4824 3831 4872; x_wconf 74' lang='lat' dir='ltr'><strong>autre</strong></span> <span class='ocrx_word' id='word_1_761' title='bbox 3876 4833 3980 4887; x_wconf 70' lang='lat' dir='ltr'><strong>que</strong></span> <span class='ocrx_word' id='word_1_762' title='bbox 4025 4818 4084 4872; x_wconf 80' lang='lat' dir='ltr'><strong>la</strong></span> <span class='ocrx_word' id='word_1_763' title='bbox 4143 4819 4236 4873; x_wconf 70' lang='lat' dir='ltr'><strong>Vis</strong></span> <span class='ocrx_word' id='word_1_764' title='bbox 4283 4819 4354 4874; x_wconf 78' lang='lat' dir='ltr'><strong>de</strong></span> 
     </span>
     <span class='ocr_line' id='line_1_100' title="bbox 2400 4885 3267 4957; baseline -0.007 -12"><span class='ocrx_word' id='word_1_765' title='bbox 2400 4889 2596 4945; x_wconf 71' lang='lat' dir='ltr'><strong>Odoin</strong></span> <span class='ocrx_word' id='word_1_766' title='bbox 2628 4903 2738 4957; x_wconf 76' lang='lat' dir='ltr'><strong>par</strong></span> <span class='ocrx_word' id='word_1_767' title='bbox 2775 4887 2982 4942; x_wconf 76' lang='lat' dir='ltr'><strong>Bolsee.</strong></span> <span class='ocrx_word' id='word_1_768' title='bbox 3026 4885 3120 4941; x_wconf 75' lang='lat' dir='ltr'><strong>oh.</strong></span> <span class='ocrx_word' id='word_1_769' title='bbox 3155 4885 3267 4954; x_wconf 77' lang='lat'><strong>20.)</strong></span> 
     </span>
    </p>

    <p class='ocr_par' dir='ltr' id='par_1_20' title="bbox 2392 4953 4355 5158">
     <span class='ocr_line' id='line_1_101' title="bbox 2602 4953 4355 5027; baseline -0.006 -16"><span class='ocrx_word' id='word_1_770' title='bbox 2602 4956 2664 5023; x_wconf 78' lang='grc'><strong>3)</strong></span> <span class='ocrx_word' id='word_1_771' title='bbox 2707 4955 2795 5011; x_wconf 74' lang='lat' dir='ltr'><strong>On</strong></span> <span class='ocrx_word' id='word_1_772' title='bbox 2827 4957 2986 5011; x_wconf 80' lang='lat' dir='ltr'><strong>avait</strong></span> <span class='ocrx_word' id='word_1_773' title='bbox 3016 4955 3150 5010; x_wconf 74' lang='lat' dir='ltr'><strong>e&#39;crit</strong></span> <span class='ocrx_word' id='word_1_774' title='bbox 3184 4957 3221 5009; x_wconf 84' lang='grc' dir='ltr'><em>ὰ</em></span> <span class='ocrx_word' id='word_1_775' title='bbox 3257 4954 3440 5007; x_wconf 74' lang='lat' dir='ltr'><strong>Reme</strong></span> <span class='ocrx_word' id='word_1_776' title='bbox 3478 4968 3625 5021; x_wconf 74' lang='lat' dir='ltr'><strong>pour</strong></span> <span class='ocrx_word' id='word_1_777' title='bbox 3671 4968 3731 5008; x_wconf 78' lang='lat' dir='ltr'><strong>se</strong></span> <span class='ocrx_word' id='word_1_778' title='bbox 3765 4953 4028 5022; x_wconf 72' lang='lat' dir='ltr'><strong>plaindre</strong></span> <span class='ocrx_word' id='word_1_779' title='bbox 4061 4954 4156 5008; x_wconf 76' lang='lat' dir='ltr'><strong>des</strong></span> <span class='ocrx_word' id='word_1_780' title='bbox 4200 4956 4355 5027; x_wconf 59' lang='lat' dir='ltr'><strong>fufi-</strong></span> 
     </span>
     <span class='ocr_line' id='line_1_102' title="bbox 2392 5021 4353 5110; baseline 0 -29"><span class='ocrx_word' id='word_1_781' title='bbox 2392 5027 2495 5093; x_wconf 68' lang='lat' dir='ltr'><strong>u&#39;rs</strong></span> <span class='ocrx_word' id='word_1_782' title='bbox 2528 5033 2581 5082; x_wconf 73' lang='lat' dir='ltr'><strong>et</strong></span> <span class='ocrx_word' id='word_1_783' title='bbox 2595 5041 2753 5110; x_wconf 67' lang='lat' dir='ltr'><strong>pour</strong></span> <span class='ocrx_word' id='word_1_784' title='bbox 2796 5024 3090 5080; x_wconf 64' lang='lat' dir='ltr'><strong>donanda·</strong></span> <span class='ocrx_word' id='word_1_785' title='bbox 3135 5024 3301 5094; x_wconf 70' lang='lat' dir='ltr'><strong>qu’on</strong></span> <span class='ocrx_word' id='word_1_786' title='bbox 3347 5022 3423 5076; x_wconf 76' lang='lat' dir='ltr'><strong>les</strong></span> <span class='ocrx_word' id='word_1_787' title='bbox 3467 5021 3690 5077; x_wconf 61' lang='lat' dir='ltr'><strong>chased&amp;</strong></span> <span class='ocrx_word' id='word_1_788' title='bbox 3734 5039 3935 5077; x_wconf 66' lang='lat' dir='ltr'><strong>comme</strong></span> <span class='ocrx_word' id='word_1_789' title='bbox 3979 5022 4075 5077; x_wconf 73' lang='lat' dir='ltr'><strong>des</strong></span> <span class='ocrx_word' id='word_1_790' title='bbox 4108 5028 4353 5081; x_wconf 64' lang='lat' dir='ltr'><strong>soumis</strong></span> 
     </span>
     <span class='ocr_line' id='line_1_103' title="bbox 2392 5088 3691 5158; baseline -0.006 -6"><span class='ocrx_word' id='word_1_791' title='bbox 2392 5097 2636 5152; x_wconf 63' lang='lat' dir='ltr'><strong>declara</strong></span> <span class='ocrx_word' id='word_1_792' title='bbox 2669 5095 2738 5149; x_wconf 78' lang='lat' dir='ltr'><strong>de</strong></span> <span class='ocrx_word' id='word_1_793' title='bbox 2769 5093 2917 5149; x_wconf 67' lang='lat' dir='ltr'><strong>Petet</strong></span> <span class='ocrx_word' id='word_1_794' title='bbox 2949 5088 3283 5149; x_wconf 73' lang='lat' dir='ltr'><strong>condamne&#39;s</strong></span> <span class='ocrx_word' id='word_1_795' title='bbox 3317 5107 3448 5145; x_wconf 75' lang='lat' dir='ltr'><strong>avec</strong></span> <span class='ocrx_word' id='word_1_796' title='bbox 3470 5090 3691 5158; x_wconf 71' lang='lat' dir='ltr'><strong>justice.</strong></span> 
     </span>
    </p>

    <p class='ocr_par' dir='ltr' id='par_1_21' title="bbox 2388 5156 4356 5440">
     <span class='ocr_line' id='line_1_104' title="bbox 2599 5156 4348 5229; baseline -0.002 -12"><span class='ocrx_word' id='word_1_797' title='bbox 2599 5163 2662 5229; x_wconf 79' lang='lat'><strong>4)</strong></span> <span class='ocrx_word' id='word_1_798' title='bbox 2702 5163 2757 5217; x_wconf 84' lang='lat'><strong>11</strong></span> <span class='ocrx_word' id='word_1_799' title='bbox 2788 5160 2972 5219; x_wconf 71' lang='lat' dir='ltr'><strong>s&#39;e&#39;tait</strong></span> <span class='ocrx_word' id='word_1_800' title='bbox 3014 5162 3174 5229; x_wconf 65' lang='lat' dir='ltr'><strong>cusai</strong></span> <span class='ocrx_word' id='word_1_801' title='bbox 3203 5176 3333 5215; x_wconf 76' lang='lat' dir='ltr'><strong>avoc</strong></span> <span class='ocrx_word' id='word_1_802' title='bbox 3369 5160 3571 5214; x_wconf 70' lang='lat' dir='ltr'><strong>Per-rin</strong></span> <span class='ocrx_word' id='word_1_803' title='bbox 3607 5157 3767 5227; x_wconf 64' lang='lat' dir='ltr'><strong>(Rea.</strong></span> <span class='ocrx_word' id='word_1_804' title='bbox 3800 5156 3886 5212; x_wconf 82' lang='lat'><strong>25.</strong></span> <span class='ocrx_word' id='word_1_805' title='bbox 3926 5158 4098 5227; x_wconf 72' lang='grc' dir='ltr'><strong>Μαί).</strong></span> <span class='ocrx_word' id='word_1_806' title='bbox 4171 5160 4348 5218; x_wconf 68' lang='grc' dir='ltr'>Βοκί-</span> 
     </span>
     <span class='ocr_line' id='line_1_105' title="bbox 2391 5226 4348 5302; baseline -0.001 -14"><span class='ocrx_word' id='word_1_807' title='bbox 2391 5234 2536 5288; x_wconf 74' lang='lat' dir='ltr'><strong>vard</strong></span> <span class='ocrx_word' id='word_1_808' title='bbox 2565 5250 2620 5302; x_wconf 82' lang='lat' dir='ltr'><strong>p.</strong></span> <span class='ocrx_word' id='word_1_809' title='bbox 2640 5231 2744 5286; x_wconf 73' lang='lat'><strong>142</strong></span> <span class='ocrx_word' id='word_1_810' title='bbox 2778 5232 2826 5286; x_wconf 80' lang='lat' dir='ltr'><strong>le</strong></span> <span class='ocrx_word' id='word_1_811' title='bbox 2858 5245 3070 5288; x_wconf 65' lang='lat' dir='ltr'><strong>nomme</strong></span> <span class='ocrx_word' id='word_1_812' title='bbox 3103 5244 3233 5285; x_wconf 75' lang='lat' dir='ltr'><strong>am</strong></span> <span class='ocrx_word' id='word_1_813' title='bbox 3261 5229 3462 5283; x_wconf 56' lang='lat' dir='ltr'><strong>Per-nn</strong></span> <span class='ocrx_word' id='word_1_814' title='bbox 3492 5244 3697 5285; x_wconf 61' lang='lat' dir='ltr'><strong>comme</strong></span> <span class='ocrx_word' id='word_1_815' title='bbox 3729 5226 3844 5283; x_wconf 74' lang='lat' dir='ltr'><strong>Fun</strong></span> <span class='ocrx_word' id='word_1_816' title='bbox 3878 5226 3975 5282; x_wconf 74' lang='lat' dir='ltr'><strong>dos</strong></span> <span class='ocrx_word' id='word_1_817' title='bbox 4000 5230 4348 5300; x_wconf 61' lang='lat' dir='ltr'><strong>principuus</strong></span> 
     </span>
     <span class='ocr_line' id='line_1_106' title="bbox 2391 5296 4356 5380; baseline -0.001 -24"><span class='ocrx_word' id='word_1_818' title='bbox 2391 5301 2461 5356; x_wconf 71' lang='lat' dir='ltr'><strong>de</strong></span> <span class='ocrx_word' id='word_1_819' title='bbox 2493 5308 2632 5357; x_wconf 71' lang='lat' dir='ltr'><strong>ceste</strong></span> <span class='ocrx_word' id='word_1_820' title='bbox 2663 5301 2915 5356; x_wconf 60' lang='lat' dir='ltr'><strong>sedition.</strong></span> <span class='ocrx_word' id='word_1_821' title='bbox 2989 5298 3146 5354; x_wconf 71' lang='lat' dir='ltr'><strong>Mais</strong></span> <span class='ocrx_word' id='word_1_822' title='bbox 3193 5298 3237 5352; x_wconf 76' lang='lat' dir='ltr'><strong>il</strong></span> <span class='ocrx_word' id='word_1_823' title='bbox 3275 5313 3347 5352; x_wconf 74' lang='lat' dir='ltr'><strong>ne</strong></span> <span class='ocrx_word' id='word_1_824' title='bbox 3385 5298 3563 5380; x_wconf 62' lang='grc' dir='ltr'><strong>ᾖρον-ε</strong></span> <span class='ocrx_word' id='word_1_825' title='bbox 3596 5300 3660 5352; x_wconf 74' lang='lat' dir='ltr'><strong>m·</strong></span> <span class='ocrx_word' id='word_1_826' title='bbox 3697 5296 3890 5367; x_wconf 74' lang='lat' dir='ltr'><strong>parmi</strong></span> <span class='ocrx_word' id='word_1_827' title='bbox 3930 5296 4007 5351; x_wconf 71' lang='lat' dir='ltr'><strong>les</strong></span> <span class='ocrx_word' id='word_1_828' title='bbox 4038 5299 4265 5355; x_wconf 56' lang='lat' dir='ltr'><strong>accus&amp;</strong></span> <span class='ocrx_word' id='word_1_829' title='bbox 4298 5301 4356 5355; x_wconf 74' lang='lat' dir='ltr'><strong>le</strong></span> 
     </span>
     <span class='ocr_line' id='line_1_107' title="bbox 2388 5366 3484 5440; baseline -0.005 -14"><span class='ocrx_word' id='word_1_830' title='bbox 2388 5370 2476 5426; x_wconf 75' lang='lat'><strong>22.</strong></span> <span class='ocrx_word' id='word_1_831' title='bbox 2501 5371 2688 5440; x_wconf 67' lang='lat' dir='ltr'><strong>juillet</strong></span> <span class='ocrx_word' id='word_1_832' title='bbox 2719 5372 2785 5425; x_wconf 74' lang='grc' dir='ltr'>ιιι·</span> <span class='ocrx_word' id='word_1_833' title='bbox 2810 5371 3000 5439; x_wconf 71' lang='lat' dir='ltr'><strong>parmi</strong></span> <span class='ocrx_word' id='word_1_834' title='bbox 3031 5368 3108 5423; x_wconf 70' lang='lat' dir='ltr'><strong>les</strong></span> <span class='ocrx_word' id='word_1_835' title='bbox 3140 5366 3484 5423; x_wconf 60' lang='lat' dir='ltr'><strong>condamm</strong></span> 
     </span>
    </p>
   </div>
  </div>
 </body>
</html>
