4850 6200
333 465 438 532 245

388 649 557 706 Hasce
591 652 873 708 salutifero
903 651 1187 721 delapeo’)
1220 652 1292 705 ab
1325 650 1549 706 aethere
1581 652 1735 707 vobis

461 721 474 732 ’
511 722 524 733 ’
653 723 889 776 humano
923 722 1097 775 volvit
1128 722 1231 774 sub
1266 728 1486 791 pectore
1520 724 1714 775 curas?

429 806 519 843 um
553 792 756 858 decuit,
790 791 893 845 nisi
925 807 1078 846 mens
1113 790 1368 843 immania
1399 790 1544 844 sacta
1575 792 1716 844 tueri
1768 860 1791 926 )

390 894 1696 916 00000000000000000000000000
1717 861 1765 895 ιο

386 925 642 982 Iudicium
682 947 716 983 a
749 929 917 982 sacris
952 928 1135 997 potius
1168 927 1437 981 deducere
1471 927 1624 981 tastis

550 998 563 1009 “
601 1015 787 1052 rernm
821 1004 977 1050 vates
1011 997 1330 1065 animaeque
1365 997 1645 1065 superbae.

385 1064 611 1133 Punite,
650 1066 900 1120 veridicis
933 1066 1157 1118 libertas
1193 1066 1407 1118 vatibus
1443 1072 1561 1119 esto

388 1133 494 1187 lam
528 1151 643 1201 sna,
681 1153 790 1189 non
824 1151 1028 1203 aequae
1063 1134 1346 1202 patiuntur
1379 1136 1607 1187 crimina
1641 1150 1825 1187 musae

388 1202 626 1269 Defendi,
662 1221 816 1257 sacro
851 1220 950 1256 nec
985 1220 1074 1255 ser
1114 1220 1204 1255 ere
1239 1205 1295 1256 in
1329 1203 1518 1256 ordine
1557 1203 1722 1257 virus.

385 1271 616 1394 ffiiritus
651 1274 708 1327 in
743 1273 910 1325 Paulo
945 1279 1046 1339 est,
1130 1273 1253 1325 aulo
1290 1289 1385 1325 vos
1421 1272 1643 1325 credere
1679 1272 1919 1341 dignum.

437 1341 483 1394 ’c
517 1350 671 1395 certa
703 1342 812 1395 iam
847 1358 993 1405 voce,
1031 1342 1153 1409 piae
1188 1341 1315 1393 dum
1351 1341 1472 1393 iura
1507 1342 1767 1395 Corintho

385 1408 714 1464 Praescribit
749 1412 1031 1479 caecisque
1066 1412 1258 1463 animis
1295 1411 1432 1462 latet
1466 1410 1684 1462 additus
1719 1426 1888 1475 error,

387 1476 471 1533 sic
506 1480 612 1533 ait:
649 1481 924 1533 Externos
959 1480 1202 1533 homines
1237 1479 1480 1532 alienave
1516 1479 1731 1532 Christo

384 1546 612 1602 Pectora
645 1549 858 1602 iudiciis
891 1565 999 1601 non
1035 1549 1114 1599 sas
1150 1548 1468 1601 submittere
1505 1549 1713 1613 vestris,

390 1615 764 1679 OEfisticolae;
802 1617 945 1670 baud
981 1624 1166 1669 nostra
1202 1626 1420 1670 exercet
1455 1634 1681 1669 censura
1714 1615 2075 1685 profanos.¹¹)

385 1683 510 1738 Illos
546 1687 746 1740 iudicio
782 1688 916 1739 coeli
951 1696 1236 1754 terraeque
1274 1692 1521 1754 repertor

387 1752 667 1809 Subiectos
701 1756 854 1808 iubet
889 1772 1008 1807 esse
1044 1772 1156 1817 su0‚
1194 1755 1321 1807 dum
1358 1757 1474 1808 luce
1509 1772 1570 1806 su
1615 1771 1762 1806 rema

383 1821 544 1877 Ultor
580 1825 635 1877 in
673 1832 922 1877 aeternas
957 1825 1183 1877 miseros
1221 1835 1378 1877 vocet
1411 1825 1558 1876 horri
1601 1840 1661 1876 us
1696 1824 1818 1876 iras.

386 1890 494 1945 Nos
531 1893 763 1946 fratrum
797 1893 976 1946 studio
1011 1898 1222 1946 tantum
1258 1894 1415 1946 decet
1451 1910 1619 1960 usque
1656 1893 1860 1951 teucri;

385 1959 762 2016 Christicolum
799 1963 955 2015 nobis
993 1979 1170 2015 mores
1204 1962 1576 2029 consendaque
1615 1962 1730 2013 vita
1764 1972 1865 2013 est.

517 2100 604 2152 Ac
645 2101 812 2152 veluti
850 2101 896 2151 si
932 2099 1157 2168 pulchra
1191 2099 1357 2162 genis,
1397 2099 1441 2150 si
1480 2098 1677 2150 nubilis
1714 2098 1869 2150 annis

387 2166 526 2219 Nata
563 2169 712 2237 patri
747 2178 846 2232 est,
884 2186 1045 2237 quam
1080 2178 1237 2221 nocte
1273 2168 1442 2235 proci,
1479 2185 1640 2235 quam
1676 2168 1792 2219 luce
1829 2167 2032 2220 salaces

384 2234 692 2304 Exquirant
726 2239 926 2290 circum
960 2238 1152 2306 positis
1188 2237 1498 2288 custodibus
1533 2236 1728 2297 aedeis,

389 2303 509 2358 Non
549 2306 746 2359 vindex
783 2312 938 2374 parat
973 2307 1065 2358 ille
1103 2306 1280 2372 procis
1319 2306 1578 2357 vulnusve
1616 2320 1885 2367 necemve,

387 2371 490 2427 Sed
525 2382 712 2428 natam
749 2376 1006 2427 observat
1039 2376 1278 2444 prudens
1313 2376 1627 2441 monituque
1664 2374 1933 2439 minisque

385 2440 464 2494 Ne
499 2452 658 2512 petat
693 2445 971 2512 amplexus
1009 2445 1149 2496 votis
1185 2459 1401 2495 cessura
1436 2442 1831 2511 procorumz¹²)

383 2508 468 2564 sio
503 2520 694 2565 coetus
731 2522 942 2567 servate
979 2513 1078 2565 Dei
1116 2513 1424 2579 Christique
1461 2512 1705 2565 clieutcis

382 2577 710 2635 Commissos
785 2582 837 2633 ia
872 2580 1040 2634 cura·
1073 2598 1279 2649 greges,
1318 2590 1498 2633 arcete
1535 2582 1784 2648 luporum

386 2647 640 2702 Consiliis
677 2668 739 2703 ra
779 2651 884 2703 iem
919 2667 1217 2718 saevosque
1253 2668 1285 2701 a
1319 2650 1446 2701 sede
1483 2651 1665 2702 leones

384 2715 665 2785 Custodes,
701 2721 998 2788 dignasque
1033 2720 1163 2772 feris
1198 2719 1540 2771 silvestribus
1576 2720 1684 2771 iras

385 2787 595 2853 lenite,
633 2794 689 2840 et
725 2789 989 2857 ascriptos
1025 2788 1240 2841 claudat
1272 2787 1565 2856 prudentia
1598 2787 1767 2839 coelo.

378 2853 524 2925 Ergo
563 2858 723 2925 luem,
757 2860 802 2911 si
839 2875 946 2925 qua
981 2866 1080 2921 est,
1114 2856 1293 2909 medio
1328 2858 1434 2908 iam
1469 2857 1662 2908 tollere
1699 2860 1856 2908 coetu

381 2921 581 2979 Vestra
620 2933 706 2979 est
739 2932 906 2995 atque
940 2927 1119 2980 aditus
1154 2926 1503 2994 praecludere
1539 2941 1670 2977 cura
1743 2924 1946 2977 ericlis:

384 2991 656 3048 Saevitiae
692 2995 944 3064 fugienda
977 2995 1362 3061 hominumque
1399 2994 1594 3046 iniuria
1629 3010 1699 3045 vo
1736 2993 1798 3045 is.

513 3133 800 3189 Hactenus
836 3135 1113 3187 aetherias
1150 3135 1463 3186 cecinerunt
1497 3133 1738 3185 camina
1775 3131 1961 3183 Musae

379 3201 693 3273 Amatuque
727 3203 963 3257 animum
997 3203 1176 3256 tenuit
1211 3220 1316 3256 non
1353 3202 1516 3254 falsus
1555 3202 1766 3270 Apollo.
1784 3199 1850 3264 ¹⁸)

1137 3322 1394 3376 Camillus
1428 3322 1669 3375 Renatus
1707 3321 1949 3373 Rhaetus

830 3407 1068 3462 faciebat
1101 3407 1384 3460 Tnbonae
1409 3407 1480 3472 ¹⁴)
1518 3405 1654 3460 1554
1688 3421 1873 3459 mense
1908 3404 2231 3474 Septembri.

324 3565 448 3578 *-

485 3667 585 3802 133
614 3667 1023 3790 &gwan-
1069 3736 1131 3787 ἐκ
1177 3733 1498 3801 apographo
1544 3734 1701 3787 nobis
1743 3730 2154 3800 &prmissa
2188 3733 2267 3786 m·-

327 3802 527 3861 hier.
619 3804 885 3859 Fortasse
927 3809 1098 3857 mm
1140 3801 1346 3855 meam
1390 3801 1594 3870 aliquis
1637 3805 1960 3868 susceperit,
2007 3801 2089 3855 sic
2133 3801 2267 3856 sevi-

325 3871 475 3929 ἶσοι·
533 3874 660 3928 Non
708 3872 890 3926 decuit
924 3910 1144 3926 .....
1181 3871 1374 3923 rasus?
1457 3870 1476 3924 1
1558 3870 1844 3950 aristosa.
1899 3871 1961 3924 in
2019 3870 2267 3950 vocotico

321 3955 448 3999 α’
481 3941 1221 4077 333⁸1.⁹00r.5,12.⁶“”⁹‘'
1382 3976 1395 3989 ’
1471 3967 1484 3991 ’
1539 3938 1578 3993 d
1610 3954 1758 4008 Μ’
1965 4063 1972 4072 ,

487 4080 582 4146 12)
621 4078 847 4133 Desinit
880 4080 942 4131 in
970 4079 1191 4145 piscem.

486 4150 580 4216 13)
620 4148 762 4203 Illos
794 4146 1012 4217 quidem
1047 4148 1185 4200 sotis
1216 4161 1389 4200 rauca
1433 4160 1583 4211 voce,
1630 4143 1718 4198 hic
1767 4159 1893 4198 vero
1932 4144 2137 4208 fidibus
2165 4159 2268 4212 pa·

325 4232 446 4275 nn
508 4220 760 4284 ωηοηέ,
810 4222 860 4269 et
924 4213 1239 4284 saepissime
1304 4211 1504 4276 ἄδηλον
1558 4210 1746 4280 φωνήν
1811 4210 2015 4271 διδούς.
2110 4211 2271 4281 Quod

318 4293 498 4343 mn·
551 4288 840 4342 Minervae
882 4290 1054 4338 ortem
1100 4285 1291 4338 attinet
1338 4282 1404 4336 de
1449 4299 1560 4352 qua
1602 4281 1693 4336 ille
1738 4287 1910 4345 tacet,
1955 4283 2270 4352 praeteritis

317 4356 502 4412 ultis
535 4357 666 4411 aliis
700 4355 799 4410 hoe
834 4359 1043 4408 tontum
1087 4358 1368 4418 notamus,
1410 4352 1473 4405 ia
1523 4351 1610 4405 his
1654 4356 1733 4404 ter
1784 4357 1991 4406 emunt
2026 4358 2078 4406 et
2109 4352 2267 4422 quio·-

477 4425 488 4437 ·
620 4424 893 4490 vermen,
938 4423 1090 4476 ultro
1126 4427 1339 4475 comam
1386 4426 1435 4474 et
1467 4419 1744 4489 octoginta
1786 4420 2037 4476 elisiones
2084 4434 2268 4476 occur-

317 4507 436 4550 m
479 4500 533 4548 et
575 4498 774 4550 centus
817 4491 1177 4561 quiuquoyies
1221 4495 1272 4544 et
1313 4489 1599 4559 quinquies
1629 4488 1984 4556 particulam.-
2022 4506 2144 4559 que.

490 4562 587 4632 14)
629 4563 854 4618 Praom
887 4561 997 4616 sito
1031 4566 1111 4614 est
1142 4557 1219 4614 od
1253 4560 1537 4614 introitus·
1586 4557 1755 4613 Vallis
1803 4557 2038 4614 Tollime
2081 4559 2143 4613 in
2190 4558 2268 4613 m·-

1989 468 2156 530 1554
2197 464 2652 536 smnus.

4178 444 4322 534 ’πε

3253 653 3445 724 2⁰18.

2550 810 3098 878 GRIBALDUS
3140 809 3673 879 FRATRIBUS
3718 812 4041 881 Imus.
4072 818 4123 900 ¹)

2538 979 2985 1062 Baptanatet
3052 983 3564 1049 vindicat-suam
3631 984 4325 1053 deDeoGIu-istoet

2375 1065 2688 1132 Trinitote
2727 1068 3105 1133 sententiam.

2369 1255 2483 1322 (Ex
2518 1254 2648 1309 Ood.
2685 1255 2891 1309 Gener.
2928 1254 3044 1321 113,
3081 1257 3169 1311 fol.
3203 1257 3288 1381 SICI),
3324 1259 3472 1394 Σὲιόο)
3500 1258 3866 1327 inscriptione.
3938 1260 4019 1314 Os.
4056 1260 4316 1315 Trcchsel

2545 1495 2884 1562 Uerissimi
2951 1499 3021 1562 in
3078 1496 3285 1563 Cristo
3339 1497 3494 1563 Iesu
3566 1499 3838 1577 fratelli,
3894 1501 4135 1582 perche
4201 1523 4312 1567 oc-

2369 1601 2556 1648 corse
2612 1583 2780 1647 hieri
2834 1584 2905 1647 in
2947 1582 3207 1667 publica
3262 1586 3763 1667 congregatione
3806 1586 4026 1668 parlar
4067 1598 4134 1650 et
4179 1586 4315 1650 dis-

2369 1676 2571 1751 putar
2613 1668 2693 1733 de
2737 1668 2968 1734 l'unita
3003 1668 3083 1733 de
3108 1670 3237 1734 Dio
3270 1682 3495 1734 contra
3531 1669 3596 1734 la
3629 1672 3762 1736 mia
3796 1673 4031 1754 voglia,
4078 1671 4318 1753 perche

2370 1775 2506 1819 non
2548 1754 2783 1819 voleva
2823 1754 3036 1821 intrar
3078 1755 3295 1837 quello
3341 1756 3607 1819 articolo
3662 1766 3845 1820 tanto
3891 1757 4208 1839 profondo
4256 1769 4323 1823 et

2371 1839 2505 1905 alto
2547 1840 2670 1906 che
2714 1848 2757 1906 a
2800 1863 2961 1925 gran
3022 1862 3188 1924 pena
3244 1850 3311 1905 et
3353 1862 3503 1906 cum
3564 1841 3878 1908 difficolta
3921 1845 3975 1906 si
4018 1865 4147 1926 puo
4191 1864 4315 1908 con

2369 1926 2594 2009 parole
2648 1926 3003 2009 explicare,
3064 1928 3349 1992 maxime
3407 1930 3475 1991 in
3520 1936 3707 1992 tanto
3752 1950 4023 1993 numero
4073 1929 4154 1992 de
4198 1950 4317 1992 au·

2371 2011 2571 2076 ditori
2623 2026 2690 2077 et
2743 2012 3015 2078 essendo
3072 2015 3133 2077 io
3191 2024 3361 2078 stato
3417 2034 3602 2078 come
3658 2015 3726 2079 vi
3786 2034 3942 2096 pare
3987 2014 4068 2080 de
4113 2014 4316 2079 molto

2369 2097 2633 2163 diversa
2674 2107 2741 2163 et
2795 2099 3126 2165 contraria
3168 2099 3470 2182 opinione
3526 2099 3609 2163 da
3654 2101 3775 2171 voi,
3829 2100 3980 2164 festi
4039 2102 4195 2164 tutti
4242 2101 4310 2166 di

2367 2205 2476 2248 me
2530 2183 3001 2267 grandemente
3058 2184 3476 2251 scandalizati
3530 2185 3972 2269 riputandomi
4028 2187 4313 2252 heretico

2368 2278 2439 2335 et
2490 2271 2831 2336 malitioso.
2920 2270 3159 2336 Niente
3219 2271 3287 2335 di
3342 2293 3570 2337 manco
3626 2293 3756 2335 non
3813 2272 3883 2336 fu
3944 2273 4212 2337 risciolti
4271 2273 4321 2338 li

2367 2355 2598 2439 luoghi
2643 2366 2710 2421 et
2753 2358 3116 2440 argomenti
3162 2356 3332 2421 della
3375 2360 3682 2423 scrittura
3726 2378 3842 2439 per
3886 2379 3991 2422 me
4035 2358 4319 2424 addutti.

2369 2442 2490 2507 Ma
2545 2442 2612 2507 la
2666 2462 2815 2506 cosa
2876 2452 3047 2507 resto
3103 2443 3225 2508 che
3269 2444 3325 2507 si
3370 2442 3638 2507 dovesse
3685 2443 3968 2507 scrivere
4013 2464 4207 2525 sopra
4253 2444 4321 2509 di

2370 2536 2601 2611 questo
2642 2538 2707 2592 et
2762 2551 2892 2594 non
2937 2531 3049 2611 piu
3105 2528 3496 2594 contendere
3551 2530 4127 2611 presentialmente
4188 2552 4322 2595 cun

2370 2613 2609 2698 parole.
2697 2616 2895 2680 Accio
2953 2613 3254 2697 adunque
3310 2615 3720 2698 cognosciate
3762 2614 3881 2678 che
3927 2616 3997 2678 in
4042 2636 4146 2678 me
4189 2636 4324 2681 non

2372 2710 2409 2765 e
2454 2699 2708 2763 malitia
2762 2722 2847 2765 ne
2889 2701 3216 2782 passione,
3278 2721 3387 2764 ma
3444 2721 3531 2763 uu
3587 2700 3816 2782 spirito
3872 2699 4026 2765 lieto
4071 2714 4139 2765 et
4184 2701 4321 2765 sin-

2371 2805 2541 2863 cero,
2578 2795 2644 2849 et
2664 2785 2785 2851 che
2808 2807 2927 2868 per
2960 2786 3182 2851 niente
3209 2787 3422 2869 voglio
3458 2806 3674 2850 essere
3696 2786 4001 2864 ostinato,
4047 2786 4323 2852 essendo

2372 2870 3021 2955 raggionevolmente
3092 2872 3427 2936 instrutt0.
3531 2869 3615 2934 Vi
3688 2869 3829 2935 dico
3889 2882 3954 2935 et
4030 2882 4319 2951 protesto

2371 2956 2646 3021 dovanti
2679 2956 2728 3020 il
2750 2956 2999 3042 Siguor
3022 2958 3152 3022 Dio
3186 2957 3307 3022 che
3350 2956 3816 3022 risolvendomi
3861 2958 3967 3021 voi
4013 2956 4061 3021 li
4105 2957 4325 3023 luochi

2371 3052 2440 3108 et
2482 3044 2849 3128 argomenti
2909 3043 3030 3110 che
3088 3064 3193 3108 me
3237 3042 3570 3110 inclinano
3616 3044 3684 3107 in
3728 3051 3958 3125 questa
4000 3044 4321 3126 openione

2370 3129 2487 3212 piu
2530 3131 2653 3195 che
2706 3130 2836 3195 alla
2879 3141 3122 3206 vostra,
3180 3138 3249 3194 et
3305 3129 3370 3194 la
3423 3130 3638 3212 gratia
3696 3128 3763 3193 di
3809 3129 3938 3193 Dio
3983 3131 4072 3194 mi
4117 3131 4322 3196 faccia

2370 3235 2605 3297 capace
2662 3215 2729 3280 di
2770 3217 3070 3301 puotervi
3127 3217 3255 3282 ben
3299 3215 3658 3290 intendere,
3724 3216 3787 3280 vi
3845 3222 4170 3298 prometto
4215 3239 4322 3282 ac·

2368 3302 2646 3367 cettarla
2688 3302 2755 3366 di
2792 3311 2964 3368 tutto
3008 3302 3054 3366 il
3098 3322 3292 3368 cuore
3328 3311 3395 3366 et
3430 3302 3659 3384 spirito
3705 3301 3854 3378 mic,
3900 3309 3966 3365 et
4012 3301 4126 3365 alli
4174 3302 4327 3367 altri

2369 3388 2614 3452 fratelli
2672 3387 3182 3454 communicarla
3238 3397 3304 3452 et
3358 3386 3775 3453 deffenderla.
3868 3385 4195 3470 Adunque
4258 3389 4324 3452 vi

2374 3679 2558 3734 2018.
2584 3679 2641 3748 1)
2675 3679 2769 3733 Au
2803 3682 2939 3733 mois
2973 3680 3041 3733 do
3078 3676 3224 3746 Sept.
3272 3676 3428 3747 1554,
3464 3677 3722 3732 Gribaldi
3765 3693 3822 3730 ss
3854 3682 4112 3732 &oncant
4144 3679 4181 3733 ὰ
4221 3677 4323 3732 Ge·

2371 3751 2502 3803 neve
2536 3750 2609 3814 (il
2638 3748 2919 3817 possiduit
2955 3748 3098 3800 dans
3132 3748 3180 3800 le
3213 3748 3493 3814 voisinaqe
3537 3746 3594 3800 lo
3643 3761 3671 3798 s
3714 3749 3723 3759 ”
3828 3747 3945 3799 urie
3977 3745 4045 3800 dc
4083 3746 4326 3815 Fames)

2368 3818 2461 3884 fut
2494 3817 2683 3871 amente
2717 3820 2756 3872 ὰ
2790 3833 2846 3870 se
2876 3831 3183 3885 prononcsr
3216 3831 3315 3869 sar
3349 3810 3538 3868 l’um'ee'
3580 3815 3646 3868 de
3672 3761 3832 3869 m
3875 3814 4038 3869 d’une
4083 3815 4326 3870 inaniet-s

2370 3889 2468 3957 qui
2500 3887 2712 3955 alioque:
2760 3887 2817 3939 la
2864 3881 3237 3940 commanos&
3283 3883 3559 3938 italicum.
3646 3882 3733 3937 On
3780 3884 3864 3938 lui
3907 3883 4179 3939 demanda
4226 3885 4324 3939 du

2256 3979 2269 3994 ·
2372 3956 2732 4023 explicatione
2782 3957 2820 4008 ἀ
2873 3954 3085 4008 donner
3137 3969 3249 4022 por
3297 3949 3434 4007 &crit
3482 3950 3763 4019 (Treclisel
3803 3951 3869 4005 11.
3917 3951 4065 4017 282).
4150 3952 4316 4019 Besa,

2383 4024 2512 4078 Vita
2556 4023 2641 4078 sd.
2682 4022 2876 4078 Nickel
2901 4040 2961 4089 p.
2997 4021 3095 4075 25.-
3154 4021 3425 4075 Deductus
3471 4021 3542 4073 ad
3587 4021 3870 4078 Calvinum
3913 4038 3946 4072 a
3994 4021 4315 4088 quibusdam

2371 4092 2525 4146 Italis
2559 4093 2702 4162 apud
2741 4109 2874 4160 quos
2912 4093 3004 4144 ille
3044 4091 3249 4144 Patavii
3287 4091 3560 4152 docuerat,
3610 4097 3889 4144 recusante
3926 4089 4151 4145 Oalvino
4186 4092 4316 4144 dex-

2371 4169 2515 4214 tram
2558 4162 2639 4214 illi
2674 4163 2955 4231 porrigere
2989 4160 3095 4213 nisi
3128 4160 3280 4228 prius
3315 4160 3383 4213 de
3418 4159 3677 4240 primario
3711 4159 4039 4212 christianae
4072 4159 4196 4213 fidei
4234 4177 4321 4213 ar·

2371 4232 2539 4283 ticulo
2574 4231 2611 4283 i.
2648 4247 2692 4283 e.
2730 4230 2799 4283 de
2834 4245 2989 4283 sacra
3034 4230 3209 4282 triade
3255 4235 3313 4282 et
3346 4229 3549 4282 deitate
3585 4227 3785 4280 Christi
3820 4228 3965 4279 inter
4000 4244 4095 4281 eos
4128 4244 4324 4282 conve·

2372 4301 2532 4364 niret,
2570 4299 2775 4353 nullum
2849 4305 3001 4352 ostes
3035 4299 3209 4352 locum
3230 4298 3354 4351 ullis
3373 4297 3828 4349 admonitionibus
3867 4296 3951 4349 vel
3987 4296 4319 4364 argumentis

2374 4368 2598 4437 reliquit
2644 4373 2737 4422 etc.
2809 4316 3108 4436 &emerius
3161 4365 3238 4419 od
3296 4365 3681 4433 Bullinyerum
3732 4364 3783 4418 6.
3842 4363 3985 4431 Sept.
4044 4363 4175 4417 1554
4229 4380 4319 4430 op.

2377 4437 2567 4503 Porta,
2600 4436 2723 4491 hist.
2760 4436 2859 4501 ref.
2897 4436 3015 4491 eccl.
3061 4435 3230 4489 rhoet.
3270 4435 3312 4488 Ι.
3347 4433 3397 4498 2,
3436 4433 3564 4488 159:
3613 4432 3833 4487 Certum
3879 4441 3964 4485 est
4002 4432 4319 4486 Gribaldum

2371 4505 2920 4629 pmzsusNdesci‘rflisse
2956 4512 3014 4557 et
3048 4511 3223 4625 tetiam
3256 4504 3329 4583 in.
3348 4519 3413 4584 eo
3446 4519 3567 4583 esse
3613 4509 3696 4584 ηρ.
3720 4503 4163 4623 aliistoSerythum
4188 4502 4321 4623 iffi·

2370 4591 2477 4630 nne
2508 4612 2521 4625 .
2642 4591 2712 4630 ou
2746 4592 2780 4628 a
2839 4590 3071 4626 rmarem
3152 4589 3181 4625 e
3226 4587 3548 4625 amicissimo
3595 4588 3700 4625 msi
3735 4587 3825 4625 cer
3919 4586 3996 4624 sci
4059 4587 4132 4622 m.
4284 4587 4325 4622 o

2373 4643 2536 4699 audio
2572 4644 2679 4696 iam
2715 4657 2934 4711 parasse
2969 4642 3073 4695 sibi
3109 4641 3242 4694 disci
3284 4641 3400 4694 ulos
3437 4650 3493 4693 et
3528 4641 3704 4693 solere
3740 4640 3946 4692 dicere:
3992 4629 4323 4693 Basilienses

2372 4713 2453 4765 ita
2489 4713 2712 4765 sentire.
2780 4711 3082 4764 Doleudum
3134 4726 3234 4779 pro
3259 4716 3379 4763 ecto
3424 4709 3634 4764 ablatos
3679 4726 3713 4762 a
3757 4708 3909 4762 nobis
3958 4707 4098 4760 tales
4152 4707 4321 4763 viros.

2372 4781 2595 4836 Utinam
2633 4796 2911 4850 possemus
2948 4795 3219 4835 revocare.
3277 4778 3381 4832 Sed
3420 4778 3511 4830 vix
3547 4794 3735 4846 spero:
3776 4776 3908 4845 quin
3940 4775 4215 4829 deteriora
4249 4778 4325 4828 ti-

2375 4865 2513 4902 meo.
2585 4850 2733 4903 Haec
2766 4851 2822 4901 iu
2857 4856 3010 4903 tuum
3057 4848 3215 4901 unius
3262 4847 3438 4900 sinum
3473 4861 3670 4912 magno
3705 4861 3825 4898 cum
3860 4844 4048 4898 dolore
4083 4844 4314 4898 effundo.

2374 4918 2500 4971 Scio
2534 4924 2592 4971 te
2627 4919 2748 4972 aliis
2782 4935 2890 4971 non
2925 4916 3456 4971 communicaturum.
3526 4915 3630 4967 Est
3662 4914 3805 4983 apud
3856 4929 3943 4966 me
3988 4929 4131 4966 nunc
4164 4913 4322 4967 Hier.

2373 4987 2704 5041 Donzelinus
2750 4987 3016 5050 medicus,
3065 4987 3268 5038 eiectus
3314 4999 3489 5053 nuper
3524 4983 3771 5036 Venetiis
3811 4988 4043 5062 propter
4091 4998 4227 5035 evan
4298 5010 4329 5023 -

2371 5056 2522 5122 lium,
2559 5057 2643 5108 vir
2676 5056 2914 5124 prudens
2951 5056 3044 5124 qui
3062 5055 3232 5108 multa
3265 5053 3419 5107 novit
3452 5069 3591 5121 quae
3625 5053 3682 5105 in
3700 5051 3860 5104 Italia
3876 5050 4029 5104 fiunt.
4088 5050 4143 5105 Is
4177 4999 4333 5106 affi-

2373 5134 2491 5178 mat
2522 5131 2729 5194 pestem
2767 5141 2986 5194 serpere
3009 5125 3359 5178 Servetanam
3395 5122 3516 5190 plus
3552 5121 3736 5188 nimio,
3773 5125 3830 5173 et
3864 5135 3923 5172 se
3956 5119 4123 5173 fuisse
4159 5137 4329 5189 saepo

2373 5199 2662 5260 tentatum,
2698 5194 2946 5262 inprimis
2980 5211 3014 5246 a
3048 5192 3324 5248 Gribaldo.
3374 5198 3436 5243 ut
3468 5189 3538 5242 ad
3582 5206 3705 5242 eum
3739 5206 3772 5242 o
3810 5189 3991 5242 inione
4027 5190 4331 5243 accederet-

2374 5263 2486 5316 Res
2515 5269 2668 5316 certa
2703 5271 2790 5316 est
2823 5262 3274 5330 conspirationem
3309 5275 3427 5312 esse
3463 5259 3763 5326 aliquorum
3895 5259 4164 5312 iliensium
4199 5276 4329 5313 cum.

2375 5331 2648 5385 nonnullis
2685 5332 2852 5399 Italis,
2890 5348 3027 5401 quae
3074 5329 3174 5383 nisi
3224 5328 3610 5396 comprimatur
3666 5328 3844 5396 pariet
3890 5328 4047 5382 nobis
4099 5327 4320 5396 aliquod

2372 5418 2627 5468 magnum
2663 5401 2878 5453 malum.

3815 5480 3911 5534 16·
