4850 6200
318 464 396 524 97
2070 461 2234 523 1554
2278 456 2562 526 MART.

482 648 664 715 Puto
728 656 794 714 te
854 646 1100 714 vidisse
1154 646 1452 714 libellum
1518 646 1642 713 hoc
1712 668 1941 713 meuse
1996 645 2268 726 editum,

316 734 418 800 De
463 734 816 801 haereticis
856 756 992 801 non
1036 734 1408 819 puniendis,
1452 732 1676 799 addita
1717 733 2058 799 cuiusdam
2087 732 2268 797 Mar-

315 823 437 886 tini
461 821 659 886 Bellis·
681 820 1087 905 praefatione
1130 829 1198 885 et
1218 820 1454 886 Basilii
1477 817 1812 902 Mausos-tii
1854 819 2266 885 refutatione.

316 905 637 973 Additum
695 918 796 973 est
837 906 1273 992 Magdeburgi
1326 926 1565 972 nomen
1581 957 1597 983 ,
1652 904 1769 971 sed
1830 905 1953 971 hoc
1997 904 2111 970 Ma
2157 903 2268 971 de·

275 993 621 1078 -burgum,
681 994 752 1057 ni
792 992 1001 1072 fallor,
1058 991 1141 1057 ad
1186 991 1496 1058 Rhenum
1543 992 1745 1057 situm
1790 999 1908 1068 est,
1954 988 2065 1056 ubi
2156 1011 2269 1057 aec

317 1090 615 1145 monstra
656 1079 790 1145 iam
836 1078 949 1143 diu
996 1077 1372 1144 delitescere
1416 1079 1787 1162 sciebam.²)
1852 1076 2135 1159 Quaeso,
2176 1077 2269 1141 mi

467 1187 530 1243 r,
598 1165 655 1230 si
720 1165 883 1232 haec
948 1164 1214 1230 ferenda
1280 1174 1435 1230 suut
1495 1185 1658 1248 quae
1723 1164 1964 1247 impius
2015 1163 2144 1228 iste
2199 1164 2270 1227 in

315 1250 716 1336 praefatione
760 1271 879 1316 sua
912 1249 1221 1329 evomuit,
1246 1254 1272 1292 ⁸
1342 1249 1498 1334 quid
1540 1249 1725 1315 uobis
1762 1249 1932 1315 salvi
1974 1262 2273 1330 superest

318 1340 385 1403 in
429 1335 748 1422 religione
781 1336 1184 1403 christiana?
1332 1338 1586 1401 octrina
1629 1336 1709 1402 de
1744 1335 2001 1401 Christi
2041 1334 2270 1412 officio,

319 1422 395 1487 de
448 1423 808 1501 Trinitate,
877 1422 958 1488 de
1013 1443 1217 1488 coena
1274 1421 1577 1501 Domini,
1634 1421 1716 1486 de
1774 1422 2127 1504 baptismo,
2191 1421 2272 1487 de

317 1509 801 1587 iustificatione,
845 1508 928 1574 de
971 1508 1172 1574 libero
1217 1510 1507 1586 arbitrio,
1553 1506 1634 1573 de
1678 1518 1855 1573 statu
1900 1507 2269 1572 animarum

318 1603 462 1679 post
502 1594 675 1661 hanc
720 1596 944 1673 vitam,
1003 1604 1121 1660 aut
1162 1594 1417 1660 inutilis
1461 1603 1579 1672 est,
1625 1602 1742 1659 aut
1785 1602 1961 1660 certe
2000 1592 2271 1658 minime

318 1682 685 1746 necessaria
738 1680 819 1746 ad
880 1682 1187 1746 salutem:
1250 1679 1477 1747 Iudaei
1538 1679 1734 1745 etiam
1795 1694 1860 1745 et
1904 1680 2157 1744 'I'urcae
2202 1679 2270 1743 in

316 1765 531 1833 Deum
607 1766 901 1832 credunt.
1012 1765 1355 1849 Scriptura
1432 1773 1532 1832 est
1607 1766 1822 1830 instar
1897 1762 2273 1830 Aristotelis

315 1852 726 1932 Ethieorum,
782 1864 893 1918 aut
951 1862 1126 1918 certe
1183 1873 1318 1918 non
1376 1853 1585 1917 multo
1642 1850 1904 1916 uberior
1956 1849 2270 1928 doctriua,

317 1961 543 2005 verum
592 1940 798 2004 multo
841 1939 1167 2004 incertior.
1258 1938 1719 2021 Exspectanda
1764 1937 1892 2002 alia
1933 1937 2268 2002 revelatio.

316 2024 526 2090 Nemo
586 2035 689 2090 est
746 2046 862 2108 pro
917 2025 1245 2090 haeretico
1306 2023 1734 2090 damnandus.
1826 2023 1996 2090 Nam
2042 2043 2270 2088 omnes

316 2112 578 2177 domino
643 2131 762 2177 suo
826 2122 1006 2178 stant
1073 2124 1181 2177 aut
1249 2109 1509 2177 cadunt.
1618 2108 1837 2186 Vides,
1902 2111 1998 2174 mi
2062 2117 2269 2193 pater,

312 2217 629 2281 quorsum
675 2197 835 2263 haec
881 2196 1173 2273 tendant,
1219 2197 1533 2262 nimirum
1576 2208 1650 2261 ut
1691 2196 1872 2261 omni
1910 2196 2270 2279 scripturae

312 2283 670 2349 autoritate
735 2282 1124 2349 labefactata
1182 2283 1705 2348 Pharisaismum
1761 2284 2132 2359 induamus,
2205 2293 2272 2346 et

312 2390 446 2435 uon
491 2368 687 2434 modo
738 2371 1011 2453 papistis
1068 2368 1178 2434 sed
1241 2370 1398 2451 ipsis
1456 2369 1655 2434 etiam
1699 2368 1931 2434 'Purcis
1984 2366 2270 2433 ludibrio

312 2457 536 2520 simus.
610 2455 870 2534 Confer,
917 2477 1175 2539 quaese,
1227 2454 1608 2522 castalione
1660 2454 2024 2536 epistolam,
2072 2474 2270 2536 quam

312 2543 451 2608 suis
492 2540 733 2606 Bibliis
754 2546 808 2623 ⁴)
867 2542 1190 2626 praefixit,
1250 2562 1400 2608 cum
1463 2540 1845 2624 blasphema
1901 2542 2027 2606 ista
2080 2559 2268 2623 prae-

310 2628 588 2706 fatione,
656 2643 723 2693 et
781 2649 989 2693 unum
1045 2626 1453 2710 eundemque
1505 2625 1577 2691 iu
1634 2639 1908 2710 utraque
1963 2625 2270 2707 spiritum

310 2713 787 2797 deprehendes.
898 2713 1232 2779 Constitui
1295 2713 1498 2798 igit-ur
1571 2711 1967 2796 respondere
1992 2711 2077 2791 ⁸),
2155 2709 2271 2775 sed

310 2800 405 2864 ita
449 2808 526 2864 ut
568 2820 709 2878 eos,
769 2820 1045 2882 quorum
1105 2799 1345 2882 scripta
1392 2798 1798 2882 collegerunt
1840 2807 1917 2863 ut
1960 2818 2077 2863 nos
2119 2817 2269 2863 cum

308 2884 448 2951 illis
482 2887 984 2963 committerent,
1024 2886 1314 2962 minime,
1361 2894 1435 2950 ut
1465 2904 1679 2968 spero,
1715 2884 1838 2949 sim
1876 2882 2269 2960 offensurus,

309 2972 605 3054 ipsorum
651 2986 871 3037 autem
915 2969 1357 3054 blasphemias
1404 2992 1533 3035 non
1579 2970 1893 3037 conviciis
1935 2967 2051 3034 sed
2096 2969 2269 3033 veri-

311 3068 449 3124 tate
491 3056 903 3143 redarguam.

482 3143 817 3210 Insulsam
902 3143 1243 3227 Westpkali
1307 3143 1483 3209 illius
1556 3144 1953 3227 farraginem
2034 3141 2185 3225 legi.
2211 3145 2265 3222 ⁶)

306 3229 435 3296 Vis
470 3230 700 3314 paucis
734 3229 987 3297 dicam?
1039 3230 1337 3295 Conatur
1358 3227 1619 3312 quidem
1656 3229 1952 3295 diabolus
1986 3231 2265 3312 sopitam

306 3316 715 3402 tragoediam
760 3317 1064 3396 excitare,
1109 3315 1223 3381 sed
1267 3315 1568 3400 precibus
1610 3326 1678 3380 et
1721 3315 2036 3381 modestia
2078 3315 2265 3380 nobis

305 3400 744 3488 pugnandum
789 3413 965 3486 puto.
1055 3400 1252 3483 Quod
1304 3403 1361 3467 si
1403 3401 1549 3485 quis
1593 3401 1691 3466 illi
1734 3399 2262 3484 respondendum

306 3489 646 3573 putaverit
698 3508 1010 3588 magnum
1070 3485 1512 3554 adhibendum
1583 3486 1898 3553 iudicium
1957 3486 2114 3562 erit,
2181 3508 2264 3552 ne

305 3595 516 3658 parva
555 3573 721 3641 hoec
757 3575 1048 3641 scintilla
1081 3573 1298 3640 maius
1340 3573 1711 3639 incendium
1749 3573 2008 3640 excitet.
2070 3571 2265 3638 Certe

308 3669 449 3726 tam
491 3681 753 3727 crassae
806 3669 964 3726 sunt
1021 3660 1212 3725 istius
1269 3660 1636 3725 calumniae
1696 3667 1770 3724 ut
1826 3659 2265 3741 responsionis

305 3745 532 3812 labore
572 3746 844 3812 minime
888 3747 1130 3830 dignus
1173 3745 1491 3812 videatur.
1516 3747 1572 3824 ⁷)
1648 3743 1782 3812 Sed
1827 3744 1908 3810 de
1953 3744 2058 3810 his
2101 3744 2265 3810 alias

306 3831 627 3898 fortassis.
715 3832 886 3898 Nam
942 3831 1263 3916 quidquid
1316 3851 1355 3895 a
1412 3851 1519 3896 me
1584 3831 1835 3897 editum
1898 3830 2026 3895 erit
2079 3831 2265 3931 prius

305 3929 525 3984 tecum
603 3921 1086 3985 communicare
1163 3915 1419 3985 decrevi
1499 3938 1696 4000 quam
1776 3916 1849 3981 in
1927 3916 2260 3998 pubhcum

514 4157 576 4225 2)
618 4158 703 4225 Of.
738 4173 878 4227 quae
912 4156 1296 4213 αᾶκοωυὲπιω
1330 4157 1406 4211 ed
1418 4156 1667 4225 praeced.
1695 4156 1824 4210 Not.
1844 4155 1895 4208 9.
1913 4155 2081 4210 Bellis·
2108 4170 2264 4223 pree-

297 4227 454 4296 fat-‘0
486 4228 549 4281 fa
580 4241 778 4296 aenon
819 4228 940 4296 aqit
980 4227 1215 4282 owenus
1257 4227 1324 4280 de
1368 4226 1752 4281 controversiis
1788 4225 2148 4294 theoloyorun
2182 4225 2270 4279 rei

303 4297 647 4351 manae
679 4296 948 4362 monia,
986 4295 1307 4362 Moatforrio'
1335 4296 1601 4362 refutatio
1627 4297 1904 4361 speciatim
1921 4301 2116 4350 eontra
2140 4292 2264 4348 Gal·

302 4366 431 4420 οὑκ·
460 4365 635 4419 theses
666 4366 876 4433 scripta
909 4373 1005 4419 eet.
1066 4364 1345 4420 Basileon
1379 4364 1739 4430 molnes-me,
1771 4370 1824 4418 et
1855 4363 2073 4433 quide·
2105 4370 2265 4430 recte,

303 4448 374 4488 a:
414 4432 705 4489 Oratam&
736 4439 787 4488 et
824 4432 1036 4488 Sallen·
1066 4433 1253 4498 literis,
1290 4449 1404 4488 non
1438 4435 1520 4488 ita
1555 4432 1781 4499 difficile
1810 4431 1938 4498 fuit.

513 4502 575 4567 3)
612 4502 728 4557 seil-
763 4503 1122 4558 &beraliorem
1155 4501 1473 4570 theoloqian
1507 4502 1752 4569 spirante
1775 4517 1939 4571 quam
1971 4497 2113 4554 §aad
2148 4515 2261 4553 sae·

510 4571 818 4706 imagis,
853 4657 907 4694 a.
944 4639 1079 4722 leel
1114 4641 1278 4695 odada
1311 4654 1341 4694 ο
1374 4655 1486 4709 qua
1515 4638 1862 4719 praefatio-ao
1893 4639 2058 4719 etiayn
2094 4635 2262 4692 Wart-

294 4708 507 4792 μιῆς
540 4709 732 4790 aitqua
764 4716 1045 4779 excerpta.
1104 4707 1249 4764 Sane
1269 4707 1629 4763 Genavam-0
1662 4711 1916 4776 spumam
1938 4707 2016 4761 ab·
2043 4705 2264 4771 frustra

302 4792 698 4911 Ὓῡο
732 4847 1020 4900 haereticis
1057 4863 1089 4899 a
1123 4845 1270 4901 civili
1306 4847 1627 4915 magistratu
1649 4842 1937 4913 puniendis
1972 4841 2095 4895 adv.
2116 4843 2261 4896 Mar·

302 4915 703 5054 tinisazlffinfia
834 4915 975 4969 ‘nem
1008 4920 1068 4968 et
1093 4931 1356 4969 novorum
1378 4914 1818 4968 Academicorum
1841 4917 2057 4965 sectam.
2103 4911 2259 4966 Oliva

302 4981 375 5039 Β.
901 4982 952 5038 8.
991 4989 1087 5050 (n.
1123 4985 1389 5106 Αἴαντι.
1421 4983 1494 5048 cf.
1531 4983 1734 5037 Baua.
1767 4981 1812 5036 1.
1842 4979 1993 5046 225).
2162 5049 2172 5062 ο

516 5051 574 5120 6)
624 5053 865 5109 Tardius
907 5054 1040 5108 haec
1079 5057 1141 5107 in
1239 5051 1549 5107 elvetiorum
1582 5051 1837 5106 notitiam
1873 5050 2080 5105 venem
2112 5048 2260 5104 vede-

303 5125 459 5244 ...Ἢ
426 5123 950 5247 ·’”ἷ.“ἷ”ει”ἒῖ“.ι..ι,..““
936 5120 1068 5204 ¹⁶⁹²
1092 5121 1476 5259 „ss'ffl'ampm
1476 5120 1918 5244 &mmmmm
1921 5118 2259 5255 mm

302 5272 474 5327 esopo
517 5261 741 5315 auno!
777 5206 1505 5328 managai-affamur·
1545 5229 1654 5328 pro
1700 5256 2036 5326 maphate,
2088 5271 2261 5326 nequ

304 5328 479 5383 «nan
509 5330 725 5397 isam
754 5330 1039 5399 arisque
1064 5329 1251 5398 γονῆα
1281 5333 1553 5384 ruccones·
1586 5325 1841 5383 habau
1871 5325 2101 5380 videtur.

516 5396 578 5464 ¹1)
618 5398 736 5454 Gau·
765 5413 894 5469 erqo
924 5413 1039 5454 aon
1071 5404 1355 5454 &acuum
1368 5394 1399 5449 ?

524 5480 747 5539 Galum
777 5499 961 5553 opero.
1048 5483 1156 5538 Vol.
1198 5481 1258 5536 X
1270 5483 1326 5536 V.

4243 472 4330 531 98

2372 645 2609 712 edatur
2625 699 2640 725 ,
2715 667 2798 713 ne
2857 655 3105 715 temere
3159 648 3519 734 quidquam
3574 652 3842 736 aggredi
3900 654 4149 735 videar,
4211 664 4332 722 aut

2371 733 2704 798 tumultus
2765 733 2931 800 ullos
2985 737 3055 800 in
3110 736 3384 802 ecclesia
3426 735 3699 803 Domini
3753 741 4064 818 excitare,
4124 764 4329 826 quam

2375 820 2630 884 utinam
2672 817 3003 886 Dominus
3045 820 3127 886 ab
3171 821 3316 887 istis
3358 824 3670 889 monstris
3713 836 4043 911 repurget.

2548 903 2897 971 Caeterum
2960 905 3138 971 aliud
3192 917 3532 990 praeterea
3587 908 3758 991 quod
3804 910 3888 977 ad
3929 927 3996 978 te
4041 912 4330 980 scribam

2373 991 2529 1054 novi
2573 990 2744 1055 nihil
2787 991 3026 1071 habeo,
3081 993 3209 1057 nisi
3262 991 3433 1076 quod
3488 1004 3794 1061 constans
3847 1008 3948 1062 est
3989 999 4162 1082 apud
4206 1020 4332 1067 nos

2375 1096 2628 1155 rumor,
2702 1077 3065 1143 Iezabelem
3133 1078 3317 1143 illam
3387 1080 3711 1163 anglicam
3735 1085 3790 1163 ⁸)
3858 1084 4328 1150 crudelissimis

2374 1161 2681 1227 caedibus
2724 1172 2929 1228 totam
2954 1163 3269 1247 Angliam
3301 1167 3694 1247 implevisse.
3764 1164 3839 1232 Si
3885 1167 4040 1251 quid
4083 1172 4329 1237 certius

2373 1247 2810 1326 intellexeris,
2867 1248 3177 1332 quidquid
3221 1249 3386 1315 illud
3430 1252 3556 1316 erit
3599 1253 3698 1317 fac
3741 1263 3817 1317 ut
3858 1254 4326 1340 intelligamus.

2375 1332 2606 1412 Serva,
2650 1334 2964 1413 Domine,
3020 1335 3247 1401 fideles
3303 1356 3529 1403 servos
3585 1348 3730 1405 tuos
3787 1341 3898 1422 qui
3950 1342 4330 1424 paucissimi

2374 1428 2549 1499 sunt,
2596 1430 2727 1499 aut,
2773 1420 2831 1485 si
2873 1420 2967 1485 ita
3007 1421 3372 1499 decrevisti,
3416 1423 3682 1488 illorum
3725 1426 3974 1493 invicta
4009 1429 4334 1510 patientia

2373 1514 2441 1571 et
2481 1506 2851 1572 constantia
2892 1507 3232 1573 ecclesiam
3277 1515 3462 1573 tuam
3505 1513 3835 1576 confirma.

2547 1592 2733 1657 Bene
2775 1590 2945 1671 vale,
2992 1594 3081 1657 mi
3126 1601 3330 1677 pater.
3403 1594 3721 1661 Dominus
3747 1597 3932 1664 Iesus
3967 1598 4087 1663 tibi
4130 1596 4327 1664 bene-

2373 1675 2588 1743 dicere
2630 1687 2860 1761 pergat
2915 1688 3110 1761 teque
3167 1679 3377 1745 indies
3439 1683 3648 1766 magis
3705 1703 3780 1749 ac
3835 1683 4045 1767 magis
4089 1685 4327 1750 confir-

2372 1783 2573 1828 mare.
2681 1762 2992 1829 Salutaut
3050 1774 3118 1831 te
3171 1773 3588 1849 vestramque
3644 1768 3984 1834 ecclesiam
4067 1789 4327 1836 mecum

2372 1850 2610 1914 fratres
2666 1870 2894 1915 omues
2939 1852 3140 1916 totius
3185 1860 3448 1917 nostrae
3504 1853 3831 1920 ecclesiae.
3931 1856 4327 1921 Lausanuae

2369 1936 2458 2000 iv.
2506 1934 2644 2002 Cal.
2692 1936 2958 2019 Aprilis.

2544 2021 2722 2087 Eum
2766 2021 2878 2104 qui
2920 2020 3040 2086 tibi
3084 2022 3203 2087 has
3254 2021 3477 2088 literas
3511 2022 3749 2102 reddit,
3796 2025 4131 2092 homiuem
4174 2026 4326 2094 doc·-

2371 2107 2703 2174 tissimum
2760 2118 2828 2173 et
2882 2107 3048 2172 mihi
3106 2108 3591 2182 amicissimum,
3653 2132 3810 2194 rogo
3870 2121 3941 2176 ut
3997 2135 4326 2179 commen-

2371 2191 2779 2260 datissimum
2829 2194 3084 2261 habeas.

3569 2282 3689 2346 Th.
3738 2282 3916 2349 Besa

3000 2383 3177 2448 filius
3221 2382 3337 2448 tibi
3378 2385 3446 2447 in
3493 2385 3779 2449 Domino
3823 2386 4330 2455 addictissimus.

3256 2914 3440 2983 1937.

2920 3066 3288 3136 PACEUS
3331 3067 3769 3137 CALVINO.

2543 3237 2825 3323 Exponit
2882 3241 3028 3321 quis
3085 3241 3169 3306 sit
3205 3246 3408 3307 status
3465 3262 3678 3307 rerum
3733 3244 3801 3308 in
3851 3243 4153 3318 Saxonia,
4213 3245 4324 3310 ubi

2368 3325 2642 3407 episcopi
2675 3331 2942 3407 quatuor
2975 3326 3345 3410 evanqezicis
3377 3329 3622 3411 περσεία
3653 3329 3972 3409 facessunt
4012 3335 4071 3395 et
4100 3330 4326 3398 variae

2367 3412 2814 3563 §egotam-{iae
2861 3411 3149 3478 eeclesias
3182 3413 3449 3478 turbant.
3537 3412 3766 3479 Omnia
3799 3415 4038 3480 calamo
4080 3421 4138 3480 et
4174 3416 4322 3481 stilo

2679 3669 2792 3733 (Ex
2830 3668 3169 3738 autographo
3205 3669 3334 3723 Cod.
3371 3667 3574 3722 Geuev.
3618 3668 3733 3734 113,
3769 3671 3862 3728 fol.
3898 3669 4008 3734 95.)

2674 3840 2952 3908 Calvino
3024 3839 3337 3905 ecclesiae
3396 3839 3858 3906 Gebennensis
3933 3841 4319 3907 administro

3086 3923 3480 3990 fidelissimo.
3526 3924 3595 3991 S.

2366 3841 2599 3908 Ioanni

2539 4063 2609 4130 S.
2657 4065 2733 4130 P.
2800 4062 3151 4128 Doluimus
3189 4062 3614 4128 vehementer
3656 4065 3853 4128 etiam
3890 4072 4082 4148 atque
4115 4065 4315 4130 etiam

2366 4150 2535 4234 quod
2598 4149 2813 4216 virtus
2870 4149 2986 4214 illa
3027 4157 3146 4213 tua
3188 4158 3256 4213 et
3298 4148 3686 4215 excellentia
3742 4149 4112 4234 singularis,
4170 4158 4314 4217 tuo-

2366 4256 2647 4319 rumque
2668 4235 3065 4319 collegarum
3088 4243 3282 4317 atque
3304 4235 3464 4300 adeo
3485 4234 3796 4301 ecclesiae
3831 4235 4033 4302 totius
4056 4245 4314 4303 vestrae

2365 4322 2578 4406 pietas
2618 4321 2927 4388 inciderit
2959 4321 3031 4385 in
3064 4318 3397 4386 hominem
3432 4319 3621 4386 illum
3656 4321 3986 4400 miserum,
4011 4326 4062 4397 ¹)
4106 4322 4314 4387 nemi—

2365 4409 2582 4490 nique,
2627 4415 2704 4472 ut
2780 4415 2892 4472 uto
2927 4404 3246 4489 equidem,
3293 4415 3408 4471 aut
3445 4417 3622 4472 certe
3665 4426 3862 4489 quam
3905 4407 4314 4491 paucissimis

2363 4494 2466 4560 sui
2534 4428 2891 4573 similibus,
2962 4493 3128 4557 forte
3180 4492 3490 4558 Semissis
3542 4490 3901 4575 Sardisque
3973 4491 4315 4558 venalibus

2363 4579 2821 4647 miserabilem.
2889 4577 3022 4660 Qui
3067 4577 3433 4662 dignissimi
3478 4578 3621 4643 sitis
3654 4580 3724 4643 iu
3767 4578 4006 4663 gaudio
4040 4578 4314 4661 spiritus

2363 4667 2572 4732 sancti
2617 4673 2935 4750 perpetuo
2979 4673 3047 4729 et
3087 4663 3460 4731 incessabili
3500 4672 3636 4729 tam
3681 4663 3866 4730 nobis
3912 4684 4108 4746 quam
4164 4664 4314 4730 aliis

2362 4751 2607 4835 ubique
2645 4750 2954 4817 fratribus
2988 4751 3233 4834 gnesiis
3280 4748 3645 4815 enarrando
3682 4750 4037 4832 scripturas
4072 4770 4312 4829 sacras,

2362 4836 2760 4904 consolando
2815 4834 3215 4904 aedificando
3274 4835 3608 4901 elaborare
3662 4834 4112 4917 inservii-eque
4167 4836 4314 4902 sine

2361 4922 2889 5008 interpellatione
2922 4922 3059 4988 ulla
3100 4934 3216 4988 aut
3247 4921 3711 5005 impedimento
3746 4942 4033 5004 uuquam
4072 4921 4312 5006 aliquo.

2361 5009 2497 5076 Sed
2541 5019 2611 5074 et
2653 5008 3178 5096 adversariorum
3237 5008 3475 5091 alioqui
3530 5008 3678 5089 plus
3731 5010 3892 5073 satis
3935 5017 4038 5073 est
4081 5010 4318 5074 etiam-

2358 5116 2517 5161 num
2563 5094 2737 5178 apud
2782 5095 3089 5179 papistas.

2563 5317 2625 5382 8)
2665 5318 2913 5374 Mariam
2944 5319 3207 5388 remitam.

2359 5385 2537 5443 108⁷.
2566 5389 2623 5451 1)
2667 5385 2944 5441 Βονυααα
2969 5393 3122 5457 puta.
