<?xml version="1.0" encoding="UTF-8"?>
<!DOCTYPE html PUBLIC "-//W3C//DTD XHTML 1.0 Transitional//EN"
    "http://www.w3.org/TR/xhtml1/DTD/xhtml1-transitional.dtd">
<html xmlns="http://www.w3.org/1999/xhtml" xml:lang="en" lang="en">
 <head>
  <title>
</title>
<meta http-equiv="Content-Type" content="text/html;charset=utf-8" />
  <meta name='ocr-system' content='tesseract 3.04.00' />
  <meta name='ocr-capabilities' content='ocr_page ocr_carea ocr_par ocr_line ocrx_word'/>
</head>
<body>
  <div class='ocr_page' id='page_1' title='image "./ioanniscalvinio09unkngoog_0453.png"; bbox 0 0 4850 6200; ppageno 0'>
   <div class='ocr_carea' id='block_1_1' title="bbox 43 362 55 1487">
    <p class='ocr_par' dir='ltr' id='par_1_1' title="bbox 43 362 55 1487">
     <span class='ocr_line' id='line_1_1' title="bbox 43 362 55 1487; baseline 0 0"><span class='ocrx_word' id='word_1_1' title='bbox 43 362 55 1487; x_wconf 95' lang='lat' dir='ltr'> </span> 
     </span>
    </p>
   </div>
   <div class='ocr_carea' id='block_1_2' title="bbox 43 362 56 1487">
    <p class='ocr_par' dir='ltr' id='par_1_2' title="bbox 43 362 56 1487">
     <span class='ocr_line' id='line_1_2' title="bbox 43 362 56 1487; baseline 0 0"><span class='ocrx_word' id='word_1_2' title='bbox 43 362 56 1487; x_wconf 95' lang='lat' dir='ltr'> </span> 
     </span>
    </p>
   </div>
   <div class='ocr_carea' id='block_1_3' title="bbox 43 362 56 1487">
    <p class='ocr_par' dir='ltr' id='par_1_3' title="bbox 43 362 56 1487">
     <span class='ocr_line' id='line_1_3' title="bbox 43 362 56 1487; baseline 0 0"><span class='ocrx_word' id='word_1_3' title='bbox 43 362 56 1487; x_wconf 95' lang='lat' dir='ltr'> </span> 
     </span>
    </p>
   </div>
   <div class='ocr_carea' id='block_1_4' title="bbox 25 362 55 3374">
    <p class='ocr_par' dir='ltr' id='par_1_4' title="bbox 25 362 55 3374">
     <span class='ocr_line' id='line_1_4' title="bbox 25 362 55 3374; baseline 0 0"><span class='ocrx_word' id='word_1_4' title='bbox 25 362 55 3374; x_wconf 95' lang='lat' dir='ltr'> </span> 
     </span>
    </p>
   </div>
   <div class='ocr_carea' id='block_1_5' title="bbox 25 362 55 3374">
    <p class='ocr_par' dir='ltr' id='par_1_5' title="bbox 25 362 55 3374">
     <span class='ocr_line' id='line_1_5' title="bbox 25 362 55 3374; baseline 0 0"><span class='ocrx_word' id='word_1_5' title='bbox 25 362 55 3374; x_wconf 95' lang='lat' dir='ltr'> </span> 
     </span>
    </p>
   </div>
   <div class='ocr_carea' id='block_1_6' title="bbox 25 362 55 3374">
    <p class='ocr_par' dir='ltr' id='par_1_6' title="bbox 25 362 55 3374">
     <span class='ocr_line' id='line_1_6' title="bbox 25 362 55 3374; baseline 0 0"><span class='ocrx_word' id='word_1_6' title='bbox 25 362 55 3374; x_wconf 95' lang='lat' dir='ltr'> </span> 
     </span>
    </p>
   </div>
   <div class='ocr_carea' id='block_1_7' title="bbox 25 362 55 3374">
    <p class='ocr_par' dir='ltr' id='par_1_7' title="bbox 25 362 55 3374">
     <span class='ocr_line' id='line_1_7' title="bbox 25 362 55 3374; baseline 0 0"><span class='ocrx_word' id='word_1_7' title='bbox 25 362 55 3374; x_wconf 95' lang='lat' dir='ltr'> </span> 
     </span>
    </p>
   </div>
   <div class='ocr_carea' id='block_1_8' title="bbox 25 362 55 3374">
    <p class='ocr_par' dir='ltr' id='par_1_8' title="bbox 25 362 55 3374">
     <span class='ocr_line' id='line_1_8' title="bbox 25 362 55 3374; baseline 0 0"><span class='ocrx_word' id='word_1_8' title='bbox 25 362 55 3374; x_wconf 95' lang='lat' dir='ltr'> </span> 
     </span>
    </p>
   </div>
   <div class='ocr_carea' id='block_1_9' title="bbox 25 362 55 3374">
    <p class='ocr_par' dir='ltr' id='par_1_9' title="bbox 25 362 55 3374">
     <span class='ocr_line' id='line_1_9' title="bbox 25 362 55 3374; baseline 0 0"><span class='ocrx_word' id='word_1_9' title='bbox 25 362 55 3374; x_wconf 95' lang='lat' dir='ltr'> </span> 
     </span>
    </p>
   </div>
   <div class='ocr_carea' id='block_1_10' title="bbox 341 441 467 504">
    <p class='ocr_par' dir='ltr' id='par_1_10' title="bbox 341 441 467 504">
     <span class='ocr_line' id='line_1_10' title="bbox 341 441 467 504; baseline 0 -1"><span class='ocrx_word' id='word_1_10' title='bbox 341 441 467 504; x_wconf 83' lang='grc'>878</span> 
     </span>
    </p>
   </div>
   <div class='ocr_carea' id='block_1_11' title="bbox 320 625 2296 4757">
    <p class='ocr_par' dir='ltr' id='par_1_11' title="bbox 338 625 2296 971">
     <span class='ocr_line' id='line_1_11' title="bbox 342 625 2296 712; baseline 0.001 -19"><span class='ocrx_word' id='word_1_11' title='bbox 342 628 674 705; x_wconf 75' lang='lat' dir='ltr'>sensisset,</span> <span class='ocrx_word' id='word_1_12' title='bbox 719 648 842 693; x_wconf 91' lang='lat' dir='ltr'>nec</span> <span class='ocrx_word' id='word_1_13' title='bbox 863 625 1211 694; x_wconf 81' lang='lat' dir='ltr'>Saxonicis</span> <span class='ocrx_word' id='word_1_14' title='bbox 1235 628 1701 695; x_wconf 78' lang='lat' dir='ltr'>assertionibus</span> <span class='ocrx_word' id='word_1_15' title='bbox 1743 630 1815 693; x_wconf 91' lang='lat' dir='ltr'>in</span> <span class='ocrx_word' id='word_1_16' title='bbox 1849 629 2113 712; x_wconf 87' lang='lat' dir='ltr'>negotio</span> <span class='ocrx_word' id='word_1_17' title='bbox 2148 648 2296 694; x_wconf 89' lang='lat' dir='ltr'>coe-</span> 
     </span>
     <span class='ocr_line' id='line_1_12' title="bbox 340 712 2293 798; baseline 0 -19"><span class='ocrx_word' id='word_1_18' title='bbox 340 734 465 779; x_wconf 91' lang='lat' dir='ltr'>nae</span> <span class='ocrx_word' id='word_1_19' title='bbox 518 712 882 779; x_wconf 89' lang='lat' dir='ltr'>dominicae</span> <span class='ocrx_word' id='word_1_20' title='bbox 931 735 1051 797; x_wconf 91' lang='lat' dir='ltr'>pro</span> <span class='ocrx_word' id='word_1_21' title='bbox 1104 713 1368 780; x_wconf 87' lang='lat' dir='ltr'>illorum</span> <span class='ocrx_word' id='word_1_22' title='bbox 1423 725 1581 781; x_wconf 82' lang='lat' dir='ltr'>voto</span> <span class='ocrx_word' id='word_1_23' title='bbox 1624 714 2134 798; x_wconf 76' lang='lat' dir='ltr'>subscripsisset,</span> <span class='ocrx_word' id='word_1_24' title='bbox 2181 714 2293 779; x_wconf 93' lang='lat' dir='ltr'>sed</span> 
     </span>
     <span class='ocr_line' id='line_1_13' title="bbox 339 798 2294 885; baseline 0.001 -20"><span class='ocrx_word' id='word_1_25' title='bbox 339 801 572 885; x_wconf 88' lang='lat' dir='ltr'>magis,</span> <span class='ocrx_word' id='word_1_26' title='bbox 616 800 673 865; x_wconf 90' lang='lat' dir='ltr'>si</span> <span class='ocrx_word' id='word_1_27' title='bbox 696 798 945 866; x_wconf 87' lang='lat' dir='ltr'>diutius</span> <span class='ocrx_word' id='word_1_28' title='bbox 987 800 1219 867; x_wconf 86' lang='lat' dir='ltr'>fuisset</span> <span class='ocrx_word' id='word_1_29' title='bbox 1254 810 1606 884; x_wconf 87' lang='lat' dir='ltr'>superstes,</span> <span class='ocrx_word' id='word_1_30' title='bbox 1648 799 2076 885; x_wconf 81' lang='lat' dir='ltr'>adprobasset</span> <span class='ocrx_word' id='word_1_31' title='bbox 2109 820 2294 885; x_wconf 89' lang='lat' dir='ltr'>pere-</span> 
     </span>
     <span class='ocr_line' id='line_1_14' title="bbox 338 885 1662 971; baseline 0.001 -20"><span class='ocrx_word' id='word_1_32' title='bbox 338 888 682 971; x_wconf 88' lang='lat' dir='ltr'>grinorum</span> <span class='ocrx_word' id='word_1_33' title='bbox 726 887 799 951; x_wconf 91' lang='lat' dir='ltr'>in</span> <span class='ocrx_word' id='word_1_34' title='bbox 843 887 968 952; x_wconf 87' lang='lat' dir='ltr'>hac</span> <span class='ocrx_word' id='word_1_35' title='bbox 1017 907 1091 953; x_wconf 89' lang='lat' dir='ltr'>re</span> <span class='ocrx_word' id='word_1_36' title='bbox 1133 885 1496 953; x_wconf 87' lang='lat' dir='ltr'>doctrinam</span> <span class='ocrx_word' id='word_1_37' title='bbox 1539 898 1662 953; x_wconf 91' lang='lat' dir='ltr'>etc.</span> 
     </span>
    </p>

    <p class='ocr_par' dir='ltr' id='par_1_12' title="bbox 320 972 2295 4244">
     <span class='ocr_line' id='line_1_15' title="bbox 511 972 2295 1058; baseline -0.001 -21"><span class='ocrx_word' id='word_1_38' title='bbox 511 973 699 1039; x_wconf 90' lang='lat' dir='ltr'>Haec</span> <span class='ocrx_word' id='word_1_39' title='bbox 736 982 804 1037; x_wconf 90' lang='lat' dir='ltr'>et</span> <span class='ocrx_word' id='word_1_40' title='bbox 837 972 985 1046; x_wconf 88' lang='lat' dir='ltr'>alia,</span> <span class='ocrx_word' id='word_1_41' title='bbox 1010 973 1419 1056; x_wconf 84' lang='lat' dir='ltr'>pientissimo</span> <span class='ocrx_word' id='word_1_42' title='bbox 1440 975 1563 1053; x_wconf 78' lang='lat' dir='ltr'>vir,</span> <span class='ocrx_word' id='word_1_43' title='bbox 1601 992 1770 1058; x_wconf 91' lang='lat' dir='ltr'>quae</span> <span class='ocrx_word' id='word_1_44' title='bbox 1792 992 2097 1038; x_wconf 90' lang='lat' dir='ltr'>successu</span> <span class='ocrx_word' id='word_1_45' title='bbox 2127 985 2295 1036; x_wconf 89' lang='lat' dir='ltr'>tem-</span> 
     </span>
     <span class='ocr_line' id='line_1_16' title="bbox 337 1057 2293 1144; baseline -0.002 -21"><span class='ocrx_word' id='word_1_46' title='bbox 337 1058 515 1143; x_wconf 88' lang='lat' dir='ltr'>poris</span> <span class='ocrx_word' id='word_1_47' title='bbox 571 1059 713 1124; x_wconf 91' lang='lat' dir='ltr'>Deo</span> <span class='ocrx_word' id='word_1_48' title='bbox 762 1059 1006 1142; x_wconf 90' lang='lat' dir='ltr'>optimo</span> <span class='ocrx_word' id='word_1_49' title='bbox 1049 1060 1339 1124; x_wconf 87' lang='lat' dir='ltr'>maximo</span> <span class='ocrx_word' id='word_1_50' title='bbox 1373 1061 1814 1144; x_wconf 83' lang='lat' dir='ltr'>permittente,</span> <span class='ocrx_word' id='word_1_51' title='bbox 1858 1080 1990 1123; x_wconf 91' lang='lat' dir='ltr'>non</span> <span class='ocrx_word' id='word_1_52' title='bbox 2034 1057 2293 1123; x_wconf 85' lang='lat' dir='ltr'>caelan-</span> 
     </span>
     <span class='ocr_line' id='line_1_17' title="bbox 336 1143 2293 1231; baseline -0.001 -21"><span class='ocrx_word' id='word_1_53' title='bbox 336 1150 512 1223; x_wconf 75' lang='lat' dir='ltr'>tes’‚</span> <span class='ocrx_word' id='word_1_54' title='bbox 560 1166 666 1210; x_wconf 92' lang='lat' dir='ltr'>me</span> <span class='ocrx_word' id='word_1_55' title='bbox 709 1166 787 1209; x_wconf 90' lang='lat' dir='ltr'>eo</span> <span class='ocrx_word' id='word_1_56' title='bbox 848 1143 1288 1229; x_wconf 76' lang='lat' dir='ltr'>redigerunt·</span> <span class='ocrx_word' id='word_1_57' title='bbox 1350 1162 1425 1211; x_wconf 88' lang='lat' dir='ltr'>ut</span> <span class='ocrx_word' id='word_1_58' title='bbox 1480 1146 1675 1231; x_wconf 89' lang='lat' dir='ltr'>plane</span> <span class='ocrx_word' id='word_1_59' title='bbox 1719 1143 1938 1210; x_wconf 89' lang='lat' dir='ltr'>decori</span> <span class='ocrx_word' id='word_1_60' title='bbox 1983 1154 2052 1209; x_wconf 91' lang='lat' dir='ltr'>et</span> <span class='ocrx_word' id='word_1_61' title='bbox 2094 1143 2293 1209; x_wconf 87' lang='lat' dir='ltr'>officii</span> 
     </span>
     <span class='ocr_line' id='line_1_18' title="bbox 336 1229 2292 1312; baseline -0.001 -17"><span class='ocrx_word' id='word_1_62' title='bbox 336 1232 468 1295; x_wconf 90' lang='lat' dir='ltr'>mei</span> <span class='ocrx_word' id='word_1_63' title='bbox 504 1231 850 1295; x_wconf 89' lang='lat' dir='ltr'>immemor</span> <span class='ocrx_word' id='word_1_64' title='bbox 892 1232 1211 1297; x_wconf 87' lang='lat' dir='ltr'>hactenus</span> <span class='ocrx_word' id='word_1_65' title='bbox 1253 1229 1338 1297; x_wconf 91' lang='lat' dir='ltr'>ad</span> <span class='ocrx_word' id='word_1_66' title='bbox 1372 1232 1600 1298; x_wconf 81' lang='lat' dir='ltr'>literas</span> <span class='ocrx_word' id='word_1_67' title='bbox 1649 1240 1800 1295; x_wconf 89' lang='lat' dir='ltr'>tuas</span> <span class='ocrx_word' id='word_1_68' title='bbox 1843 1250 1976 1294; x_wconf 94' lang='lat' dir='ltr'>non</span> <span class='ocrx_word' id='word_1_69' title='bbox 2022 1250 2292 1312; x_wconf 86' lang='lat' dir='ltr'>respon-</span> 
     </span>
     <span class='ocr_line' id='line_1_19' title="bbox 337 1314 2294 1399; baseline -0.001 -19"><span class='ocrx_word' id='word_1_70' title='bbox 337 1316 567 1381; x_wconf 89' lang='lat' dir='ltr'>derim.</span> <span class='ocrx_word' id='word_1_71' title='bbox 661 1317 848 1395; x_wconf 88' lang='lat' dir='ltr'>Erat,</span> <span class='ocrx_word' id='word_1_72' title='bbox 931 1316 1102 1399; x_wconf 92' lang='lat' dir='ltr'>quod</span> <span class='ocrx_word' id='word_1_73' title='bbox 1170 1318 1392 1383; x_wconf 92' lang='lat' dir='ltr'>Deum</span> <span class='ocrx_word' id='word_1_74' title='bbox 1458 1326 1683 1390; x_wconf 89' lang='lat' dir='ltr'>testor,</span> <span class='ocrx_word' id='word_1_75' title='bbox 1748 1316 1807 1382; x_wconf 91' lang='lat' dir='ltr'>si</span> <span class='ocrx_word' id='word_1_76' title='bbox 1869 1315 2007 1381; x_wconf 88' lang='lat' dir='ltr'>fata</span> <span class='ocrx_word' id='word_1_77' title='bbox 2065 1314 2294 1397; x_wconf 82' lang='lat' dir='ltr'>agnati</span> 
     </span>
     <span class='ocr_line' id='line_1_20' title="bbox 333 1401 2292 1487; baseline -0.001 -21"><span class='ocrx_word' id='word_1_78' title='bbox 333 1403 486 1480; x_wconf 92' lang='lat' dir='ltr'>mei,</span> <span class='ocrx_word' id='word_1_79' title='bbox 555 1412 634 1466; x_wconf 89' lang='lat' dir='ltr'>ut</span> <span class='ocrx_word' id='word_1_80' title='bbox 681 1403 813 1467; x_wconf 91' lang='lat' dir='ltr'>iam</span> <span class='ocrx_word' id='word_1_81' title='bbox 873 1402 1092 1479; x_wconf 86' lang='lat' dir='ltr'>retuli,</span> <span class='ocrx_word' id='word_1_82' title='bbox 1148 1404 1472 1483; x_wconf 86' lang='lat' dir='ltr'>tulissent,</span> <span class='ocrx_word' id='word_1_83' title='bbox 1548 1401 1720 1487; x_wconf 92' lang='lat' dir='ltr'>quod</span> <span class='ocrx_word' id='word_1_84' title='bbox 1775 1412 1912 1466; x_wconf 90' lang='lat' dir='ltr'>tum</span> <span class='ocrx_word' id='word_1_85' title='bbox 1977 1402 2292 1486; x_wconf 88' lang='lat' dir='ltr'>temporis</span> 
     </span>
     <span class='ocr_line' id='line_1_21' title="bbox 334 1486 2292 1572; baseline -0.001 -20"><span class='ocrx_word' id='word_1_86' title='bbox 334 1486 419 1552; x_wconf 90' lang='lat' dir='ltr'>ad</span> <span class='ocrx_word' id='word_1_87' title='bbox 474 1498 544 1553; x_wconf 87' lang='lat' dir='ltr'>te</span> <span class='ocrx_word' id='word_1_88' title='bbox 589 1489 876 1554; x_wconf 83' lang='lat' dir='ltr'>scribere</span> <span class='ocrx_word' id='word_1_89' title='bbox 919 1489 1245 1568; x_wconf 80' lang='lat' dir='ltr'>volebam,</span> <span class='ocrx_word' id='word_1_90' title='bbox 1302 1501 1369 1555; x_wconf 87' lang='lat' dir='ltr'>et</span> <span class='ocrx_word' id='word_1_91' title='bbox 1402 1498 1545 1555; x_wconf 90' lang='lat' dir='ltr'>erat</span> <span class='ocrx_word' id='word_1_92' title='bbox 1577 1496 2040 1572; x_wconf 83' lang='lat' dir='ltr'>argumentum</span> <span class='ocrx_word' id='word_1_93' title='bbox 2088 1496 2155 1551; x_wconf 90' lang='lat' dir='ltr'>et</span> <span class='ocrx_word' id='word_1_94' title='bbox 2197 1487 2292 1551; x_wconf 92' lang='lat' dir='ltr'>in·</span> 
     </span>
     <span class='ocr_line' id='line_1_22' title="bbox 332 1573 2290 1659; baseline -0.001 -20"><span class='ocrx_word' id='word_1_95' title='bbox 332 1574 564 1639; x_wconf 77' lang='lat' dir='ltr'>ventio</span> <span class='ocrx_word' id='word_1_96' title='bbox 629 1574 946 1659; x_wconf 88' lang='lat' dir='ltr'>epistolae</span> <span class='ocrx_word' id='word_1_97' title='bbox 1011 1595 1195 1640; x_wconf 88' lang='lat' dir='ltr'>meae</span> <span class='ocrx_word' id='word_1_98' title='bbox 1263 1577 1333 1641; x_wconf 91' lang='lat' dir='ltr'>in</span> <span class='ocrx_word' id='word_1_99' title='bbox 1396 1586 1733 1659; x_wconf 84' lang='lat' dir='ltr'>promptu:</span> <span class='ocrx_word' id='word_1_100' title='bbox 1780 1594 1886 1639; x_wconf 91' lang='lat' dir='ltr'>me</span> <span class='ocrx_word' id='word_1_101' title='bbox 1930 1573 2290 1656; x_wconf 90' lang='lat' dir='ltr'>plurimum</span> 
     </span>
     <span class='ocr_line' id='line_1_23' title="bbox 331 1658 2293 1746; baseline -0.001 -22"><span class='ocrx_word' id='word_1_102' title='bbox 331 1659 623 1746; x_wconf 88' lang='lat' dir='ltr'>gaudere</span> <span class='ocrx_word' id='word_1_103' title='bbox 669 1661 839 1744; x_wconf 91' lang='lat' dir='ltr'>quod</span> <span class='ocrx_word' id='word_1_104' title='bbox 862 1661 1300 1746; x_wconf 81' lang='lat' dir='ltr'>intelligerem</span> <span class='ocrx_word' id='word_1_105' title='bbox 1323 1670 1615 1727; x_wconf 80' lang='lat' dir='ltr'>veterem</span> <span class='ocrx_word' id='word_1_106' title='bbox 1639 1660 1818 1725; x_wconf 89' lang='lat' dir='ltr'>illam</span> <span class='ocrx_word' id='word_1_107' title='bbox 1857 1658 2214 1724; x_wconf 73' lang='lat' dir='ltr'>amicitiam</span> <span class='ocrx_word' id='word_1_108' title='bbox 2233 1660 2293 1734; x_wconf 72' lang='lat'>⁴)</span> 
     </span>
     <span class='ocr_line' id='line_1_24' title="bbox 331 1745 2290 1831; baseline -0.001 -19"><span class='ocrx_word' id='word_1_109' title='bbox 331 1760 398 1813; x_wconf 92' lang='lat' dir='ltr'>et</span> <span class='ocrx_word' id='word_1_110' title='bbox 421 1747 957 1827; x_wconf 79' lang='lat' dir='ltr'>familiaritatem,</span> <span class='ocrx_word' id='word_1_111' title='bbox 984 1769 1177 1831; x_wconf 86' lang='lat' dir='ltr'>quam</span> <span class='ocrx_word' id='word_1_112' title='bbox 1202 1749 1275 1812; x_wconf 93' lang='lat' dir='ltr'>in</span> <span class='ocrx_word' id='word_1_113' title='bbox 1297 1748 1574 1812; x_wconf 88' lang='lat' dir='ltr'>comitiis</span> <span class='ocrx_word' id='word_1_114' title='bbox 1597 1745 2044 1830; x_wconf 87' lang='lat' dir='ltr'>imperialibus</span> <span class='ocrx_word' id='word_1_115' title='bbox 2067 1745 2290 1810; x_wconf 84' lang='lat' dir='ltr'>Ratis-</span> 
     </span>
     <span class='ocr_line' id='line_1_25' title="bbox 328 1831 2291 1918; baseline -0.001 -20"><span class='ocrx_word' id='word_1_116' title='bbox 328 1854 542 1918; x_wconf 86' lang='lat' dir='ltr'>ponae</span> <span class='ocrx_word' id='word_1_117' title='bbox 587 1854 760 1898; x_wconf 89' lang='lat' dir='ltr'>anno</span> <span class='ocrx_word' id='word_1_118' title='bbox 817 1839 963 1897; x_wconf 77' lang='grc'><strong>1541</strong></span> <span class='ocrx_word' id='word_1_119' title='bbox 1021 1832 1262 1899; x_wconf 89' lang='lat' dir='ltr'>habitis</span> <span class='ocrx_word' id='word_1_120' title='bbox 1304 1834 1376 1899; x_wconf 89' lang='lat' dir='ltr'>in</span> <span class='ocrx_word' id='word_1_121' title='bbox 1418 1832 1704 1916; x_wconf 88' lang='lat' dir='ltr'>hospitio</span> <span class='ocrx_word' id='word_1_122' title='bbox 1748 1831 2114 1915; x_wconf 86' lang='lat' dir='ltr'>legatorum</span> <span class='ocrx_word' id='word_1_123' title='bbox 2159 1832 2291 1896; x_wconf 86' lang='lat' dir='ltr'>Ar-</span> 
     </span>
     <span class='ocr_line' id='line_1_26' title="bbox 330 1918 2290 2004; baseline -0.002 -20"><span class='ocrx_word' id='word_1_124' title='bbox 330 1920 830 2004; x_wconf 83' lang='lat' dir='ltr'>gentinensium</span> <span class='ocrx_word' id='word_1_125' title='bbox 884 1920 1198 1985; x_wconf 84' lang='lat' dir='ltr'>inivimus</span> <span class='ocrx_word' id='word_1_126' title='bbox 1260 1928 1330 1984; x_wconf 90' lang='lat' dir='ltr'>et</span> <span class='ocrx_word' id='word_1_127' title='bbox 1370 1919 1745 1995; x_wconf 83' lang='lat' dir='ltr'>habuimus,</span> <span class='ocrx_word' id='word_1_128' title='bbox 1791 1918 2290 2001; x_wconf 89' lang='lat' dir='ltr'>peregrinorum</span> 
     </span>
     <span class='ocr_line' id='line_1_27' title="bbox 328 2003 2292 2087; baseline -0.002 -16"><span class='ocrx_word' id='word_1_129' title='bbox 328 2007 598 2071; x_wconf 91' lang='lat' dir='ltr'>nomine</span> <span class='ocrx_word' id='word_1_130' title='bbox 633 2004 852 2072; x_wconf 89' lang='lat' dir='ltr'>oblata</span> <span class='ocrx_word' id='word_1_131' title='bbox 896 2006 1233 2070; x_wconf 90' lang='lat' dir='ltr'>occasione</span> <span class='ocrx_word' id='word_1_132' title='bbox 1282 2006 1414 2071; x_wconf 90' lang='lat' dir='ltr'>iam</span> <span class='ocrx_word' id='word_1_133' title='bbox 1458 2005 1784 2070; x_wconf 88' lang='lat' dir='ltr'>renovari.</span> <span class='ocrx_word' id='word_1_134' title='bbox 1855 2004 1949 2069; x_wconf 87' lang='lat' dir='ltr'>Et</span> <span class='ocrx_word' id='word_1_135' title='bbox 1989 2003 2292 2087; x_wconf 83' lang='lat' dir='ltr'>quamvis</span> 
     </span>
     <span class='ocr_line' id='line_1_28' title="bbox 328 2091 2292 2176; baseline -0.002 -19"><span class='ocrx_word' id='word_1_136' title='bbox 328 2092 556 2169; x_wconf 91' lang='lat' dir='ltr'>sciam,</span> <span class='ocrx_word' id='word_1_137' title='bbox 625 2112 819 2174; x_wconf 88' lang='lat' dir='ltr'>quam</span> <span class='ocrx_word' id='word_1_138' title='bbox 874 2091 1041 2157; x_wconf 90' lang='lat' dir='ltr'>mihi</span> <span class='ocrx_word' id='word_1_139' title='bbox 1099 2113 1217 2175; x_wconf 89' lang='lat' dir='ltr'>per</span> <span class='ocrx_word' id='word_1_140' title='bbox 1261 2092 1537 2176; x_wconf 84' lang='lat' dir='ltr'>triginta</span> <span class='ocrx_word' id='word_1_141' title='bbox 1591 2112 1767 2156; x_wconf 92' lang='lat' dir='ltr'>nunc</span> <span class='ocrx_word' id='word_1_142' title='bbox 1810 2110 2019 2154; x_wconf 88' lang='lat' dir='ltr'>annos</span> <span class='ocrx_word' id='word_1_143' title='bbox 2063 2096 2292 2154; x_wconf 88' lang='lat' dir='ltr'>contra</span> 
     </span>
     <span class='ocr_line' id='line_1_29' title="bbox 327 2175 2290 2261; baseline -0.002 -18"><span class='ocrx_word' id='word_1_144' title='bbox 327 2177 742 2243; x_wconf 83' lang='lat' dir='ltr'>voluntatem</span> <span class='ocrx_word' id='word_1_145' title='bbox 778 2199 994 2243; x_wconf 87' lang='lat' dir='ltr'>meam</span> <span class='ocrx_word' id='word_1_146' title='bbox 1032 2178 1407 2261; x_wconf 86' lang='lat' dir='ltr'>postpositis</span> <span class='ocrx_word' id='word_1_147' title='bbox 1438 2177 1779 2242; x_wconf 89' lang='lat' dir='ltr'>literarum</span> <span class='ocrx_word' id='word_1_148' title='bbox 1824 2175 2290 2241; x_wconf 85' lang='lat' dir='ltr'>humaniorum</span> 
     </span>
     <span class='ocr_line' id='line_1_30' title="bbox 326 2262 2289 2348; baseline -0.003 -18"><span class='ocrx_word' id='word_1_149' title='bbox 326 2262 569 2330; x_wconf 89' lang='lat' dir='ltr'>studiis</span> <span class='ocrx_word' id='word_1_150' title='bbox 603 2264 676 2328; x_wconf 92' lang='lat' dir='ltr'>in</span> <span class='ocrx_word' id='word_1_151' title='bbox 711 2262 1134 2329; x_wconf 90' lang='lat' dir='ltr'>multitudine</span> <span class='ocrx_word' id='word_1_152' title='bbox 1157 2264 1577 2348; x_wconf 89' lang='lat' dir='ltr'>negotiorum</span> <span class='ocrx_word' id='word_1_153' title='bbox 1622 2263 1985 2329; x_wconf 86' lang='lat' dir='ltr'>forensium</span> <span class='ocrx_word' id='word_1_154' title='bbox 2029 2270 2289 2326; x_wconf 86' lang='lat' dir='ltr'>versato</span> 
     </span>
     <span class='ocr_line' id='line_1_31' title="bbox 324 2349 2290 2433; baseline -0.003 -17"><span class='ocrx_word' id='word_1_155' title='bbox 324 2359 518 2416; x_wconf 89' lang='lat' dir='ltr'>curta</span> <span class='ocrx_word' id='word_1_156' title='bbox 563 2350 654 2415; x_wconf 90' lang='lat' dir='ltr'>sit</span> <span class='ocrx_word' id='word_1_157' title='bbox 696 2349 991 2433; x_wconf 86' lang='lat' dir='ltr'>supellex</span> <span class='ocrx_word' id='word_1_158' title='bbox 1036 2349 1107 2414; x_wconf 95' lang='lat' dir='ltr'>in</span> <span class='ocrx_word' id='word_1_159' title='bbox 1143 2371 1213 2413; x_wconf 92' lang='lat' dir='ltr'>re</span> <span class='ocrx_word' id='word_1_160' title='bbox 1251 2349 1559 2427; x_wconf 86' lang='lat' dir='ltr'>literaria,</span> <span class='ocrx_word' id='word_1_161' title='bbox 1605 2356 1830 2413; x_wconf 90' lang='lat' dir='ltr'>tamen</span> <span class='ocrx_word' id='word_1_162' title='bbox 1866 2360 2027 2426; x_wconf 91' lang='lat' dir='ltr'>tum,</span> <span class='ocrx_word' id='word_1_163' title='bbox 2064 2368 2290 2430; x_wconf 91' lang='lat' dir='ltr'>quem·</span> 
     </span>
     <span class='ocr_line' id='line_1_32' title="bbox 325 2433 2288 2520; baseline -0.001 -20"><span class='ocrx_word' id='word_1_164' title='bbox 325 2435 682 2501; x_wconf 89' lang='lat' dir='ltr'>admodum</span> <span class='ocrx_word' id='word_1_165' title='bbox 728 2448 794 2501; x_wconf 93' lang='lat' dir='ltr'>et</span> <span class='ocrx_word' id='word_1_166' title='bbox 827 2437 898 2501; x_wconf 89' lang='lat' dir='ltr'>in</span> <span class='ocrx_word' id='word_1_167' title='bbox 934 2435 1059 2501; x_wconf 90' lang='lat' dir='ltr'>hoc</span> <span class='ocrx_word' id='word_1_168' title='bbox 1103 2437 1344 2520; x_wconf 89' lang='lat' dir='ltr'>scripto</span> <span class='ocrx_word' id='word_1_169' title='bbox 1368 2456 1536 2513; x_wconf 85' lang='lat' dir='ltr'>meo,</span> <span class='ocrx_word' id='word_1_170' title='bbox 1581 2434 1767 2499; x_wconf 79' lang='lat' dir='ltr'>volui</span> <span class='ocrx_word' id='word_1_171' title='bbox 1811 2435 2038 2498; x_wconf 88' lang='lat' dir='ltr'>testari</span> <span class='ocrx_word' id='word_1_172' title='bbox 2082 2433 2288 2499; x_wconf 91' lang='lat' dir='ltr'>animi</span> 
     </span>
     <span class='ocr_line' id='line_1_33' title="bbox 321 2519 2288 2606; baseline -0.002 -19"><span class='ocrx_word' id='word_1_173' title='bbox 321 2522 456 2587; x_wconf 90' lang='lat' dir='ltr'>mei</span> <span class='ocrx_word' id='word_1_174' title='bbox 498 2543 616 2605; x_wconf 92' lang='lat' dir='ltr'>pro</span> <span class='ocrx_word' id='word_1_175' title='bbox 701 2522 998 2588; x_wconf 92' lang='lat' dir='ltr'>nsionem</span> <span class='ocrx_word' id='word_1_176' title='bbox 1033 2541 1193 2606; x_wconf 89' lang='lat' dir='ltr'>erga</span> <span class='ocrx_word' id='word_1_177' title='bbox 1235 2522 1377 2606; x_wconf 88' lang='lat' dir='ltr'>pios</span> <span class='ocrx_word' id='word_1_178' title='bbox 1420 2533 1488 2586; x_wconf 91' lang='lat' dir='ltr'>et</span> <span class='ocrx_word' id='word_1_179' title='bbox 1528 2519 1817 2586; x_wconf 87' lang='lat' dir='ltr'>eruditos</span> <span class='ocrx_word' id='word_1_180' title='bbox 1862 2520 2053 2587; x_wconf 66' lang='lat' dir='ltr'>viros„</span> <span class='ocrx_word' id='word_1_181' title='bbox 2098 2539 2288 2601; x_wconf 90' lang='lat' dir='ltr'>prae-</span> 
     </span>
     <span class='ocr_line' id='line_1_34' title="bbox 324 2605 2288 2692; baseline -0.003 -19"><span class='ocrx_word' id='word_1_182' title='bbox 324 2609 517 2691; x_wconf 85' lang='lat' dir='ltr'>cipue</span> <span class='ocrx_word' id='word_1_183' title='bbox 577 2608 599 2671; x_wconf 92' lang='lat' dir='ltr'>i</span> <span class='ocrx_word' id='word_1_184' title='bbox 655 2628 728 2674; x_wconf 89' lang='lat' dir='ltr'>os</span> <span class='ocrx_word' id='word_1_185' title='bbox 795 2609 905 2691; x_wconf 92' lang='lat' dir='ltr'>qui</span> <span class='ocrx_word' id='word_1_186' title='bbox 954 2620 1219 2692; x_wconf 89' lang='lat' dir='ltr'>propter</span> <span class='ocrx_word' id='word_1_187' title='bbox 1285 2608 1631 2672; x_wconf 88' lang='lat' dir='ltr'>veritatem</span> <span class='ocrx_word' id='word_1_188' title='bbox 1688 2613 1757 2671; x_wconf 89' lang='lat' dir='ltr'>et</span> <span class='ocrx_word' id='word_1_189' title='bbox 1820 2605 2288 2688; x_wconf 88' lang='lat' dir='ltr'>professionem</span> 
     </span>
     <span class='ocr_line' id='line_1_35' title="bbox 323 2692 2288 2778; baseline -0.002 -18"><span class='ocrx_word' id='word_1_190' title='bbox 323 2694 659 2778; x_wconf 80' lang='lat' dir='ltr'>evangelii</span> <span class='ocrx_word' id='word_1_191' title='bbox 723 2695 984 2777; x_wconf 85' lang='lat' dir='ltr'>profugi</span> <span class='ocrx_word' id='word_1_192' title='bbox 1041 2694 1198 2760; x_wconf 86' lang='lat' dir='ltr'>facti</span> <span class='ocrx_word' id='word_1_193' title='bbox 1241 2693 1551 2759; x_wconf 85' lang='lat' dir='ltr'>exsulant</span> <span class='ocrx_word' id='word_1_194' title='bbox 1592 2699 1714 2759; x_wconf 85' lang='lat' dir='ltr'>etc.</span> <span class='ocrx_word' id='word_1_195' title='bbox 1802 2692 2089 2757; x_wconf 78' lang='lat' dir='ltr'>Tantum</span> <span class='ocrx_word' id='word_1_196' title='bbox 2128 2710 2288 2774; x_wconf 89' lang='lat' dir='ltr'>rogo</span> 
     </span>
     <span class='ocr_line' id='line_1_36' title="bbox 322 2777 2286 2863; baseline -0.003 -17"><span class='ocrx_word' id='word_1_197' title='bbox 322 2801 506 2846; x_wconf 86' lang='lat' dir='ltr'>nunc</span> <span class='ocrx_word' id='word_1_198' title='bbox 563 2781 803 2847; x_wconf 84' lang='lat' dir='ltr'>obnixe</span> <span class='ocrx_word' id='word_1_199' title='bbox 855 2780 1168 2863; x_wconf 88' lang='lat' dir='ltr'>pietatem</span> <span class='ocrx_word' id='word_1_200' title='bbox 1225 2788 1411 2845; x_wconf 90' lang='lat' dir='ltr'>tuam</span> <span class='ocrx_word' id='word_1_201' title='bbox 1469 2779 1809 2863; x_wconf 88' lang='lat' dir='ltr'>(quoniam</span> <span class='ocrx_word' id='word_1_202' title='bbox 1861 2777 1992 2842; x_wconf 90' lang='lat' dir='ltr'>Dei</span> <span class='ocrx_word' id='word_1_203' title='bbox 2037 2787 2104 2842; x_wconf 90' lang='lat' dir='ltr'>et</span> <span class='ocrx_word' id='word_1_204' title='bbox 2150 2797 2286 2842; x_wconf 93' lang='lat' dir='ltr'>non</span> 
     </span>
     <span class='ocr_line' id='line_1_37' title="bbox 323 2863 2285 2951; baseline -0.003 -19"><span class='ocrx_word' id='word_1_205' title='bbox 323 2866 677 2932; x_wconf 90' lang='lat' dir='ltr'>hominum</span> <span class='ocrx_word' id='word_1_206' title='bbox 744 2866 1164 2951; x_wconf 82' lang='lat' dir='ltr'>providentia</span> <span class='ocrx_word' id='word_1_207' title='bbox 1226 2873 1296 2931; x_wconf 89' lang='lat' dir='ltr'>et</span> <span class='ocrx_word' id='word_1_208' title='bbox 1360 2865 1630 2931; x_wconf 90' lang='lat' dir='ltr'>consilio</span> <span class='ocrx_word' id='word_1_209' title='bbox 1665 2864 1908 2931; x_wconf 85' lang='lat' dir='ltr'>factum</span> <span class='ocrx_word' id='word_1_210' title='bbox 1953 2870 2053 2928; x_wconf 90' lang='lat' dir='ltr'>est</span> <span class='ocrx_word' id='word_1_211' title='bbox 2096 2870 2171 2927; x_wconf 91' lang='lat' dir='ltr'>ut</span> <span class='ocrx_word' id='word_1_212' title='bbox 2213 2863 2285 2927; x_wconf 92' lang='lat' dir='ltr'>in</span> 
     </span>
     <span class='ocr_line' id='line_1_38' title="bbox 322 2948 2285 3036; baseline -0.003 -17"><span class='ocrx_word' id='word_1_213' title='bbox 322 2952 453 3019; x_wconf 90' lang='lat' dir='ltr'>hac</span> <span class='ocrx_word' id='word_1_214' title='bbox 497 2954 662 3019; x_wconf 89' lang='lat' dir='ltr'>urbe</span> <span class='ocrx_word' id='word_1_215' title='bbox 705 2951 1066 3036; x_wconf 90' lang='lat' dir='ltr'>hospitium</span> <span class='ocrx_word' id='word_1_216' title='bbox 1110 2952 1199 3017; x_wconf 91' lang='lat' dir='ltr'>sit</span> <span class='ocrx_word' id='word_1_217' title='bbox 1240 2950 1482 3017; x_wconf 88' lang='lat' dir='ltr'>talibus</span> <span class='ocrx_word' id='word_1_218' title='bbox 1502 2950 1861 3028; x_wconf 91' lang='lat' dir='ltr'>exsulibus,</span> <span class='ocrx_word' id='word_1_219' title='bbox 1896 2960 1960 3013; x_wconf 92' lang='lat' dir='ltr'>et</span> <span class='ocrx_word' id='word_1_220' title='bbox 2004 2948 2285 3032; x_wconf 91' lang='lat' dir='ltr'>permis-</span> 
     </span>
     <span class='ocr_line' id='line_1_39' title="bbox 323 3034 2284 3124; baseline -0.005 -17"><span class='ocrx_word' id='word_1_221' title='bbox 323 3061 476 3107; x_wconf 90' lang='lat' dir='ltr'>sum</span> <span class='ocrx_word' id='word_1_222' title='bbox 529 3060 785 3124; x_wconf 91' lang='lat' dir='ltr'>quoque</span> <span class='ocrx_word' id='word_1_223' title='bbox 842 3038 967 3107; x_wconf 91' lang='lat' dir='ltr'>hoc</span> <span class='ocrx_word' id='word_1_224' title='bbox 1023 3051 1316 3123; x_wconf 89' lang='lat' dir='ltr'>tempore</span> <span class='ocrx_word' id='word_1_225' title='bbox 1362 3046 1440 3103; x_wconf 91' lang='lat' dir='ltr'>ut</span> <span class='ocrx_word' id='word_1_226' title='bbox 1480 3058 1617 3104; x_wconf 92' lang='lat' dir='ltr'>non</span> <span class='ocrx_word' id='word_1_227' title='bbox 1661 3035 1874 3103; x_wconf 91' lang='lat' dir='ltr'>solum</span> <span class='ocrx_word' id='word_1_228' title='bbox 1919 3034 2099 3102; x_wconf 77' lang='lat' dir='ltr'>Galli</span> <span class='ocrx_word' id='word_1_229' title='bbox 2144 3034 2284 3101; x_wconf 85' lang='lat' dir='ltr'>sive</span> 
     </span>
     <span class='ocr_line' id='line_1_40' title="bbox 323 3124 2285 3209; baseline -0.004 -17"><span class='ocrx_word' id='word_1_230' title='bbox 323 3126 608 3192; x_wconf 85' lang='lat' dir='ltr'>Flandri</span> <span class='ocrx_word' id='word_1_231' title='bbox 651 3146 886 3193; x_wconf 84' lang='lat' dir='ltr'>verum</span> <span class='ocrx_word' id='word_1_232' title='bbox 929 3126 1125 3191; x_wconf 85' lang='lat' dir='ltr'>etiam</span> <span class='ocrx_word' id='word_1_233' title='bbox 1171 3124 1378 3209; x_wconf 82' lang='lat' dir='ltr'>Angli</span> <span class='ocrx_word' id='word_1_234' title='bbox 1421 3145 1575 3190; x_wconf 89' lang='lat' dir='ltr'>suos</span> <span class='ocrx_word' id='word_1_235' title='bbox 1622 3129 1956 3206; x_wconf 89' lang='lat' dir='ltr'>separatos</span> <span class='ocrx_word' id='word_1_236' title='bbox 1998 3142 2285 3189; x_wconf 86' lang='lat' dir='ltr'>conven-</span> 
     </span>
     <span class='ocr_line' id='line_1_41' title="bbox 323 3206 2285 3298; baseline -0.003 -19"><span class='ocrx_word' id='word_1_237' title='bbox 323 3221 437 3279; x_wconf 90' lang='lat' dir='ltr'>tus</span> <span class='ocrx_word' id='word_1_238' title='bbox 496 3223 562 3278; x_wconf 90' lang='lat' dir='ltr'>et</span> <span class='ocrx_word' id='word_1_239' title='bbox 617 3212 926 3279; x_wconf 86' lang='lat' dir='ltr'>ecclesias</span> <span class='ocrx_word' id='word_1_240' title='bbox 990 3211 1307 3289; x_wconf 86' lang='lat' dir='ltr'>habeant)</span> <span class='ocrx_word' id='word_1_241' title='bbox 1327 3210 1386 3298; x_wconf 80' lang='lat'>⁵)</span> <span class='ocrx_word' id='word_1_242' title='bbox 1450 3219 1527 3276; x_wconf 90' lang='lat' dir='ltr'>ut</span> <span class='ocrx_word' id='word_1_243' title='bbox 1578 3210 1703 3276; x_wconf 90' lang='lat' dir='ltr'>hoc</span> <span class='ocrx_word' id='word_1_244' title='bbox 1756 3207 1924 3274; x_wconf 80' lang='lat' dir='ltr'>velis</span> <span class='ocrx_word' id='word_1_245' title='bbox 1976 3206 2285 3273; x_wconf 88' lang='lat' dir='ltr'>omnibus</span> 
     </span>
     <span class='ocr_line' id='line_1_42' title="bbox 321 3293 2283 3382; baseline -0.004 -16"><span class='ocrx_word' id='word_1_246' title='bbox 321 3297 543 3366; x_wconf 90' lang='lat' dir='ltr'>modis</span> <span class='ocrx_word' id='word_1_247' title='bbox 599 3319 717 3382; x_wconf 90' lang='lat' dir='ltr'>per</span> <span class='ocrx_word' id='word_1_248' title='bbox 767 3298 995 3364; x_wconf 87' lang='lat' dir='ltr'>literas</span> <span class='ocrx_word' id='word_1_249' title='bbox 1039 3306 1189 3364; x_wconf 88' lang='lat' dir='ltr'>tuas</span> <span class='ocrx_word' id='word_1_250' title='bbox 1231 3317 1428 3382; x_wconf 87' lang='lat' dir='ltr'>agere</span> <span class='ocrx_word' id='word_1_251' title='bbox 1470 3318 1620 3363; x_wconf 90' lang='lat' dir='ltr'>cum</span> <span class='ocrx_word' id='word_1_252' title='bbox 1665 3294 2032 3380; x_wconf 84' lang='lat' dir='ltr'>peregrinis</span> <span class='ocrx_word' id='word_1_253' title='bbox 2065 3293 2283 3360; x_wconf 91' lang='lat' dir='ltr'>cuius-</span> 
     </span>
     <span class='ocr_line' id='line_1_43' title="bbox 324 3377 2284 3468; baseline -0.004 -16"><span class='ocrx_word' id='word_1_254' title='bbox 324 3405 591 3468; x_wconf 86' lang='lat' dir='ltr'>cunque</span> <span class='ocrx_word' id='word_1_255' title='bbox 645 3386 779 3449; x_wconf 91' lang='lat' dir='ltr'>sint</span> <span class='ocrx_word' id='word_1_256' title='bbox 833 3385 1119 3450; x_wconf 88' lang='lat' dir='ltr'>nationis</span> <span class='ocrx_word' id='word_1_257' title='bbox 1174 3385 1247 3449; x_wconf 91' lang='lat' dir='ltr'>in</span> <span class='ocrx_word' id='word_1_258' title='bbox 1306 3384 1432 3450; x_wconf 87' lang='lat' dir='ltr'>hac</span> <span class='ocrx_word' id='word_1_259' title='bbox 1488 3382 1652 3449; x_wconf 89' lang='lat' dir='ltr'>urbe</span> <span class='ocrx_word' id='word_1_260' title='bbox 1694 3381 2123 3460; x_wconf 87' lang='lat' dir='ltr'>morantibus,</span> <span class='ocrx_word' id='word_1_261' title='bbox 2169 3377 2284 3444; x_wconf 90' lang='lat' dir='ltr'>ad·</span> 
     </span>
     <span class='ocr_line' id='line_1_44' title="bbox 324 3468 2286 3553; baseline -0.004 -15"><span class='ocrx_word' id='word_1_262' title='bbox 324 3470 657 3538; x_wconf 88' lang='lat' dir='ltr'>hortando</span> <span class='ocrx_word' id='word_1_263' title='bbox 689 3470 839 3536; x_wconf 89' lang='lat' dir='ltr'>illos</span> <span class='ocrx_word' id='word_1_264' title='bbox 871 3471 943 3536; x_wconf 91' lang='lat' dir='ltr'>in</span> <span class='ocrx_word' id='word_1_265' title='bbox 980 3470 1283 3548; x_wconf 88' lang='lat' dir='ltr'>Domino,</span> <span class='ocrx_word' id='word_1_266' title='bbox 1320 3489 1448 3553; x_wconf 91' lang='lat' dir='ltr'>quo</span> <span class='ocrx_word' id='word_1_267' title='bbox 1485 3470 1621 3534; x_wconf 90' lang='lat' dir='ltr'>sint</span> <span class='ocrx_word' id='word_1_268' title='bbox 1652 3469 1723 3533; x_wconf 92' lang='lat' dir='ltr'>in</span> <span class='ocrx_word' id='word_1_269' title='bbox 1757 3468 2055 3533; x_wconf 89' lang='lat' dir='ltr'>doctrina</span> <span class='ocrx_word' id='word_1_270' title='bbox 2087 3486 2286 3531; x_wconf 81' lang='lat' dir='ltr'>verae</span> 
     </span>
     <span class='ocr_line' id='line_1_45' title="bbox 321 3552 2285 3636; baseline -0.005 -12"><span class='ocrx_word' id='word_1_271' title='bbox 321 3557 502 3636; x_wconf 88' lang='lat' dir='ltr'>fidei,</span> <span class='ocrx_word' id='word_1_272' title='bbox 547 3567 802 3623; x_wconf 88' lang='lat' dir='ltr'>remoto</span> <span class='ocrx_word' id='word_1_273' title='bbox 862 3559 1045 3622; x_wconf 90' lang='lat' dir='ltr'>omni</span> <span class='ocrx_word' id='word_1_274' title='bbox 1086 3556 1316 3635; x_wconf 83' lang='lat' dir='ltr'>livore,</span> <span class='ocrx_word' id='word_1_275' title='bbox 1362 3564 1774 3622; x_wconf 84' lang='lat' dir='ltr'>constantes:</span> <span class='ocrx_word' id='word_1_276' title='bbox 1821 3575 1905 3619; x_wconf 92' lang='lat' dir='ltr'>ne</span> <span class='ocrx_word' id='word_1_277' title='bbox 1950 3552 2117 3618; x_wconf 91' lang='lat' dir='ltr'>dolis</span> <span class='ocrx_word' id='word_1_278' title='bbox 2161 3552 2285 3618; x_wconf 80' lang='lat' dir='ltr'>Sa-</span> 
     </span>
     <span class='ocr_line' id='line_1_46' title="bbox 323 3638 2284 3711; baseline -0.005 -1"><span class='ocrx_word' id='word_1_279' title='bbox 323 3652 525 3711; x_wconf 88' lang='lat' dir='ltr'>tanae</span> <span class='ocrx_word' id='word_1_280' title='bbox 579 3644 1011 3710; x_wconf 83' lang='lat' dir='ltr'>circumventi</span> <span class='ocrx_word' id='word_1_281' title='bbox 1065 3649 1289 3707; x_wconf 88' lang='lat' dir='ltr'>serant</span> <span class='ocrx_word' id='word_1_282' title='bbox 1345 3649 1414 3709; x_wconf 92' lang='lat' dir='ltr'>et</span> <span class='ocrx_word' id='word_1_283' title='bbox 1469 3641 1762 3707; x_wconf 90' lang='lat' dir='ltr'>excitent</span> <span class='ocrx_word' id='word_1_284' title='bbox 1819 3638 2090 3705; x_wconf 90' lang='lat' dir='ltr'>inutiles</span> <span class='ocrx_word' id='word_1_285' title='bbox 2132 3658 2284 3703; x_wconf 90' lang='lat' dir='ltr'>oon-</span> 
     </span>
     <span class='ocr_line' id='line_1_47' title="bbox 323 3727 2284 3812; baseline -0.004 -17"><span class='ocrx_word' id='word_1_286' title='bbox 323 3730 659 3796; x_wconf 87' lang='lat' dir='ltr'>tentiones</span> <span class='ocrx_word' id='word_1_287' title='bbox 702 3728 880 3794; x_wconf 88' lang='lat' dir='ltr'>inter</span> <span class='ocrx_word' id='word_1_288' title='bbox 924 3749 993 3794; x_wconf 90' lang='lat' dir='ltr'>se</span> <span class='ocrx_word' id='word_1_289' title='bbox 1037 3729 1235 3812; x_wconf 91' lang='lat' dir='ltr'>ipsos,</span> <span class='ocrx_word' id='word_1_290' title='bbox 1258 3731 1315 3804; x_wconf 83' lang='lat'>⁸)</span> <span class='ocrx_word' id='word_1_291' title='bbox 1351 3727 1589 3810; x_wconf 89' lang='lat' dir='ltr'>quibus</span> <span class='ocrx_word' id='word_1_292' title='bbox 1633 3733 1906 3792; x_wconf 87' lang='lat' dir='ltr'>senatus</span> <span class='ocrx_word' id='word_1_293' title='bbox 1949 3731 2284 3807; x_wconf 84' lang='lat' dir='ltr'>permotus</span> 
     </span>
     <span class='ocr_line' id='line_1_48' title="bbox 321 3807 2285 3898; baseline -0.004 -17"><span class='ocrx_word' id='word_1_294' title='bbox 321 3818 396 3882; x_wconf 92' lang='lat' dir='ltr'>in</span> <span class='ocrx_word' id='word_1_295' title='bbox 442 3815 592 3881; x_wconf 91' lang='lat' dir='ltr'>illos</span> <span class='ocrx_word' id='word_1_296' title='bbox 636 3812 882 3898; x_wconf 89' lang='lat' dir='ltr'>aliquid</span> <span class='ocrx_word' id='word_1_297' title='bbox 905 3823 1153 3880; x_wconf 89' lang='lat' dir='ltr'>statuat</span> <span class='ocrx_word' id='word_1_298' title='bbox 1228 3812 1359 3879; x_wconf 91' lang='lat' dir='ltr'>uod</span> <span class='ocrx_word' id='word_1_299' title='bbox 1405 3815 1565 3898; x_wconf 92' lang='lat' dir='ltr'>ipsis</span> <span class='ocrx_word' id='word_1_300' title='bbox 1598 3813 1866 3897; x_wconf 90' lang='lat' dir='ltr'>pacifice</span> <span class='ocrx_word' id='word_1_301' title='bbox 1910 3807 2285 3876; x_wconf 81' lang='lat' dir='ltr'>viventibus</span> 
     </span>
     <span class='ocr_line' id='line_1_49' title="bbox 324 3896 2283 3978; baseline -0.005 -9"><span class='ocrx_word' id='word_1_302' title='bbox 324 3921 462 3969; x_wconf 94' lang='lat' dir='ltr'>non</span> <span class='ocrx_word' id='word_1_303' title='bbox 509 3903 697 3967; x_wconf 89' lang='lat' dir='ltr'>fieret</span> <span class='ocrx_word' id='word_1_304' title='bbox 741 3908 861 3968; x_wconf 88' lang='lat' dir='ltr'>etc.</span> <span class='ocrx_word' id='word_1_305' title='bbox 920 3898 1170 3966; x_wconf 90' lang='lat' dir='ltr'>Obstiti</span> <span class='ocrx_word' id='word_1_306' title='bbox 1262 3907 1554 3978; x_wconf 88' lang='lat' dir='ltr'>actenus,</span> <span class='ocrx_word' id='word_1_307' title='bbox 1601 3897 1954 3964; x_wconf 83' lang='lat' dir='ltr'>adiuvante</span> <span class='ocrx_word' id='word_1_308' title='bbox 1978 3896 2283 3972; x_wconf 87' lang='lat' dir='ltr'>Domin0‚</span> 
     </span>
     <span class='ocr_line' id='line_1_50' title="bbox 324 3982 2285 4074; baseline -0.005 -20"><span class='ocrx_word' id='word_1_309' title='bbox 324 3986 742 4074; x_wconf 86' lang='lat' dir='ltr'>quorundam</span> <span class='ocrx_word' id='word_1_310' title='bbox 800 3986 1158 4064; x_wconf 87' lang='lat' dir='ltr'>conatibus,</span> <span class='ocrx_word' id='word_1_311' title='bbox 1258 3986 1324 4050; x_wconf 92' lang='lat' dir='ltr'>ui</span> <span class='ocrx_word' id='word_1_312' title='bbox 1390 4005 1538 4050; x_wconf 93' lang='lat' dir='ltr'>meo</span> <span class='ocrx_word' id='word_1_313' title='bbox 1595 3983 1837 4049; x_wconf 91' lang='lat' dir='ltr'>iudicio</span> <span class='ocrx_word' id='word_1_314' title='bbox 1878 4002 1985 4046; x_wconf 89' lang='lat' dir='ltr'>ma</span> <span class='ocrx_word' id='word_1_315' title='bbox 2037 3982 2090 4047; x_wconf 85' lang='lat' dir='ltr'>&#39;s</span> <span class='ocrx_word' id='word_1_316' title='bbox 2133 4001 2285 4064; x_wconf 91' lang='lat' dir='ltr'>pro-</span> 
     </span>
     <span class='ocr_line' id='line_1_51' title="bbox 324 4007 2283 4160; baseline -0.005 -20"><span class='ocrx_word' id='word_1_317' title='bbox 324 4074 494 4160; x_wconf 91' lang='lat' dir='ltr'>priis</span> <span class='ocrx_word' id='word_1_318' title='bbox 529 4073 871 4140; x_wconf 88' lang='lat' dir='ltr'>affectibus</span> <span class='ocrx_word' id='word_1_319' title='bbox 913 4093 1110 4157; x_wconf 81' lang='lat' dir='ltr'>quam</span> <span class='ocrx_word' id='word_1_320' title='bbox 1157 4007 1295 4137; x_wconf 53' lang='lat' dir='ltr'>ze‘lo</span> <span class='ocrx_word' id='word_1_321' title='bbox 1320 4069 1448 4136; x_wconf 92' lang='lat' dir='ltr'>Dei</span> <span class='ocrx_word' id='word_1_322' title='bbox 1493 4071 1811 4136; x_wconf 79' lang='lat' dir='ltr'>feruntur.</span> <span class='ocrx_word' id='word_1_323' title='bbox 1901 4067 1992 4135; x_wconf 82' lang='lat' dir='ltr'>Se</span> <span class='ocrx_word' id='word_1_324' title='bbox 2079 4066 2283 4145; x_wconf 92' lang='lat' dir='ltr'>Deus,</span> 
     </span>
     <span class='ocr_line' id='line_1_52' title="bbox 320 4157 1216 4244; baseline -0.007 -16"><span class='ocrx_word' id='word_1_325' title='bbox 320 4168 403 4228; x_wconf 87' lang='lat' dir='ltr'>ut</span> <span class='ocrx_word' id='word_1_326' title='bbox 446 4181 658 4244; x_wconf 91' lang='lat' dir='ltr'>spero,</span> <span class='ocrx_word' id='word_1_327' title='bbox 703 4159 884 4224; x_wconf 89' lang='lat' dir='ltr'>dabit</span> <span class='ocrx_word' id='word_1_328' title='bbox 927 4157 1216 4223; x_wconf 88' lang='lat' dir='ltr'>meliora.</span> 
     </span>
    </p>

    <p class='ocr_par' dir='ltr' id='par_1_13' title="bbox 323 4238 2288 4757">
     <span class='ocr_line' id='line_1_53' title="bbox 500 4238 2286 4331; baseline -0.005 -19"><span class='ocrx_word' id='word_1_329' title='bbox 500 4247 650 4331; x_wconf 88' lang='lat' dir='ltr'>Ego</span> <span class='ocrx_word' id='word_1_330' title='bbox 692 4246 958 4311; x_wconf 86' lang='lat' dir='ltr'>interim</span> <span class='ocrx_word' id='word_1_331' title='bbox 982 4245 1125 4310; x_wconf 92' lang='lat' dir='ltr'>Deo</span> <span class='ocrx_word' id='word_1_332' title='bbox 1168 4243 1497 4327; x_wconf 89' lang='lat' dir='ltr'>aspirante</span> <span class='ocrx_word' id='word_1_333' title='bbox 1516 4241 1887 4308; x_wconf 89' lang='lat' dir='ltr'>Harmonia</span> <span class='ocrx_word' id='word_1_334' title='bbox 1927 4246 2062 4317; x_wconf 82' lang='lat' dir='ltr'>tua,</span> <span class='ocrx_word' id='word_1_335' title='bbox 2098 4238 2286 4304; x_wconf 89' lang='lat' dir='ltr'>cuius</span> 
     </span>
     <span class='ocr_line' id='line_1_54' title="bbox 323 4326 2285 4416; baseline -0.005 -18"><span class='ocrx_word' id='word_1_336' title='bbox 323 4333 597 4399; x_wconf 90' lang='lat' dir='ltr'>nomine</span> <span class='ocrx_word' id='word_1_337' title='bbox 658 4331 777 4397; x_wconf 91' lang='lat' dir='ltr'>tibi</span> <span class='ocrx_word' id='word_1_338' title='bbox 817 4331 1122 4416; x_wconf 89' lang='lat' dir='ltr'>ingentes</span> <span class='ocrx_word' id='word_1_339' title='bbox 1165 4338 1232 4395; x_wconf 91' lang='lat' dir='ltr'>et</span> <span class='ocrx_word' id='word_1_340' title='bbox 1276 4350 1400 4414; x_wconf 89' lang='lat' dir='ltr'>ago</span> <span class='ocrx_word' id='word_1_341' title='bbox 1435 4335 1501 4393; x_wconf 89' lang='lat' dir='ltr'>et</span> <span class='ocrx_word' id='word_1_342' title='bbox 1535 4327 1746 4393; x_wconf 87' lang='lat' dir='ltr'>habeo</span> <span class='ocrx_word' id='word_1_343' title='bbox 1779 4326 2051 4411; x_wconf 85' lang='lat' dir='ltr'>gratias,</span> <span class='ocrx_word' id='word_1_344' title='bbox 2089 4333 2285 4407; x_wconf 90' lang='lat' dir='ltr'>atque</span> 
     </span>
     <span class='ocr_line' id='line_1_55' title="bbox 324 4410 2286 4500; baseline -0.006 -15"><span class='ocrx_word' id='word_1_345' title='bbox 324 4427 405 4485; x_wconf 90' lang='lat' dir='ltr'>ut</span> <span class='ocrx_word' id='word_1_346' title='bbox 450 4418 599 4484; x_wconf 86' lang='lat' dir='ltr'>aliis</span> <span class='ocrx_word' id='word_1_347' title='bbox 635 4417 898 4500; x_wconf 83' lang='lat' dir='ltr'>scriptis</span> <span class='ocrx_word' id='word_1_348' title='bbox 941 4416 1077 4482; x_wconf 91' lang='lat' dir='ltr'>tuis</span> <span class='ocrx_word' id='word_1_349' title='bbox 1119 4417 1303 4481; x_wconf 86' lang='lat' dir='ltr'>fruor</span> <span class='ocrx_word' id='word_1_350' title='bbox 1335 4416 1406 4479; x_wconf 92' lang='lat' dir='ltr'>in</span> <span class='ocrx_word' id='word_1_351' title='bbox 1428 4413 1860 4497; x_wconf 72' lang='lat' dir='ltr'>explicatione</span> <span class='ocrx_word' id='word_1_352' title='bbox 1905 4410 2089 4477; x_wconf 87' lang='lat' dir='ltr'>verbi</span> <span class='ocrx_word' id='word_1_353' title='bbox 2135 4410 2286 4490; x_wconf 91' lang='lat' dir='ltr'>Dei,</span> 
     </span>
     <span class='ocr_line' id='line_1_56' title="bbox 323 4496 2287 4571; baseline -0.005 0"><span class='ocrx_word' id='word_1_354' title='bbox 323 4512 405 4571; x_wconf 89' lang='lat' dir='ltr'>ut</span> <span class='ocrx_word' id='word_1_355' title='bbox 448 4526 537 4570; x_wconf 90' lang='lat' dir='ltr'>ex</span> <span class='ocrx_word' id='word_1_356' title='bbox 579 4503 712 4569; x_wconf 89' lang='lat' dir='ltr'>illis</span> <span class='ocrx_word' id='word_1_357' title='bbox 764 4505 831 4567; x_wconf 94' lang='lat' dir='ltr'>in</span> <span class='ocrx_word' id='word_1_358' title='bbox 879 4502 1009 4568; x_wconf 90' lang='lat' dir='ltr'>fide</span> <span class='ocrx_word' id='word_1_359' title='bbox 1065 4501 1395 4569; x_wconf 89' lang='lat' dir='ltr'>robustior</span> <span class='ocrx_word' id='word_1_360' title='bbox 1451 4501 1662 4566; x_wconf 84' lang='lat' dir='ltr'>factus</span> <span class='ocrx_word' id='word_1_361' title='bbox 1705 4499 1953 4565; x_wconf 90' lang='lat' dir='ltr'>discam</span> <span class='ocrx_word' id='word_1_362' title='bbox 1996 4496 2287 4563; x_wconf 81' lang='lat' dir='ltr'>Satanae</span> 
     </span>
     <span class='ocr_line' id='line_1_57' title="bbox 328 4582 2287 4672; baseline -0.004 -15"><span class='ocrx_word' id='word_1_363' title='bbox 328 4591 513 4657; x_wconf 87' lang='lat' dir='ltr'>dolos</span> <span class='ocrx_word' id='word_1_364' title='bbox 585 4598 654 4655; x_wconf 90' lang='lat' dir='ltr'>et</span> <span class='ocrx_word' id='word_1_365' title='bbox 709 4588 985 4654; x_wconf 85' lang='lat' dir='ltr'>insidias</span> <span class='ocrx_word' id='word_1_366' title='bbox 1062 4607 1455 4672; x_wconf 77' lang='lat' dir='ltr'>praecavere</span> <span class='ocrx_word' id='word_1_367' title='bbox 1521 4583 1879 4668; x_wconf 87' lang='lat' dir='ltr'>mundique</span> <span class='ocrx_word' id='word_1_368' title='bbox 1944 4582 2287 4649; x_wconf 86' lang='lat' dir='ltr'>illecebras</span> 
     </span>
     <span class='ocr_line' id='line_1_58' title="bbox 325 4669 2288 4757; baseline -0.005 -14"><span class='ocrx_word' id='word_1_369' title='bbox 325 4685 772 4755; x_wconf 74' lang='lat' dir='ltr'>contemnere,</span> <span class='ocrx_word' id='word_1_370' title='bbox 817 4683 895 4739; x_wconf 91' lang='lat' dir='ltr'>ut</span> <span class='ocrx_word' id='word_1_371' title='bbox 936 4675 1455 4757; x_wconf 87' lang='lat' dir='ltr'>quandocunque</span> <span class='ocrx_word' id='word_1_372' title='bbox 1499 4672 1718 4739; x_wconf 87' lang='lat' dir='ltr'>visum</span> <span class='ocrx_word' id='word_1_373' title='bbox 1759 4670 1957 4736; x_wconf 86' lang='lat' dir='ltr'>fuerit</span> <span class='ocrx_word' id='word_1_374' title='bbox 1997 4669 2288 4735; x_wconf 92' lang='lat' dir='ltr'>Domino</span> 
     </span>
    </p>
   </div>
   <div class='ocr_carea' id='block_1_12' title="bbox 328 4817 741 4829">
    <p class='ocr_par' dir='ltr' id='par_1_14' title="bbox 328 4817 741 4829">
     <span class='ocr_line' id='line_1_59' title="bbox 328 4817 741 4829; baseline 0 1371"><span class='ocrx_word' id='word_1_375' title='bbox 328 4817 741 4829; x_wconf 95' lang='lat' dir='ltr'> </span> 
     </span>
    </p>
   </div>
   <div class='ocr_carea' id='block_1_13' title="bbox 321 4893 2288 5449">
    <p class='ocr_par' dir='ltr' id='par_1_15' title="bbox 321 4893 2288 5040">
     <span class='ocr_line' id='line_1_60' title="bbox 536 4893 2288 4966; baseline -0.002 -14"><span class='ocrx_word' id='word_1_376' title='bbox 536 4896 600 4965; x_wconf 76' lang='lat'>4)</span> <span class='ocrx_word' id='word_1_377' title='bbox 645 4894 822 4966; x_wconf 67' lang='lat' dir='ltr'>Quam</span> <span class='ocrx_word' id='word_1_378' title='bbox 864 4896 1181 4964; x_wconf 67' lang='lat' dir='ltr'>fidelissime</span> <span class='ocrx_word' id='word_1_379' title='bbox 1226 4893 2288 4964; x_wconf 55' lang='lat' dir='ltr'>mammaeam-dinem</span> 
     </span>
     <span class='ocr_line' id='line_1_61' title="bbox 321 4963 1566 5040; baseline -0.006 -14"><span class='ocrx_word' id='word_1_380' title='bbox 321 4973 692 5040; x_wconf 48' lang='lat' dir='ltr'>&amp;amantes</span> <span class='ocrx_word' id='word_1_381' title='bbox 722 4981 932 5036; x_wconf 68' lang='lat' dir='ltr'>semper</span> <span class='ocrx_word' id='word_1_382' title='bbox 1003 4973 1232 5020; x_wconf 67' lang='lat' dir='ltr'>ato-onus</span> <span class='ocrx_word' id='word_1_383' title='bbox 1263 4971 1316 5020; x_wconf 75' lang='lat' dir='ltr'>ot</span> <span class='ocrx_word' id='word_1_384' title='bbox 1349 4963 1566 5019; x_wconf 65' lang='lat' dir='ltr'>vinda.</span> 
     </span>
    </p>

    <p class='ocr_par' dir='ltr' id='par_1_16' title="bbox 324 5031 2288 5236">
     <span class='ocr_line' id='line_1_62' title="bbox 538 5031 2288 5106; baseline -0.004 -13"><span class='ocrx_word' id='word_1_385' title='bbox 538 5039 601 5103; x_wconf 84' lang='lat'>5)</span> <span class='ocrx_word' id='word_1_386' title='bbox 643 5035 793 5105; x_wconf 74' lang='lat' dir='ltr'>Quid</span> <span class='ocrx_word' id='word_1_387' title='bbox 824 5051 932 5106; x_wconf 76' lang='lat' dir='ltr'>quo</span> <span class='ocrx_word' id='word_1_388' title='bbox 1006 5036 1208 5104; x_wconf 62' lang='lat' dir='ltr'>Amolie</span> <span class='ocrx_word' id='word_1_389' title='bbox 1249 5037 1413 5089; x_wconf 71' lang='lat' dir='ltr'>etiam</span> <span class='ocrx_word' id='word_1_390' title='bbox 1458 5031 1615 5088; x_wconf 74' lang='lat' dir='ltr'>aliud</span> <span class='ocrx_word' id='word_1_391' title='bbox 1658 5045 1967 5087; x_wconf 70' lang='lat' dir='ltr'>mmm</span> <span class='ocrx_word' id='word_1_392' title='bbox 2009 5031 2124 5098; x_wconf 74' lang='lat' dir='ltr'>fuit</span> <span class='ocrx_word' id='word_1_393' title='bbox 2163 5036 2288 5086; x_wconf 75' lang='lat' dir='ltr'>tem·</span> 
     </span>
     <span class='ocr_line' id='line_1_63' title="bbox 324 5099 2287 5178; baseline -0.004 -16"><span class='ocrx_word' id='word_1_394' title='bbox 324 5108 497 5178; x_wconf 75' lang='lat' dir='ltr'>plum,</span> <span class='ocrx_word' id='word_1_395' title='bbox 537 5122 608 5162; x_wconf 77' lang='lat' dir='ltr'>ne</span> <span class='ocrx_word' id='word_1_396' title='bbox 651 5113 765 5161; x_wconf 72' lang='lat' dir='ltr'>tres</span> <span class='ocrx_word' id='word_1_397' title='bbox 807 5105 1058 5161; x_wconf 69' lang='lat' dir='ltr'>eccleciae</span> <span class='ocrx_word' id='word_1_398' title='bbox 1100 5107 1165 5158; x_wconf 69' lang='lat' dir='ltr'>in</span> <span class='ocrx_word' id='word_1_399' title='bbox 1198 5119 1311 5157; x_wconf 70' lang='lat' dir='ltr'>uno</span> <span class='ocrx_word' id='word_1_400' title='bbox 1345 5101 1630 5172; x_wconf 73' lang='lat' dir='ltr'>codemque</span> <span class='ocrx_word' id='word_1_401' title='bbox 1670 5116 1801 5155; x_wconf 71' lang='lat' dir='ltr'>euos</span> <span class='ocrx_word' id='word_1_402' title='bbox 1833 5107 2127 5156; x_wconf 64' lang='lat' dir='ltr'>conventu</span> <span class='ocrx_word' id='word_1_403' title='bbox 2158 5099 2287 5156; x_wconf 74' lang='lat' dir='ltr'>ocle-</span> 
     </span>
     <span class='ocr_line' id='line_1_64' title="bbox 330 5171 2114 5236; baseline -0.006 -5"><span class='ocrx_word' id='word_1_404' title='bbox 330 5179 496 5233; x_wconf 72' lang='lat' dir='ltr'>brare</span> <span class='ocrx_word' id='word_1_405' title='bbox 529 5176 710 5231; x_wconf 77' lang='lat' dir='ltr'>eoacti</span> <span class='ocrx_word' id='word_1_406' title='bbox 740 5180 931 5229; x_wconf 61' lang='lat' dir='ltr'>nuent.</span> <span class='ocrx_word' id='word_1_407' title='bbox 1003 5173 1102 5236; x_wconf 88' lang='lat' dir='ltr'>(N.</span> <span class='ocrx_word' id='word_1_408' title='bbox 1135 5171 1314 5233; x_wconf 84' lang='grc'><strong>2322.)</strong></span> <span class='ocrx_word' id='word_1_409' title='bbox 2106 5183 2114 5192; x_wconf 88' lang='lat'><strong>·</strong></span> 
     </span>
    </p>

    <p class='ocr_par' dir='ltr' id='par_1_17' title="bbox 330 5237 2288 5449">
     <span class='ocr_line' id='line_1_65' title="bbox 345 5237 2287 5313; baseline -0.005 -13"><span class='ocrx_word' id='word_1_410' title='bbox 345 5275 352 5283; x_wconf 93' lang='lat'><strong>·</strong></span> <span class='ocrx_word' id='word_1_411' title='bbox 537 5244 597 5313; x_wconf 83' lang='grc'>6)</span> <span class='ocrx_word' id='word_1_412' title='bbox 641 5242 760 5312; x_wconf 77' lang='lat' dir='ltr'>Quo</span> <span class='ocrx_word' id='word_1_413' title='bbox 805 5251 969 5313; x_wconf 78' lang='lat' dir='ltr'>pacto</span> <span class='ocrx_word' id='word_1_414' title='bbox 1014 5243 1153 5299; x_wconf 72' lang='lat' dir='ltr'>tates</span> <span class='ocrx_word' id='word_1_415' title='bbox 1198 5240 1601 5297; x_wconf 64' lang='lat' dir='ltr'>exhortationes</span> <span class='ocrx_word' id='word_1_416' title='bbox 1635 5238 1744 5293; x_wconf 71' lang='lat' dir='ltr'>sibi</span> <span class='ocrx_word' id='word_1_417' title='bbox 1774 5237 1936 5294; x_wconf 74' lang='lat' dir='ltr'>cordi</span> <span class='ocrx_word' id='word_1_418' title='bbox 1964 5252 2079 5293; x_wconf 70' lang='lat' dir='ltr'>esse</span> <span class='ocrx_word' id='word_1_419' title='bbox 2112 5242 2287 5292; x_wconf 64' lang='lat' dir='ltr'>ouen·</span> 
     </span>
     <span class='ocr_line' id='line_1_66' title="bbox 330 5305 2288 5449; baseline -0.005 -80"><span class='ocrx_word' id='word_1_420' title='bbox 330 5314 517 5370; x_wconf 75' lang='lat' dir='ltr'>derint</span> <span class='ocrx_word' id='word_1_421' title='bbox 550 5330 617 5369; x_wconf 66' lang='grc' dir='ltr'>οε</span> <span class='ocrx_word' id='word_1_422' title='bbox 634 5314 910 5449; x_wconf 42' lang='lat' dir='ltr'>sipiritali-5</span> <span class='ocrx_word' id='word_1_423' title='bbox 941 5328 1106 5383; x_wconf 71' lang='lat' dir='ltr'>quam</span> <span class='ocrx_word' id='word_1_424' title='bbox 1143 5310 1403 5381; x_wconf 71' lang='lat' dir='ltr'>plur-‘onis</span> <span class='ocrx_word' id='word_1_425' title='bbox 1448 5324 1621 5378; x_wconf 70' lang='lat' dir='ltr'>supra</span> <span class='ocrx_word' id='word_1_426' title='bbox 1654 5308 1795 5363; x_wconf 68' lang='lat' dir='ltr'>satis</span> <span class='ocrx_word' id='word_1_427' title='bbox 1839 5322 2110 5377; x_wconf 64' lang='lat' dir='ltr'>asperque</span> <span class='ocrx_word' id='word_1_428' title='bbox 2143 5305 2288 5360; x_wconf 64' lang='lat' dir='ltr'>dadi·</span> 
     </span>
     <span class='ocr_line' id='line_1_67' title="bbox 331 5384 955 5440; baseline 0.002 -2"><span class='ocrx_word' id='word_1_429' title='bbox 331 5386 461 5440; x_wconf 69' lang='lat' dir='ltr'>cisto·</span> <span class='ocrx_word' id='word_1_430' title='bbox 491 5389 543 5439; x_wconf 71' lang='lat' dir='ltr'>et</span> <span class='ocrx_word' id='word_1_431' title='bbox 575 5384 636 5437; x_wconf 74' lang='lat' dir='ltr'>in</span> <span class='ocrx_word' id='word_1_432' title='bbox 694 5398 733 5437; x_wconf 81' lang='lat' dir='ltr'>a</span> <span class='ocrx_word' id='word_1_433' title='bbox 804 5384 955 5439; x_wconf 68' lang='lat' dir='ltr'>ineos.</span> 
     </span>
    </p>
   </div>
   <div class='ocr_carea' id='block_1_14' title="bbox 2026 438 2642 507">
    <p class='ocr_par' dir='ltr' id='par_1_18' title="bbox 2026 438 2642 507">
     <span class='ocr_line' id='line_1_68' title="bbox 2026 438 2642 507; baseline 0 -3"><span class='ocrx_word' id='word_1_434' title='bbox 2026 442 2190 505; x_wconf 90' lang='grc'><strong>1555</strong></span> <span class='ocrx_word' id='word_1_435' title='bbox 2231 438 2642 507; x_wconf 82' lang='grc' dir='ltr'><strong>ΒΕΟΕΜΒ.</strong></span> 
     </span>
    </p>
   </div>
   <div class='ocr_carea' id='block_1_15' title="bbox 2335 633 2353 5413">
    <p class='ocr_par' dir='ltr' id='par_1_19' title="bbox 2335 633 2353 5413">
     <span class='ocr_line' id='line_1_69' title="bbox 2335 633 2353 5413; baseline 0 0"><span class='ocrx_word' id='word_1_436' title='bbox 2335 633 2353 5413; x_wconf 95' lang='lat' dir='ltr'> </span> 
     </span>
    </p>
   </div>
   <div class='ocr_carea' id='block_1_16' title="bbox 4218 441 4348 503">
    <p class='ocr_par' dir='ltr' id='par_1_20' title="bbox 4218 441 4348 503">
     <span class='ocr_line' id='line_1_70' title="bbox 4218 441 4348 503; baseline 0 0"><span class='ocrx_word' id='word_1_437' title='bbox 4218 441 4348 503; x_wconf 82' lang='grc'>874</span> 
     </span>
    </p>
   </div>
   <div class='ocr_carea' id='block_1_17' title="bbox 2397 625 4351 1041">
    <p class='ocr_par' dir='ltr' id='par_1_21' title="bbox 2397 625 4351 1041">
     <span class='ocr_line' id='line_1_71' title="bbox 2397 625 4350 696; baseline -0.001 -1"><span class='ocrx_word' id='word_1_438' title='bbox 2397 636 2586 695; x_wconf 89' lang='lat' dir='ltr'>tanto</span> <span class='ocrx_word' id='word_1_439' title='bbox 2637 629 2886 694; x_wconf 88' lang='lat' dir='ltr'>maiore</span> <span class='ocrx_word' id='word_1_440' title='bbox 2941 649 3096 696; x_wconf 88' lang='lat' dir='ltr'>cum</span> <span class='ocrx_word' id='word_1_441' title='bbox 3140 628 3475 695; x_wconf 86' lang='lat' dir='ltr'>alacritate</span> <span class='ocrx_word' id='word_1_442' title='bbox 3517 649 3601 693; x_wconf 89' lang='lat' dir='ltr'>ex</span> <span class='ocrx_word' id='word_1_443' title='bbox 3635 626 3879 694; x_wconf 89' lang='lat' dir='ltr'>misera</span> <span class='ocrx_word' id='word_1_444' title='bbox 3919 626 4045 692; x_wconf 88' lang='lat' dir='ltr'>hac</span> <span class='ocrx_word' id='word_1_445' title='bbox 4087 628 4224 694; x_wconf 84' lang='lat' dir='ltr'>vita</span> <span class='ocrx_word' id='word_1_446' title='bbox 4265 625 4350 693; x_wconf 86' lang='lat' dir='ltr'>ad</span> 
     </span>
     <span class='ocr_line' id='line_1_72' title="bbox 2398 712 4351 800; baseline -0.001 -19"><span class='ocrx_word' id='word_1_447' title='bbox 2398 715 2706 782; x_wconf 86' lang='lat' dir='ltr'>coelestia</span> <span class='ocrx_word' id='word_1_448' title='bbox 2745 715 3169 781; x_wconf 87' lang='lat' dir='ltr'>tabernacula</span> <span class='ocrx_word' id='word_1_449' title='bbox 3191 716 3477 800; x_wconf 86' lang='lat' dir='ltr'>migrare</span> <span class='ocrx_word' id='word_1_450' title='bbox 3517 712 3683 779; x_wconf 89' lang='lat' dir='ltr'>mihi</span> <span class='ocrx_word' id='word_1_451' title='bbox 3725 714 3935 780; x_wconf 87' lang='lat' dir='ltr'>liceat.</span> <span class='ocrx_word' id='word_1_452' title='bbox 3994 713 4180 780; x_wconf 90' lang='lat' dir='ltr'>Bene</span> <span class='ocrx_word' id='word_1_453' title='bbox 4202 712 4351 779; x_wconf 83' lang='lat' dir='ltr'>vale</span> 
     </span>
     <span class='ocr_line' id='line_1_73' title="bbox 2398 797 4350 884; baseline -0.001 -18"><span class='ocrx_word' id='word_1_454' title='bbox 2398 802 2471 866; x_wconf 92' lang='lat' dir='ltr'>in</span> <span class='ocrx_word' id='word_1_455' title='bbox 2532 802 2821 867; x_wconf 93' lang='lat' dir='ltr'>Domino</span> <span class='ocrx_word' id='word_1_456' title='bbox 2872 808 2941 866; x_wconf 88' lang='lat' dir='ltr'>et</span> <span class='ocrx_word' id='word_1_457' title='bbox 2993 822 3100 866; x_wconf 92' lang='lat' dir='ltr'>me</span> <span class='ocrx_word' id='word_1_458' title='bbox 3155 822 3463 884; x_wconf 91' lang='lat' dir='ltr'>meosque</span> <span class='ocrx_word' id='word_1_459' title='bbox 3520 801 3590 866; x_wconf 92' lang='lat' dir='ltr'>in</span> <span class='ocrx_word' id='word_1_460' title='bbox 3647 801 3949 884; x_wconf 85' lang='lat' dir='ltr'>precibus</span> <span class='ocrx_word' id='word_1_461' title='bbox 3992 799 4124 866; x_wconf 90' lang='lat' dir='ltr'>tuis</span> <span class='ocrx_word' id='word_1_462' title='bbox 4174 797 4350 883; x_wconf 91' lang='lat' dir='ltr'>apud</span> 
     </span>
     <span class='ocr_line' id='line_1_74' title="bbox 2397 884 4348 971; baseline -0.001 -19"><span class='ocrx_word' id='word_1_463' title='bbox 2397 887 2618 952; x_wconf 87' lang='lat' dir='ltr'>Deum</span> <span class='ocrx_word' id='word_1_464' title='bbox 2683 886 3170 954; x_wconf 88' lang='lat' dir='ltr'>commendatos</span> <span class='ocrx_word' id='word_1_465' title='bbox 3237 887 3481 953; x_wconf 90' lang='lat' dir='ltr'>habeas</span> <span class='ocrx_word' id='word_1_466' title='bbox 3535 906 3711 971; x_wconf 89' lang='lat' dir='ltr'>rogo.</span> <span class='ocrx_word' id='word_1_467' title='bbox 3800 887 4015 952; x_wconf 85' lang='lat' dir='ltr'>Datae</span> <span class='ocrx_word' id='word_1_468' title='bbox 4060 884 4348 952; x_wconf 81' lang='lat' dir='ltr'>Franco-</span> 
     </span>
     <span class='ocr_line' id='line_1_75' title="bbox 2397 972 4264 1041; baseline -0.001 -4"><span class='ocrx_word' id='word_1_469' title='bbox 2397 973 2561 1037; x_wconf 79' lang='lat' dir='ltr'>f-urti</span> <span class='ocrx_word' id='word_1_470' title='bbox 2603 972 2686 1038; x_wconf 90' lang='lat' dir='ltr'>ad</span> <span class='ocrx_word' id='word_1_471' title='bbox 2720 974 3042 1041; x_wconf 83' lang='lat' dir='ltr'>Moenum</span> <span class='ocrx_word' id='word_1_472' title='bbox 3075 972 3384 1040; x_wconf 86' lang='lat' dir='ltr'>Calendis</span> <span class='ocrx_word' id='word_1_473' title='bbox 3428 973 3813 1039; x_wconf 89' lang='lat' dir='ltr'>Decembris</span> <span class='ocrx_word' id='word_1_474' title='bbox 3857 993 4031 1037; x_wconf 93' lang='lat' dir='ltr'>anno</span> <span class='ocrx_word' id='word_1_475' title='bbox 4086 975 4264 1036; x_wconf 85' lang='lat'>1555.</span> 
     </span>
    </p>
   </div>
   <div class='ocr_carea' id='block_1_18' title="bbox 3286 1109 4348 1281">
    <p class='ocr_par' dir='ltr' id='par_1_22' title="bbox 3286 1109 4348 1281">
     <span class='ocr_line' id='line_1_76' title="bbox 3523 1109 4091 1176; baseline -0.005 0"><span class='ocrx_word' id='word_1_476' title='bbox 3523 1111 3706 1176; x_wconf 79' lang='lat' dir='ltr'>Tuus</span> <span class='ocrx_word' id='word_1_477' title='bbox 3740 1130 3822 1174; x_wconf 93' lang='lat' dir='ltr'>ex</span> <span class='ocrx_word' id='word_1_478' title='bbox 3870 1109 4091 1174; x_wconf 89' lang='lat' dir='ltr'>animo</span> 
     </span>
     <span class='ocr_line' id='line_1_77' title="bbox 3286 1195 4348 1281; baseline -0.004 -18"><span class='ocrx_word' id='word_1_479' title='bbox 3286 1197 3566 1263; x_wconf 89' lang='lat' dir='ltr'>Ioannes</span> <span class='ocrx_word' id='word_1_480' title='bbox 3610 1218 3650 1262; x_wconf 93' lang='lat' dir='ltr'>a</span> <span class='ocrx_word' id='word_1_481' title='bbox 3685 1195 4074 1281; x_wconf 85' lang='lat' dir='ltr'>Glauburgo</span> <span class='ocrx_word' id='word_1_482' title='bbox 4108 1195 4348 1260; x_wconf 86' lang='lat' dir='ltr'>senior.</span> 
     </span>
    </p>
   </div>
   <div class='ocr_carea' id='block_1_19' title="bbox 2392 1434 4350 2554">
    <p class='ocr_par' dir='ltr' id='par_1_23' title="bbox 2392 1434 4350 2554">
     <span class='ocr_line' id='line_1_78' title="bbox 2568 1434 4349 1520; baseline 0.001 -18"><span class='ocrx_word' id='word_1_483' title='bbox 2568 1437 2987 1504; x_wconf 87' lang='lat' dir='ltr'>Venerabilis</span> <span class='ocrx_word' id='word_1_484' title='bbox 3045 1437 3348 1513; x_wconf 89' lang='lat' dir='ltr'>Domine,</span> <span class='ocrx_word' id='word_1_485' title='bbox 3396 1458 3602 1520; x_wconf 90' lang='lat' dir='ltr'>quum</span> <span class='ocrx_word' id='word_1_486' title='bbox 3643 1436 3777 1502; x_wconf 85' lang='lat' dir='ltr'>iam</span> <span class='ocrx_word' id='word_1_487' title='bbox 3821 1435 4169 1520; x_wconf 88' lang='lat' dir='ltr'>obsignare</span> <span class='ocrx_word' id='word_1_488' title='bbox 4211 1434 4349 1503; x_wconf 84' lang='lat' dir='ltr'>vel·</span> 
     </span>
     <span class='ocr_line' id='line_1_79' title="bbox 2396 1520 4350 1605; baseline -0.001 -17"><span class='ocrx_word' id='word_1_489' title='bbox 2396 1523 2528 1589; x_wconf 91' lang='lat' dir='ltr'>lem</span> <span class='ocrx_word' id='word_1_490' title='bbox 2564 1524 2687 1590; x_wconf 93' lang='lat' dir='ltr'>has</span> <span class='ocrx_word' id='word_1_491' title='bbox 2720 1524 2950 1590; x_wconf 86' lang='lat' dir='ltr'>literas</span> <span class='ocrx_word' id='word_1_492' title='bbox 2988 1525 3171 1589; x_wconf 87' lang='lat' dir='ltr'>venit</span> <span class='ocrx_word' id='word_1_493' title='bbox 3203 1523 3369 1588; x_wconf 85' lang='lat' dir='ltr'>mihi</span> <span class='ocrx_word' id='word_1_494' title='bbox 3403 1523 3478 1588; x_wconf 89' lang='lat' dir='ltr'>in</span> <span class='ocrx_word' id='word_1_495' title='bbox 3503 1532 3809 1596; x_wconf 91' lang='lat' dir='ltr'>mentem,</span> <span class='ocrx_word' id='word_1_496' title='bbox 3846 1543 3983 1587; x_wconf 93' lang='lat' dir='ltr'>non</span> <span class='ocrx_word' id='word_1_497' title='bbox 4017 1520 4214 1605; x_wconf 91' lang='lat' dir='ltr'>plane</span> <span class='ocrx_word' id='word_1_498' title='bbox 4245 1523 4350 1587; x_wconf 93' lang='lat' dir='ltr'>in-</span> 
     </span>
     <span class='ocr_line' id='line_1_80' title="bbox 2396 1607 4349 1694; baseline -0.001 -19"><span class='ocrx_word' id='word_1_499' title='bbox 2396 1610 2787 1694; x_wconf 79' lang='lat' dir='ltr'>frugiferum</span> <span class='ocrx_word' id='word_1_500' title='bbox 2839 1611 3138 1675; x_wconf 86' lang='lat' dir='ltr'>futurum</span> <span class='ocrx_word' id='word_1_501' title='bbox 3197 1618 3287 1685; x_wconf 90' lang='lat' dir='ltr'>ut,</span> <span class='ocrx_word' id='word_1_502' title='bbox 3350 1610 3521 1674; x_wconf 89' lang='lat' dir='ltr'>sicut</span> <span class='ocrx_word' id='word_1_503' title='bbox 3566 1608 3645 1674; x_wconf 89' lang='lat' dir='ltr'>de</span> <span class='ocrx_word' id='word_1_504' title='bbox 3688 1607 4119 1673; x_wconf 87' lang='lat' dir='ltr'>adhortandis</span> <span class='ocrx_word' id='word_1_505' title='bbox 4160 1629 4349 1691; x_wconf 89' lang='lat' dir='ltr'>pere-</span> 
     </span>
     <span class='ocr_line' id='line_1_81' title="bbox 2397 1693 4350 1779; baseline -0.001 -18"><span class='ocrx_word' id='word_1_506' title='bbox 2397 1697 2607 1779; x_wconf 79' lang='lat' dir='ltr'>grinis</span> <span class='ocrx_word' id='word_1_507' title='bbox 2650 1693 2983 1771; x_wconf 86' lang='lat' dir='ltr'>admonui,</span> <span class='ocrx_word' id='word_1_508' title='bbox 3018 1696 3195 1761; x_wconf 92' lang='lat' dir='ltr'>idem</span> <span class='ocrx_word' id='word_1_509' title='bbox 3238 1694 3322 1760; x_wconf 89' lang='lat' dir='ltr'>ad</span> <span class='ocrx_word' id='word_1_510' title='bbox 3364 1704 3625 1761; x_wconf 89' lang='lat' dir='ltr'>nostros</span> <span class='ocrx_word' id='word_1_511' title='bbox 3661 1695 4154 1760; x_wconf 91' lang='lat' dir='ltr'>concionatores</span> <span class='ocrx_word' id='word_1_512' title='bbox 4178 1693 4350 1760; x_wconf 83' lang='lat' dir='ltr'>Ger-</span> 
     </span>
     <span class='ocr_line' id='line_1_82' title="bbox 2395 1778 4349 1866; baseline -0.001 -20"><span class='ocrx_word' id='word_1_513' title='bbox 2395 1802 2643 1861; x_wconf 85' lang='lat' dir='ltr'>manos,</span> <span class='ocrx_word' id='word_1_514' title='bbox 2726 1780 2985 1849; x_wconf 87' lang='lat' dir='ltr'>diverso</span> <span class='ocrx_word' id='word_1_515' title='bbox 3051 1791 3274 1847; x_wconf 87' lang='lat' dir='ltr'>tamen</span> <span class='ocrx_word' id='word_1_516' title='bbox 3355 1790 3765 1865; x_wconf 89' lang='lat' dir='ltr'>argumento,</span> <span class='ocrx_word' id='word_1_517' title='bbox 3833 1803 3873 1847; x_wconf 93' lang='lat' dir='ltr'>a</span> <span class='ocrx_word' id='word_1_518' title='bbox 3929 1788 3998 1845; x_wconf 87' lang='lat' dir='ltr'>te</span> <span class='ocrx_word' id='word_1_519' title='bbox 4061 1781 4266 1845; x_wconf 85' lang='lat' dir='ltr'>fieret.</span> <span class='ocrx_word' id='word_1_520' title='bbox 4292 1778 4349 1866; x_wconf 93' lang='lat'>⁷)</span> 
     </span>
     <span class='ocr_line' id='line_1_83' title="bbox 2396 1865 4350 1953; baseline -0.002 -20"><span class='ocrx_word' id='word_1_521' title='bbox 2396 1867 2570 1933; x_wconf 90' lang='lat' dir='ltr'>Nam</span> <span class='ocrx_word' id='word_1_522' title='bbox 2634 1868 2929 1953; x_wconf 87' lang='lat' dir='ltr'>intelligo</span> <span class='ocrx_word' id='word_1_523' title='bbox 2987 1868 3233 1951; x_wconf 87' lang='lat' dir='ltr'>aliquot</span> <span class='ocrx_word' id='word_1_524' title='bbox 3276 1890 3360 1932; x_wconf 91' lang='lat' dir='ltr'>ex</span> <span class='ocrx_word' id='word_1_525' title='bbox 3402 1867 3968 1934; x_wconf 84' lang='lat' dir='ltr'>concionatoribus</span> <span class='ocrx_word' id='word_1_526' title='bbox 4011 1865 4350 1950; x_wconf 84' lang='lat' dir='ltr'>evangeli-</span> 
     </span>
     <span class='ocr_line' id='line_1_84' title="bbox 2396 1951 4349 2038; baseline -0.003 -17"><span class='ocrx_word' id='word_1_527' title='bbox 2396 1954 2492 2021; x_wconf 89' lang='lat' dir='ltr'>cis</span> <span class='ocrx_word' id='word_1_528' title='bbox 2549 1961 2657 2031; x_wconf 87' lang='lat' dir='ltr'>(ut</span> <span class='ocrx_word' id='word_1_529' title='bbox 2711 1953 3031 2038; x_wconf 90' lang='lat' dir='ltr'>appellari</span> <span class='ocrx_word' id='word_1_530' title='bbox 3085 1954 3347 2035; x_wconf 79' lang='lat' dir='ltr'>volunt)</span> <span class='ocrx_word' id='word_1_531' title='bbox 3394 1953 3613 2019; x_wconf 90' lang='lat' dir='ltr'>nescio</span> <span class='ocrx_word' id='word_1_532' title='bbox 3655 1974 3782 2035; x_wconf 92' lang='lat' dir='ltr'>quo</span> <span class='ocrx_word' id='word_1_533' title='bbox 3825 1952 4064 2036; x_wconf 90' lang='lat' dir='ltr'>spiritu</span> <span class='ocrx_word' id='word_1_534' title='bbox 4107 1951 4349 2035; x_wconf 90' lang='lat' dir='ltr'>impul-</span> 
     </span>
     <span class='ocr_line' id='line_1_85' title="bbox 2396 2037 4346 2125; baseline -0.003 -18"><span class='ocrx_word' id='word_1_535' title='bbox 2396 2061 2524 2120; x_wconf 90' lang='lat' dir='ltr'>sos,</span> <span class='ocrx_word' id='word_1_536' title='bbox 2582 2040 2997 2106; x_wconf 86' lang='lat' dir='ltr'>dissimulata</span> <span class='ocrx_word' id='word_1_537' title='bbox 3044 2041 3306 2125; x_wconf 89' lang='lat' dir='ltr'>penitus</span> <span class='ocrx_word' id='word_1_538' title='bbox 3353 2042 3761 2124; x_wconf 89' lang='lat' dir='ltr'>papistarum</span> <span class='ocrx_word' id='word_1_539' title='bbox 3824 2037 4212 2116; x_wconf 72' lang='lat' dir='ltr'>idololatria,</span> <span class='ocrx_word' id='word_1_540' title='bbox 4275 2038 4346 2102; x_wconf 92' lang='lat' dir='ltr'>in</span> 
     </span>
     <span class='ocr_line' id='line_1_86' title="bbox 2394 2124 4347 2210; baseline -0.003 -16"><span class='ocrx_word' id='word_1_541' title='bbox 2394 2148 2555 2194; x_wconf 81' lang='lat' dir='ltr'>vera</span> <span class='ocrx_word' id='word_1_542' title='bbox 2576 2127 2830 2193; x_wconf 87' lang='lat' dir='ltr'>Christi</span> <span class='ocrx_word' id='word_1_543' title='bbox 2850 2127 3162 2204; x_wconf 91' lang='lat' dir='ltr'>membra,</span> <span class='ocrx_word' id='word_1_544' title='bbox 3197 2146 3366 2210; x_wconf 89' lang='lat' dir='ltr'>quae</span> <span class='ocrx_word' id='word_1_545' title='bbox 3402 2128 3625 2190; x_wconf 83' lang='lat' dir='ltr'>fovere</span> <span class='ocrx_word' id='word_1_546' title='bbox 3646 2124 3988 2203; x_wconf 91' lang='lat' dir='ltr'>debebant,</span> <span class='ocrx_word' id='word_1_547' title='bbox 4033 2136 4347 2207; x_wconf 91' lang='lat' dir='ltr'>tanquam</span> 
     </span>
     <span class='ocr_line' id='line_1_87' title="bbox 2393 2210 4349 2298; baseline -0.002 -20"><span class='ocrx_word' id='word_1_548' title='bbox 2393 2213 2467 2278; x_wconf 90' lang='lat' dir='ltr'>in</span> <span class='ocrx_word' id='word_1_549' title='bbox 2533 2213 2804 2298; x_wconf 88' lang='lat' dir='ltr'>propria</span> <span class='ocrx_word' id='word_1_550' title='bbox 2861 2214 3112 2279; x_wconf 85' lang='lat' dir='ltr'>viscera</span> <span class='ocrx_word' id='word_1_551' title='bbox 3167 2212 3426 2278; x_wconf 81' lang='lat' dir='ltr'>saevire</span> <span class='ocrx_word' id='word_1_552' title='bbox 3471 2220 3592 2277; x_wconf 90' lang='lat' dir='ltr'>etc.</span> <span class='ocrx_word' id='word_1_553' title='bbox 3629 2219 3750 2276; x_wconf 88' lang='lat' dir='ltr'>etc.</span> <span class='ocrx_word' id='word_1_554' title='bbox 3839 2210 3941 2276; x_wconf 89' lang='lat' dir='ltr'>Ex</span> <span class='ocrx_word' id='word_1_555' title='bbox 3983 2231 4113 2295; x_wconf 91' lang='lat' dir='ltr'>quo</span> <span class='ocrx_word' id='word_1_556' title='bbox 4154 2211 4232 2275; x_wconf 89' lang='lat' dir='ltr'>fit</span> <span class='ocrx_word' id='word_1_557' title='bbox 4273 2219 4349 2275; x_wconf 91' lang='lat' dir='ltr'>ut</span> 
     </span>
     <span class='ocr_line' id='line_1_88' title="bbox 2393 2296 4349 2383; baseline -0.002 -19"><span class='ocrx_word' id='word_1_558' title='bbox 2393 2320 2528 2364; x_wconf 93' lang='lat' dir='ltr'>non</span> <span class='ocrx_word' id='word_1_559' title='bbox 2571 2300 2784 2365; x_wconf 90' lang='lat' dir='ltr'>solum</span> <span class='ocrx_word' id='word_1_560' title='bbox 2817 2300 3014 2365; x_wconf 93' lang='lat' dir='ltr'>multi</span> <span class='ocrx_word' id='word_1_561' title='bbox 3056 2298 3151 2383; x_wconf 90' lang='lat' dir='ltr'>pii</span> <span class='ocrx_word' id='word_1_562' title='bbox 3182 2296 3621 2372; x_wconf 86' lang='lat' dir='ltr'>offendantur,</span> <span class='ocrx_word' id='word_1_563' title='bbox 3679 2296 3793 2362; x_wconf 90' lang='lat' dir='ltr'>sed</span> <span class='ocrx_word' id='word_1_564' title='bbox 3829 2298 4035 2362; x_wconf 90' lang='lat' dir='ltr'>maior</span> <span class='ocrx_word' id='word_1_565' title='bbox 4076 2296 4211 2361; x_wconf 92' lang='lat' dir='ltr'>iam</span> <span class='ocrx_word' id='word_1_566' title='bbox 4253 2297 4349 2361; x_wconf 88' lang='lat' dir='ltr'>fe-</span> 
     </span>
     <span class='ocr_line' id='line_1_89' title="bbox 2393 2381 4345 2470; baseline -0.001 -21"><span class='ocrx_word' id='word_1_567' title='bbox 2393 2394 2622 2451; x_wconf 90' lang='lat' dir='ltr'>nestra</span> <span class='ocrx_word' id='word_1_568' title='bbox 2675 2386 2998 2470; x_wconf 88' lang='lat' dir='ltr'>patefacta</span> <span class='ocrx_word' id='word_1_569' title='bbox 3054 2385 3143 2451; x_wconf 88' lang='lat' dir='ltr'>sit</span> <span class='ocrx_word' id='word_1_570' title='bbox 3207 2383 3506 2450; x_wconf 82' lang='lat' dir='ltr'>hostibus</span> <span class='ocrx_word' id='word_1_571' title='bbox 3567 2382 3895 2468; x_wconf 86' lang='lat' dir='ltr'>evangelii</span> <span class='ocrx_word' id='word_1_572' title='bbox 3950 2381 4345 2467; x_wconf 89' lang='lat' dir='ltr'>obloquendi</span> 
     </span>
     <span class='ocr_line' id='line_1_90' title="bbox 2392 2469 4195 2554; baseline -0.002 -18"><span class='ocrx_word' id='word_1_573' title='bbox 2392 2478 2463 2536; x_wconf 88' lang='lat' dir='ltr'>et</span> <span class='ocrx_word' id='word_1_574' title='bbox 2503 2471 2944 2538; x_wconf 80' lang='lat' dir='ltr'>calumniandi</span> <span class='ocrx_word' id='word_1_575' title='bbox 2989 2491 3217 2539; x_wconf 81' lang='lat' dir='ltr'>veram</span> <span class='ocrx_word' id='word_1_576' title='bbox 3264 2469 3672 2554; x_wconf 89' lang='lat' dir='ltr'>religionem.</span> <span class='ocrx_word' id='word_1_577' title='bbox 3759 2472 3958 2535; x_wconf 88' lang='lat' dir='ltr'>Anno</span> <span class='ocrx_word' id='word_1_578' title='bbox 4010 2472 4195 2533; x_wconf 82' lang='lat'><strong>1555.</strong></span> 
     </span>
    </p>
   </div>
   <div class='ocr_carea' id='block_1_20' title="bbox 3265 2605 4343 2776">
    <p class='ocr_par' dir='ltr' id='par_1_24' title="bbox 3265 2605 4343 2776">
     <span class='ocr_line' id='line_1_91' title="bbox 3512 2605 4088 2672; baseline -0.002 0"><span class='ocrx_word' id='word_1_579' title='bbox 3512 2608 3694 2672; x_wconf 73' lang='lat' dir='ltr'>Tuus</span> <span class='ocrx_word' id='word_1_580' title='bbox 3737 2627 3822 2671; x_wconf 89' lang='lat' dir='ltr'>ex</span> <span class='ocrx_word' id='word_1_581' title='bbox 3866 2605 4088 2671; x_wconf 89' lang='lat' dir='ltr'>animo</span> 
     </span>
     <span class='ocr_line' id='line_1_92' title="bbox 3265 2689 4343 2776; baseline -0.006 -16"><span class='ocrx_word' id='word_1_582' title='bbox 3265 2693 3552 2760; x_wconf 89' lang='lat' dir='ltr'>Ioannes</span> <span class='ocrx_word' id='word_1_583' title='bbox 3596 2714 3636 2758; x_wconf 93' lang='lat' dir='ltr'>a</span> <span class='ocrx_word' id='word_1_584' title='bbox 3671 2692 4060 2776; x_wconf 83' lang='lat' dir='ltr'>Glauburgo</span> <span class='ocrx_word' id='word_1_585' title='bbox 4105 2689 4343 2756; x_wconf 83' lang='lat' dir='ltr'>senior.</span> 
     </span>
    </p>
   </div>
   <div class='ocr_carea' id='block_1_21' title="bbox 2879 3208 3847 3434">
    <p class='ocr_par' dir='ltr' id='par_1_25' title="bbox 2879 3208 3847 3434">
     <span class='ocr_line' id='line_1_93' title="bbox 3270 3208 3473 3281; baseline 0 0"><span class='ocrx_word' id='word_1_586' title='bbox 3270 3208 3473 3281; x_wconf 75' lang='lat'><strong>2852.</strong></span> 
     </span>
     <span class='ocr_line' id='line_1_94' title="bbox 2879 3362 3847 3434; baseline -0.004 0"><span class='ocrx_word' id='word_1_587' title='bbox 2879 3364 3372 3434; x_wconf 81' lang='lat' dir='ltr'>POLLANUS</span> <span class='ocrx_word' id='word_1_588' title='bbox 3408 3362 3847 3432; x_wconf 79' lang='lat' dir='ltr'>OALVINO.</span> 
     </span>
    </p>
   </div>
   <div class='ocr_carea' id='block_1_22' title="bbox 2384 3535 4345 3883">
    <p class='ocr_par' dir='ltr' id='par_1_26' title="bbox 2384 3535 4345 3883">
     <span class='ocr_line' id='line_1_95' title="bbox 2575 3535 4343 3621; baseline -0.001 -16"><span class='ocrx_word' id='word_1_589' title='bbox 2575 3538 2778 3605; x_wconf 69' lang='lat' dir='ltr'>Varia</span> <span class='ocrx_word' id='word_1_590' title='bbox 2855 3543 3082 3607; x_wconf 76' lang='lat' dir='ltr'>narrat</span> <span class='ocrx_word' id='word_1_591' title='bbox 3156 3538 3235 3605; x_wconf 80' lang='lat' dir='ltr'>de</span> <span class='ocrx_word' id='word_1_592' title='bbox 3289 3542 3463 3603; x_wconf 76' lang='lat' dir='ltr'>statu</span> <span class='ocrx_word' id='word_1_593' title='bbox 3524 3535 3813 3602; x_wconf 74' lang='lat' dir='ltr'>ecclesiae</span> <span class='ocrx_word' id='word_1_594' title='bbox 3861 3537 4343 3621; x_wconf 56' lang='lat' dir='ltr'>peregrinorum</span> 
     </span>
     <span class='ocr_line' id='line_1_96' title="bbox 2389 3622 4345 3708; baseline -0.001 -17"><span class='ocrx_word' id='word_1_595' title='bbox 2389 3624 3007 3708; x_wconf 70' lang='lat' dir='ltr'>Francofordieneis,</span> <span class='ocrx_word' id='word_1_596' title='bbox 3042 3623 3208 3691; x_wconf 73' lang='lat' dir='ltr'>alios</span> <span class='ocrx_word' id='word_1_597' title='bbox 3247 3628 3488 3701; x_wconf 71' lang='lat' dir='ltr'>notan-3,</span> <span class='ocrx_word' id='word_1_598' title='bbox 3524 3622 3687 3688; x_wconf 73' lang='lat' dir='ltr'>alios</span> <span class='ocrx_word' id='word_1_599' title='bbox 3729 3623 4024 3702; x_wconf 69' lang='lat' dir='ltr'>laudm,</span> <span class='ocrx_word' id='word_1_600' title='bbox 4068 3623 4345 3690; x_wconf 65' lang='lat' dir='ltr'>mnne</span> 
     </span>
     <span class='ocr_line' id='line_1_97' title="bbox 2384 3708 4344 3795; baseline -0.002 -17"><span class='ocrx_word' id='word_1_601' title='bbox 2384 3712 2798 3795; x_wconf 65' lang='lat' dir='ltr'>semetipsmn,</span> <span class='ocrx_word' id='word_1_602' title='bbox 2831 3712 3064 3778; x_wconf 73' lang='lat' dir='ltr'>scilicet</span> <span class='ocrx_word' id='word_1_603' title='bbox 3097 3710 3595 3777; x_wconf 71' lang='lat' dir='ltr'>innocenti-ssime</span> <span class='ocrx_word' id='word_1_604' title='bbox 3635 3709 3980 3776; x_wconf 75' lang='lat' dir='ltr'>calumniis</span> <span class='ocrx_word' id='word_1_605' title='bbox 4013 3708 4344 3776; x_wconf 67' lang='lat' dir='ltr'>obnoxium</span> 
     </span>
     <span class='ocr_line' id='line_1_98' title="bbox 2386 3794 3831 3883; baseline -0.005 -18"><span class='ocrx_word' id='word_1_606' title='bbox 2386 3804 2446 3865; x_wconf 73' lang='lat' dir='ltr'>et</span> <span class='ocrx_word' id='word_1_607' title='bbox 2482 3798 2698 3865; x_wconf 69' lang='lat' dir='ltr'>munia</span> <span class='ocrx_word' id='word_1_608' title='bbox 2719 3819 2846 3883; x_wconf 74' lang='lat' dir='ltr'>pro</span> <span class='ocrx_word' id='word_1_609' title='bbox 2894 3796 3147 3866; x_wconf 74' lang='lat' dir='ltr'>Christo</span> <span class='ocrx_word' id='word_1_610' title='bbox 3168 3798 3484 3879; x_wconf 62' lang='lat' dir='ltr'>patienter</span> <span class='ocrx_word' id='word_1_611' title='bbox 3517 3794 3831 3877; x_wconf 77' lang='lat' dir='ltr'>ferentem.</span> 
     </span>
    </p>
   </div>
   <div class='ocr_carea' id='block_1_23' title="bbox 2713 3961 4031 4040">
    <p class='ocr_par' dir='ltr' id='par_1_27' title="bbox 2713 3961 4031 4040">
     <span class='ocr_line' id='line_1_99' title="bbox 2713 3961 4031 4040; baseline -0.002 -15"><span class='ocrx_word' id='word_1_612' title='bbox 2713 3971 2821 4039; x_wconf 77' lang='lat' dir='ltr'>(Ex</span> <span class='ocrx_word' id='word_1_613' title='bbox 2854 3970 3195 4040; x_wconf 75' lang='lat' dir='ltr'>autographo</span> <span class='ocrx_word' id='word_1_614' title='bbox 3231 3967 3362 4024; x_wconf 87' lang='lat' dir='ltr'>Cod.</span> <span class='ocrx_word' id='word_1_615' title='bbox 3401 3966 3564 4022; x_wconf 83' lang='lat' dir='ltr'>Goth.</span> <span class='ocrx_word' id='word_1_616' title='bbox 3601 3964 3723 4034; x_wconf 76' lang='lat'>404,</span> <span class='ocrx_word' id='word_1_617' title='bbox 3757 3966 3850 4022; x_wconf 80' lang='lat' dir='ltr'>foL</span> <span class='ocrx_word' id='word_1_618' title='bbox 3889 3961 4031 4035; x_wconf 70' lang='lat'>76⁹1.)</span> 
     </span>
    </p>
   </div>
   <div class='ocr_carea' id='block_1_24' title="bbox 2390 4138 4348 4465">
    <p class='ocr_par' dir='ltr' id='par_1_28' title="bbox 2390 4138 4348 4465">
     <span class='ocr_line' id='line_1_100' title="bbox 2562 4138 4348 4228; baseline -0.004 -16"><span class='ocrx_word' id='word_1_619' title='bbox 2562 4144 2949 4212; x_wconf 88' lang='lat' dir='ltr'>Clarissimo</span> <span class='ocrx_word' id='word_1_620' title='bbox 2996 4144 3305 4228; x_wconf 87' lang='lat' dir='ltr'>theologo</span> <span class='ocrx_word' id='word_1_621' title='bbox 3360 4150 3428 4207; x_wconf 90' lang='lat' dir='ltr'>et</span> <span class='ocrx_word' id='word_1_622' title='bbox 3474 4140 4042 4224; x_wconf 87' lang='lat' dir='ltr'>praestantissimo</span> <span class='ocrx_word' id='word_1_623' title='bbox 4092 4138 4348 4207; x_wconf 85' lang='lat' dir='ltr'>Christi</span> 
     </span>
     <span class='ocr_line' id='line_1_101' title="bbox 2390 4225 4347 4313; baseline -0.005 -12"><span class='ocrx_word' id='word_1_624' title='bbox 2390 4254 2583 4301; x_wconf 84' lang='lat' dir='ltr'>servo</span> <span class='ocrx_word' id='word_1_625' title='bbox 2648 4231 2735 4300; x_wconf 90' lang='lat' dir='ltr'>D.</span> <span class='ocrx_word' id='word_1_626' title='bbox 2801 4229 3034 4296; x_wconf 89' lang='lat' dir='ltr'>Ioanni</span> <span class='ocrx_word' id='word_1_627' title='bbox 3102 4228 3381 4297; x_wconf 82' lang='lat' dir='ltr'>Calvino</span> <span class='ocrx_word' id='word_1_628' title='bbox 3444 4227 3762 4313; x_wconf 84' lang='lat' dir='ltr'>magistro</span> <span class='ocrx_word' id='word_1_629' title='bbox 3829 4248 3904 4293; x_wconf 88' lang='lat' dir='ltr'>ac</span> <span class='ocrx_word' id='word_1_630' title='bbox 3968 4226 4230 4309; x_wconf 88' lang='lat' dir='ltr'>parenti</span> <span class='ocrx_word' id='word_1_631' title='bbox 4272 4225 4347 4291; x_wconf 92' lang='lat' dir='ltr'>in</span> 
     </span>
     <span class='ocr_line' id='line_1_102' title="bbox 2390 4315 4172 4465; baseline -0.006 -78"><span class='ocrx_word' id='word_1_632' title='bbox 2390 4319 2663 4387; x_wconf 85' lang='lat' dir='ltr'>Christo</span> <span class='ocrx_word' id='word_1_633' title='bbox 2705 4315 3102 4385; x_wconf 84' lang='lat' dir='ltr'>venerando.</span> <span class='ocrx_word' id='word_1_634' title='bbox 3834 4397 4172 4465; x_wconf 41' lang='lat' dir='ltr'>Gemme-</span> 
     </span>
    </p>
   </div>
   <div class='ocr_carea' id='block_1_25' title="bbox 2388 4570 4347 5002">
    <p class='ocr_par' dir='ltr' id='par_1_29' title="bbox 2388 4570 4347 5002">
     <span class='ocr_line' id='line_1_103' title="bbox 2564 4570 4347 4657; baseline -0.004 -14"><span class='ocrx_word' id='word_1_635' title='bbox 2564 4575 2635 4644; x_wconf 78' lang='lat' dir='ltr'>S.</span> <span class='ocrx_word' id='word_1_636' title='bbox 2701 4577 2779 4643; x_wconf 91' lang='grc' dir='ltr'>Ρ.</span> <span class='ocrx_word' id='word_1_637' title='bbox 2827 4575 3016 4657; x_wconf 79' lang='lat' dir='ltr'>Quae</span> <span class='ocrx_word' id='word_1_638' title='bbox 3078 4574 3265 4642; x_wconf 83' lang='lat' dir='ltr'>vobis</span> <span class='ocrx_word' id='word_1_639' title='bbox 3326 4577 3779 4657; x_wconf 82' lang='lat' dir='ltr'>exposuerunt</span> <span class='ocrx_word' id='word_1_640' title='bbox 3834 4570 4067 4653; x_wconf 88' lang='lat' dir='ltr'>optimi</span> <span class='ocrx_word' id='word_1_641' title='bbox 4109 4570 4347 4636; x_wconf 79' lang='lat' dir='ltr'>fratres</span> 
     </span>
     <span class='ocr_line' id='line_1_104' title="bbox 2389 4657 4347 4738; baseline -0.005 -7"><span class='ocrx_word' id='word_1_642' title='bbox 2389 4666 2476 4731; x_wconf 90' lang='lat' dir='ltr'>D.</span> <span class='ocrx_word' id='word_1_643' title='bbox 2507 4663 2973 4730; x_wconf 70' lang='lat' dir='ltr'>Sandandreas</span> <span class='ocrx_word' id='word_1_644' title='bbox 3005 4668 3076 4727; x_wconf 90' lang='lat' dir='ltr'>et</span> <span class='ocrx_word' id='word_1_645' title='bbox 3116 4660 3198 4727; x_wconf 90' lang='lat' dir='ltr'>D.</span> <span class='ocrx_word' id='word_1_646' title='bbox 3329 4659 3343 4674; x_wconf 83' lang='lat'><strong><em>&#39;</em></strong></span> <span class='ocrx_word' id='word_1_647' title='bbox 3431 4659 3444 4672; x_wconf 75' lang='lat'><em>⁶</em></span> <span class='ocrx_word' id='word_1_648' title='bbox 3490 4678 3587 4738; x_wconf 77' lang='lat' dir='ltr'>us,</span> <span class='ocrx_word' id='word_1_649' title='bbox 3614 4661 3668 4734; x_wconf 84' lang='lat'>²)</span> <span class='ocrx_word' id='word_1_650' title='bbox 3713 4657 3968 4721; x_wconf 85' lang='lat' dir='ltr'>utinam</span> <span class='ocrx_word' id='word_1_651' title='bbox 4011 4663 4150 4721; x_wconf 89' lang='lat' dir='ltr'>tam</span> <span class='ocrx_word' id='word_1_652' title='bbox 4184 4675 4347 4722; x_wconf 77' lang='lat' dir='ltr'>vera</span> 
     </span>
     <span class='ocr_line' id='line_1_105' title="bbox 2390 4744 4343 4832; baseline -0.005 -14"><span class='ocrx_word' id='word_1_653' title='bbox 2390 4757 2610 4818; x_wconf 84' lang='lat' dir='ltr'>essent</span> <span class='ocrx_word' id='word_1_654' title='bbox 2674 4769 2872 4832; x_wconf 90' lang='lat' dir='ltr'>quam</span> <span class='ocrx_word' id='word_1_655' title='bbox 2925 4767 3063 4814; x_wconf 91' lang='lat' dir='ltr'>non</span> <span class='ocrx_word' id='word_1_656' title='bbox 3115 4747 3260 4814; x_wconf 89' lang='lat' dir='ltr'>sine</span> <span class='ocrx_word' id='word_1_657' title='bbox 3302 4745 3384 4811; x_wconf 92' lang='lat' dir='ltr'>do</span> <span class='ocrx_word' id='word_1_658' title='bbox 3410 4765 3523 4811; x_wconf 89' lang='lat' dir='ltr'>ore</span> <span class='ocrx_word' id='word_1_659' title='bbox 3566 4744 3870 4828; x_wconf 89' lang='lat' dir='ltr'>experior</span> <span class='ocrx_word' id='word_1_660' title='bbox 3911 4762 4019 4808; x_wconf 93' lang='lat' dir='ltr'>me</span> <span class='ocrx_word' id='word_1_661' title='bbox 4054 4763 4189 4807; x_wconf 93' lang='lat' dir='ltr'>non</span> <span class='ocrx_word' id='word_1_662' title='bbox 4225 4761 4343 4809; x_wconf 82' lang='lat' dir='ltr'>va-</span> 
     </span>
     <span class='ocr_line' id='line_1_106' title="bbox 2388 4828 4343 4917; baseline -0.005 -14"><span class='ocrx_word' id='word_1_663' title='bbox 2388 4857 2554 4904; x_wconf 93' lang='lat' dir='ltr'>num</span> <span class='ocrx_word' id='word_1_664' title='bbox 2595 4835 2803 4901; x_wconf 86' lang='lat' dir='ltr'>fuisse</span> <span class='ocrx_word' id='word_1_665' title='bbox 2834 4842 3055 4901; x_wconf 80' lang='lat' dir='ltr'>vatem</span> <span class='ocrx_word' id='word_1_666' title='bbox 3099 4854 3303 4917; x_wconf 92' lang='lat' dir='ltr'>quum</span> <span class='ocrx_word' id='word_1_667' title='bbox 3346 4841 3483 4897; x_wconf 88' lang='lat' dir='ltr'>tam</span> <span class='ocrx_word' id='word_1_668' title='bbox 3505 4829 3734 4896; x_wconf 91' lang='lat' dir='ltr'>sedulo</span> <span class='ocrx_word' id='word_1_669' title='bbox 3769 4829 4003 4895; x_wconf 87' lang='lat' dir='ltr'>darent</span> <span class='ocrx_word' id='word_1_670' title='bbox 4037 4828 4147 4895; x_wconf 92' lang='lat' dir='ltr'>hic</span> <span class='ocrx_word' id='word_1_671' title='bbox 4187 4848 4343 4911; x_wconf 90' lang='lat' dir='ltr'>ope-</span> 
     </span>
     <span class='ocr_line' id='line_1_107' title="bbox 2389 4914 4343 5002; baseline -0.005 -13"><span class='ocrx_word' id='word_1_672' title='bbox 2389 4944 2536 4989; x_wconf 89' lang='lat' dir='ltr'>ram</span> <span class='ocrx_word' id='word_1_673' title='bbox 2594 4921 2784 4988; x_wconf 90' lang='lat' dir='ltr'>nobis</span> <span class='ocrx_word' id='word_1_674' title='bbox 2836 4919 3277 4988; x_wconf 85' lang='lat' dir='ltr'>conciliandis.</span> <span class='ocrx_word' id='word_1_675' title='bbox 3366 4915 3764 5001; x_wconf 81' lang='lat' dir='ltr'>Quanquam</span> <span class='ocrx_word' id='word_1_676' title='bbox 3797 4914 3996 5002; x_wconf 85' lang='lat' dir='ltr'>paulo</span> <span class='ocrx_word' id='word_1_677' title='bbox 4043 4921 4196 4980; x_wconf 87' lang='lat' dir='ltr'>ante</span> <span class='ocrx_word' id='word_1_678' title='bbox 4238 4934 4343 4980; x_wconf 88' lang='lat' dir='ltr'>re-</span> 
     </span>
    </p>
   </div>
   <div class='ocr_carea' id='block_1_26' title="bbox 2384 5078 2807 5095">
    <p class='ocr_par' dir='ltr' id='par_1_30' title="bbox 2384 5078 2807 5095">
     <span class='ocr_line' id='line_1_108' title="bbox 2384 5078 2807 5095; baseline 0 0"><span class='ocrx_word' id='word_1_679' title='bbox 2384 5078 2807 5095; x_wconf 95' lang='lat' dir='ltr'> </span> 
     </span>
    </p>
   </div>
   <div class='ocr_carea' id='block_1_27' title="bbox 2387 5156 4346 5441">
    <p class='ocr_par' dir='ltr' id='par_1_31' title="bbox 2387 5156 4346 5441">
     <span class='ocr_line' id='line_1_109' title="bbox 2597 5156 4344 5229; baseline -0.004 -11"><span class='ocrx_word' id='word_1_680' title='bbox 2597 5156 3640 5229; x_wconf 65' lang='lat' dir='ltr'>7)IntalidudioNo⁸mmnfhil</span> <span class='ocrx_word' id='word_1_681' title='bbox 3809 5156 4344 5211; x_wconf 60' lang='lat' dir='ltr'>moces-mm.</span> 
     </span>
     <span class='ocr_line' id='line_1_110' title="bbox 2397 5225 4346 5303; baseline -0.005 -15"><span class='ocrx_word' id='word_1_682' title='bbox 2397 5233 2577 5303; x_wconf 73' lang='lat' dir='ltr'>Quum</span> <span class='ocrx_word' id='word_1_683' title='bbox 2611 5248 2666 5290; x_wconf 77' lang='lat' dir='ltr'>a.</span> <span class='ocrx_word' id='word_1_684' title='bbox 2699 5229 2839 5285; x_wconf 80' lang='lat'><strong>1556</strong></span> <span class='ocrx_word' id='word_1_685' title='bbox 2870 5230 2990 5298; x_wconf 71' lang='lat' dir='ltr'>ipso</span> <span class='ocrx_word' id='word_1_686' title='bbox 3025 5227 3461 5297; x_wconf 67' lang='lat' dir='ltr'>Romulum-⁸</span> <span class='ocrx_word' id='word_1_687' title='bbox 3495 5226 3731 5281; x_wconf 71' lang='lat' dir='ltr'>venisset</span> <span class='ocrx_word' id='word_1_688' title='bbox 3818 5239 4015 5296; x_wconf 64' lang='lat' dir='ltr'>cyme</span> <span class='ocrx_word' id='word_1_689' title='bbox 4050 5239 4188 5280; x_wconf 74' lang='lat' dir='ltr'>casu</span> <span class='ocrx_word' id='word_1_690' title='bbox 4231 5225 4346 5293; x_wconf 69' lang='lat' dir='ltr'>ipso·</span> 
     </span>
     <span class='ocr_line' id='line_1_111' title="bbox 2387 5298 3050 5359; baseline -0.009 0"><span class='ocrx_word' id='word_1_691' title='bbox 2387 5305 2605 5359; x_wconf 67' lang='lat' dir='ltr'>obvium</span> <span class='ocrx_word' id='word_1_692' title='bbox 2638 5301 2738 5356; x_wconf 71' lang='lat' dir='ltr'>0¹·oe</span> <span class='ocrx_word' id='word_1_693' title='bbox 2770 5298 3050 5355; x_wconf 56' lang='lat' dir='ltr'>admavit.</span> 
     </span>
     <span class='ocr_line' id='line_1_112' title="bbox 2389 5361 3919 5441; baseline -0.007 -13"><span class='ocrx_word' id='word_1_694' title='bbox 2389 5370 2659 5440; x_wconf 69' lang='lat'>22521)</span> <span class='ocrx_word' id='word_1_695' title='bbox 2689 5370 2790 5441; x_wconf 70' lang='lat' dir='ltr'>qui</span> <span class='ocrx_word' id='word_1_696' title='bbox 2819 5384 2889 5423; x_wconf 73' lang='grc' dir='ltr'>οι.</span> <span class='ocrx_word' id='word_1_697' title='bbox 2927 5365 3228 5437; x_wconf 62' lang='lat' dir='ltr'>Septembri</span> <span class='ocrx_word' id='word_1_698' title='bbox 3258 5363 3563 5432; x_wconf 60' lang='lat' dir='ltr'>canoram</span> <span class='ocrx_word' id='word_1_699' title='bbox 3595 5363 3701 5428; x_wconf 82' lang='lat' dir='ltr'>(N.</span> <span class='ocrx_word' id='word_1_700' title='bbox 3738 5361 3919 5430; x_wconf 79' lang='lat'><strong>2293).</strong></span> 
     </span>
    </p>
   </div>
  </div>
 </body>
</html>
