4850 6200
477 390 612 454 559

479 594 656 660 qnae
708 570 996 639 Domino
1055 568 1138 638 de
1206 567 1457 649 Veners,
1475 573 1532 649 ⁴)
1599 568 1981 650 famulatur,
2037 570 2443 637 matrimonii

483 660 836 747 sponsione
880 659 989 725 hic
1031 655 1228 724 aliam
1285 653 1584 723 duxisset
1637 676 1932 722 uxorem.
2034 650 2182 722 Hoc
2244 676 2444 740 porro

483 747 783 825 fecimus,
827 754 907 810 ut
947 743 1145 830 quale
1176 742 1251 808 in
1290 741 1416 808 hac
1457 762 1657 810 causa
1689 740 1963 808 haberet
2004 742 2445 827 patrocinium

485 833 993 917 expiscaremur.
1092 827 1221 896 Ille
1269 830 1488 912 itaque
1544 827 1880 896 confessus
1936 839 2037 893 est
2091 822 2264 913 quod
2318 828 2445 895 sibi

487 918 558 987 in
586 938 858 985 uxorem
880 915 1343 983 adiuncturum
1365 913 1824 1001 spoponderat,
1872 911 1989 980 sed
2067 914 2444 999 raescriptis

486 1003 878 1093 quibusdam
959 999 1476 1068 conditionibus:
1551 1020 1790 1083 nempe
1868 1020 1996 1085 quo
2053 1051 2069 1078 ,
2151 1000 2212 1067 si
2290 1008 2444 1067 ante

485 1091 826 1160 biennium
866 1110 907 1154 a
947 1089 1293 1172 sponsione
1331 1087 1505 1153 facta
1544 1086 1651 1154 vel
1693 1085 2046 1151 artificium
2089 1084 2442 1165 didicisset,

488 1179 594 1243 vel
643 1175 842 1243 aliam
883 1171 1330 1242 conditionem
1385 1180 1618 1241 nactus
1674 1171 1906 1238 fuisset
1957 1192 2092 1257 qua
2147 1193 2219 1239 se
2264 1172 2443 1239 alere

486 1270 709 1349 posset
765 1272 834 1328 et
888 1280 1181 1339 uxorem,
1238 1265 1388 1325 rata
1440 1267 1616 1325 esset
1670 1259 1934 1343 sponsio
1950 1307 1969 1337 ,
2036 1259 2140 1324 sin
2202 1259 2441 1337 minus,

485 1360 760 1433 uterque
803 1346 968 1414 liber
1009 1355 1325 1413 maneret.
1426 1342 1690 1412 Deinde
1731 1364 1934 1427 quum
1985 1343 2118 1409 iam
2162 1367 2203 1411 a
2245 1366 2444 1429 spon-

485 1439 671 1506 sione
703 1435 1067 1501 effinxisset
1100 1452 1315 1498 annus
1344 1430 1655 1514 nullaque
1681 1450 1833 1513 spes
1864 1430 2302 1497 intercederet
2335 1432 2442 1498 vel

493 1519 787 1592 discendi
843 1517 1106 1586 artificii
1163 1517 1269 1583 vel
1316 1517 1680 1602 pinguioris
1737 1514 2148 1596 conditionis,
2203 1537 2290 1585 ne
2343 1518 2443 1584 illi

494 1619 669 1678 esset
730 1604 1202 1689 impedimento
1272 1603 1620 1687 quominus
1686 1601 1834 1686 ipsa
1903 1601 2103 1669 alium
2171 1604 2444 1671 duceret

492 1697 733 1772 virum,
780 1694 837 1758 si
892 1689 1156 1774 quidem
1217 1689 1471 1756 interea
1532 1689 1846 1772 temporis
1909 1686 1994 1755 ab
2058 1687 2186 1756 alio
2249 1709 2442 1773 proco

492 1787 914 1935 mim?
927 1775 1120 1946 'qiias
1140 1776 1155 1791 ⁰
1176 1864 1321 1946 ipsa
1340 1775 1576 1928 hhtilrgrsi
1640 1773 2444 1961 gffpffisrecffiueliffoffi

690 1958 795 2016 tas
837 1949 908 2014 in
958 1946 1270 2016 Garnesii
1321 1946 1608 2014 insulam
1663 1946 1849 2013 misit
1886 1946 2073 2013 fratri
2128 1949 2245 2031 qui
2301 1958 2443 2013 tum

496 2039 630 2105 illic
695 2036 1108 2103 ecclesiastae
1187 2032 1402 2100 officio
1466 2031 1965 2119 defungebatur.
2083 2033 2444 2118 Postquam

495 2145 653 2191 vero
692 2123 810 2188 illa
851 2119 1141 2187 venisset
1180 2119 1545 2199 Genevam,
1603 2138 1819 2202 neque
1859 2118 2050 2185 facile
2102 2140 2215 2187 eas
2255 2139 2443 2204 repe·

495 2219 638 2275 tere
692 2208 819 2274 sibi
877 2214 1051 2274 esset
1108 2214 1376 2290 propter
1431 2204 1722 2273 locorum
1772 2203 2173 2282 distantiam,
2230 2203 2445 2272 denuo

492 2297 643 2449 i-pisla
682 2292 1049 2445 eciem
1090 2291 1148 2392 ἰ.
1158 2312 1306 2444 tem
1347 2290 1873 2443 esseuibrescripsit
1925 2301 2002 2442 ιέι
2015 2291 2447 2444 tgibeimc‘;)¹·.11si-··

614 2400 844 2446 esnn
1133 2397 2015 2461 iras,qus1psau
2384 2400 2446 2445 οι

492 2468 714 2532 forsan
759 2465 886 2531 sibi
938 2464 1351 2548 contingeret
1391 2483 1463 2528 se
1512 2462 1703 2529 alteri
1757 2464 1902 2530 viro
1960 2462 2117 2529 dare
2174 2463 2442 2549 nuptui:

488 2550 660 2637 quod
703 2573 776 2617 se
817 2570 1072 2635 quoque
1125 2549 1355 2616 fecisse
1411 2556 1789 2615 constanter
1846 2548 2220 2629 affirmavit,
2273 2570 2445 2617 com-

493 2645 853 2705 monstrato
919 2636 1106 2702 nobis
1161 2635 1500 2702 literarum
1564 2655 1727 2719 quas
1786 2636 1866 2702 ab
1940 2635 2054 2701 illa
2104 2657 2254 2703 rece
2413 2648 2445 2702 t

491 2723 875 2807 exemplari.
984 2722 1336 2789 Caeterum
1395 2721 1536 2805 ipse
1593 2721 1934 2806 respondit
1985 2743 2057 2788 se
2128 2723 2267 2789 nih‘
2358 2721 2442 2789 de

491 2809 909 2877 matrimonio
964 2829 1254 2892 unquam
1310 2807 1633 2892 cogitasse
1686 2814 1841 2874 ante
1894 2811 2067 2875 inter
2123 2830 2234 2875 eos
2286 2828 2443 2877 con-

490 2899 801 2966 stitutum
827 2894 1106 2961 duorum
1128 2913 1451 2960 annorum
1486 2901 1746 2978 tempus
1767 2893 2003 2979 quibus
2024 2894 2285 2960 effluxis
2321 2916 2445 2961 sua

491 2984 756 3067 utrique
813 2980 1083 3046 libertas
1143 2979 1326 3046 salva
1380 2981 1708 3047 manebat.
1820 2979 2016 3047 Licet
2067 3002 2223 3047 vero
2277 2981 2443 3047 haec

491 3068 855 3137 novissima
908 3065 1241 3133 excusatio
1308 3085 1464 3149 prae
1517 3066 1797 3133 caeteris
1868 3065 2112 3151 aliquid
2183 3064 2446 3134 videtur

494 3156 689 3238 nequi
731 3154 975 3220 habere
1029 3149 1354 3236 ponderis,
1403 3157 1696 3219 attamen
1750 3151 1920 3218 nihil
1973 3154 2446 3221 constituemus

493 3240 877 3327 priusquam
918 3246 1110 3305 tuum
1151 3236 1499 3305 eonsilium
1541 3237 1901 3322 scripseris,
1947 3260 2078 3323 qua
2134 3238 2217 3307 de
2260 3260 2335 3306 re
2379 3248 2446 3305 te

493 3345 895 3411 magnopere
938 3344 1298 3408 precamur.
1398 3322 1596 3405 Quod
1651 3325 1709 3392 si
1765 3323 1883 3391 illa
1936 3325 2211 3392 forsitan
2269 3325 2444 3392 exci-

494 3412 641 3497 piat
678 3412 899 3495 ipsum
939 3409 1268 3478 Glastonii
1288 3414 1342 3490 ⁸)
1390 3428 1468 3476 ac
1520 3409 2026 3478 Francofordiae
2079 3411 2284 3479 fuisse
2337 3432 2447 3479 ca-

492 3498 868 3575 techistam,
911 3495 1262 3580 respondet
1300 3516 1642 3581 nunquam
1684 3517 1757 3564 se
1810 3498 2243 3581 quadrantem
2297 3518 2444 3565 eam

494 3583 580 3650 ob
618 3603 758 3649 rem
803 3581 1153 3668 recepisse:
1209 3583 1345 3648 imo
1385 3604 1516 3650 non
1560 3582 1689 3650 alio
1729 3595 2029 3668 respectu
2073 3583 2245 3653 hanc
2294 3607 2444 3671 pro-

494 3671 782 3735 vinciam
827 3668 1172 3752 utrobique
1216 3667 1495 3735 subiisse
1534 3690 1734 3752 quam
1790 3680 1868 3736 ut
1911 3691 2043 3737 non
2101 3671 2445 3737 ferendum

511 3755 859 3821 Valerandi
915 3752 1202 3819 laborem
1269 3755 1594 3838 tantisper
1646 3755 2001 3837 relevaret,
2060 3755 2218 3822 dum
2277 3758 2447 3823 alter

495 3839 625 3908 sibi
689 3838 989 3905 minister
1053 3839 1541 3925 adiungeretur.
1666 3840 1837 3906 Nam
1903 3844 2129 3910 statim
2195 3843 2306 3909 ubi
2372 3843 2446 3909 in

492 3925 864 3993 ministerio
927 3926 1351 3993 confirmatus
1415 3927 1540 4006 fui,
1607 3926 1769 3993 colle
1929 3949 2116 3996 meus
2194 3938 2264 3996 et
2325 3951 2447 4017 ego

494 4012 888 4081 catechistas
931 4032 1127 4097 agere
1170 4010 1542 4079 alternatim
1596 4015 1976 4100 incepimus.
2077 4015 2337 4081 Horum
2383 4029 2448 4082 te

493 4099 843 4166 certiorem
886 4098 1101 4165 facere
1146 4098 1491 4178 voluimus,
1547 4112 1624 4165 ut
1672 4102 1729 4166 si
1769 4101 1924 4185 quid
1970 4123 2011 4166 a
2057 4102 2325 4185 Georyio
2376 4103 2447 4170 in

495 4204 575 4251 eo
617 4182 792 4269 quod
836 4183 1026 4249 alteri
1081 4185 1274 4250 uxori
1316 4187 1632 4272 nupserit,
1691 4197 2035 4272 postquam
2079 4186 2449 4254 Barbarum

493 4269 799 4338 libertate
864 4290 1058 4354 quam
1125 4271 1271 4354 ipsa
1331 4293 1480 4338 cum
1545 4273 1796 4340 laetitia
1853 4275 2106 4361 accepit
2162 4273 2447 4353 donavit,

494 4356 884 4439 effluxitque
927 4365 1186 4439 tempus
1227 4357 1403 4424 inter
1443 4379 1554 4425 eos
1599 4359 2049 4438 constitutum,
2109 4370 2446 4443 peccatum

494 4463 642 4510 esse
683 4438 1247 4522 animadverteris,
1292 4442 1376 4511 ad
1417 4467 1535 4513 nos
1581 4444 1847 4526 scribas,
1907 4457 1976 4512 et
2025 4468 2146 4513 nos
2189 4467 2307 4530 pro
2352 4447 2447 4511 vi-

497 4530 684 4595 ribus
759 4527 1137 4594 curabimus
1215 4537 1290 4594 ut
1357 4552 1551 4599 omne
1622 4531 2004 4600 scandalum
2070 4555 2156 4597 ex
2225 4541 2450 4598 nostra

496 4615 772 4682 eeclesia
834 4612 1120 4680 tollatur.
1233 4615 1581 4685 Interdum
1648 4627 1714 4686 te
1779 4639 2123 4704 precamur
2186 4618 2446 4696 obnixe,

493 4701 622 4768 boc
664 4699 840 4784 apud
883 4709 949 4765 te
992 4700 1287 4770 clausum
1325 4702 1569 4772 habeas
1612 4704 1816 4773 donec
1896 4705 2067 4782 lane,
2113 4714 2333 4770 utrum
2378 4704 2448 4768 in

504 4784 770 4871 Geor-aio
814 4786 1013 4851 fuerit
1065 4787 1257 4874 culpa
1308 4811 1428 4858 nec
1486 4814 1590 4872 ne,
1649 4790 1849 4876 depre
1899 4790 2199 4856 endatur.
2297 4789 2449 4855 Non

497 4893 647 4938 sum
690 4873 939 4938 inscius
981 4875 1143 4957 quin
1186 4875 1459 4958 posthac
1507 4878 1714 4943 futuri
1757 4880 1891 4942 sint
1933 4875 2290 4943 nebulones
2333 4877 2446 4959 qui

499 4977 741 5023 nomen
760 4965 1064 5025 nostrum
1089 4959 1261 5043 apud
1287 4983 1401 5028 vos
1436 4961 1778 5030 traducere
1813 4962 2181 5039 tentabunt,
2220 4981 2447 5044 quem-

495 5318 686 5387 Μαι
703 5179 769 5315 ’ξῖ
808 5181 1179 5320 lgm&
1213 5252 1312 5307 ubi
1347 5251 1611 5308 Ροὶῐαπιιε
1647 5253 1898 5312 ecclesiae
1941 5253 2248 5322 qamcauae
2285 5268 2445 5323 prae·

1987 375 2513 451 EPIS'JBOLAB
2556 380 2984 447 2181—2182

4373 383 4501 453 560

2544 569 2897 636 admodum
2941 590 3144 654 quum
3186 570 3258 634 in
3302 567 3550 655 Anglia
3600 589 3895 637 essemus
3948 589 4180 636 sumus
4222 569 4498 654 experti,

2544 655 2654 723 vel
2696 663 3043 740 propterea
3085 655 3256 740 quod
3295 676 3337 721 a
3369 653 3554 722 nobis
3590 654 3765 722 haud
3813 654 4024 721 habiti
4063 655 4316 722 fuerint
4349 653 4500 721 deo-

2543 763 2693 811 rum
2728 741 2889 818 loco,
2926 741 3031 811 vel
3067 741 3227 827 quia
3255 741 3521 809 illorum
3553 739 3965 825 improbitati
3996 763 4133 811 non
4176 742 4499 813 fuerimns

2542 827 2969 912 patrocinati:
3035 836 3110 895 ut
3171 838 3331 894 sunt
3393 827 3593 894 etiam
3657 847 3833 893 nunc
3888 828 4153 896 erratici
4211 826 4497 913 quidam,

2543 914 2658 999 qui
2701 914 2835 982 huc
2889 913 3171 998 illucque
3223 922 3690 983 concursantes
3747 934 3865 981 vos
3921 924 4245 1000 quantum
4301 914 4374 980 in
4426 937 4499 981 se

2545 1008 2649 1066 est
2704 1001 3044 1066 infamant.
3134 998 3362 1085 Itaque
3419 1007 3484 1066 te
3538 998 3829 1069 obtestor
3885 1010 3960 1067 ιιι
4013 1021 4132 1086 pro
4186 1020 4341 1068 vere
4384 1022 4499 1085 pa-

2544 1092 2754 1163 terno,
2801 1108 2927 1169 quo
2991 1085 3311 1152 hactenus
3367 1106 3476 1154 me
3540 1084 3924 1169 complexus
3980 1108 4071 1165 es,
4137 1085 4375 1165 animo,
4442 1088 4501 1153 si

2545 1170 2877 1256 quidpiam
2924 1172 3228 1251 audieris,
3268 1192 3380 1239 ,me
3426 1182 3498 1237 ut
3539 1171 3711 1239 soles
3744 1192 4192 1257 praemonens,
4237 1181 4316 1241 ut
4347 1193 4499 1257 pes-

2545 1258 2671 1324 sim
2736 1279 2856 1342 per
2910 1258 3041 1324 Dei
3101 1258 3385 1342 gratiam
3438 1259 3496 1325 si
3560 1277 3692 1341 qua
3743 1258 3815 1323 in
3871 1279 3983 1325 me
4040 1259 4242 1325 fuerit
4305 1258 4503 1343 culpa

2546 1344 2901 1410 emendari.
2989 1345 3177 1411 Vale.
3262 1344 3591 1411 Dominus
3648 1351 3715 1408 te
3772 1356 4119 1411 conservet
4182 1345 4500 1412 adversus

2545 1450 2654 1495 eos
2697 1451 2862 1514 quos
2912 1452 3031 1513 per
3072 1430 3280 1496 malos
3326 1430 3623 1496 homines
3666 1428 3877 1497 Satan
3934 1431 4218 1498 insultus
4269 1442 4503 1497 contra

2543 1525 2610 1582 te
2651 1516 2827 1595 facit,
2884 1517 2957 1581 in
2998 1515 3313 1584 ecclesiae
3365 1537 3525 1583 suae
3579 1516 4034 1600 patrocinium.
4122 1515 4389 1584 Salutat
4431 1527 4502 1581 te

2543 1602 2785 1668 coniux
2836 1624 2999 1668 mea.
3096 1608 3190 1669 10.
3232 1601 3504 1687 Aprilis.

3260 1742 3439 1808 Tuae
3485 1739 3885 1805 humanitati
3926 1738 4413 1808 addictissimus

3446 1824 3820 1893 Richardus
3862 1825 4191 1894 Vauville.

3421 2549 3617 2620 2182.

2673 2704 3107 2773 MJNIS'rffl
3148 2703 3893 2773 SANGALLENSES
3936 2705 4378 2773 OALVINO.

2723 2876 3234 2962 Redinteqratam
3290 2878 3767 2943 controversiam
3829 2877 4058 2958 dolent,
4125 2877 4517 2961 Defensioni

2547 2967 2749 3045 utpote
2790 2964 3282 3031 modestissimae
3320 2962 3578 3030 libenter
3617 2963 3970 3041 adhaerent,
4014 2964 4200 3031 multi
4240 2970 4393 3031 sunt
4436 2968 4518 3032 in

2546 3049 2868 3205 mendo
2927 3054 3169 3128 autore,
3240 3069 3423 3133 quem
3480 3050 3747 3132 *cupiunt
3801 3050 4142 3134 aliquando
4204 3051 4385 3134 apud
4444 3072 4521 3120 se

2550 3311 2794 3433 (133183
2828 3309 2899 3364 ad
2920 3325 3109 3363 manus
3144 3306 3251 3362 fuit
3278 3312 3406 3363 suto

3507 3307 3670 3377 phou,
3707 3308 3939 3363 alterum
3960 3308 4236 3364 Genavam
4256 3308 4517 3374 misaam,

2731 3378 3088 3432 describimus
3122 3394 3193 3431 ex
3227 3376 3360 3431 Ood.

3438 3393 3594 3433 enev.
3628 3377 3745 3444 196,
3781 3377 3874 3433 fol.
3912 3376 3995 3444 19,
4032 3380 4262 3433 alterum
4279 3377 4525 3433 Ioannis

2606 3447 2795 3502 essleri
2850 3446 3211 3513 ludimagistri
3267 3446 3635 3517 sangallensi·
3686 3447 3744 3501 in
3807 3447 3939 3503 bibl.
4002 3450 4104 3502 civ.
4165 3447 4533 3516 Sangui-nsi

2549 3515 2702 3571 MSS.
2734 3515 2885 3570 Tem.
2921 3515 3007 3570 37.
3040 3514 3367 3640 ΕρεὸάἮΠ.
3401 3532 3456 3584 p.
3496 3513 3577 3569 18.
3622 3544 3686 3555 --
3731 3517 3930 3597 Simler
3974 3517 4095 3570 Vol.
4139 3515 4225 3571 84.
4305 3517 4532 3573 Varias

2823 3585 3082 3640 lectiones
3235 3624 3249 3639 .
3285 3583 3524 3656 Sangall.
3557 3586 3786 3657 margini
3820 3585 4223 3652 adscribimus.)

2551 3757 2992 3825 ornatissimo
3034 3759 3179 3823 viro
3231 3756 3315 3823 D.
3368 3756 3610 3822 Ioanni
3670 3755 3947 3824 Calvino
4001 3757 4310 3824 ecclesiae
4374 3759 4544 3828 Ge-

2551 3842 2862 3911 nevensis
2903 3864 2981 3910 ao
3024 3843 3229 3909 totius
3263 3843 3439 3910 orbis
3480 3843 3821 3908 christiani
3856 3842 4101 3909 doctori
4138 3845 4546 3911 clarissimo

2789 3929 3053 3998 domino
3098 3938 3163 3996 et
3206 3928 3395 3995 fratri
3439 3929 3513 3994 in
3558 3928 3825 3997 Christo
3869 3931 4261 3996 venerando.

2725 4103 2962 4169 Gratia
3005 4101 3451 4169 misericordia
3493 4111 3563 4168 et
3604 4122 3732 4184 pax
3776 4121 3817 4165 a
3860 4099 4004 4166 Deo
4047 4111 4232 4185 patre
4274 4113 4556 4172 nostro

2553 4199 2620 4254 et
2661 4189 2816 4253 Iesu
2858 4188 3124 4254 Christo
3160 4186 3446 4254 Domino
3490 4197 3732 4253 nostro.
3790 4188 4199 4254 Postulasset
4235 4190 4561 4272 quidem

2551 4277 2870 4342 autoritas
2912 4295 3032 4340 tua
3075 4273 3485 4358 dignitasque
3527 4275 3642 4351 rei,
3708 4271 3963 4340 Calvina
4007 4273 4408 4343 doctissime
4482 4295 4567 4345 et.

2550 4362 2621 4426 in
2679 4360 2985 4427 Domino
3024 4362 3227 4427 frater
3278 4359 3578 4438 colende,
3690 4370 3794 4427 ost
3864 4371 4196 4445 acceptam
4255 4362 4570 4431 Defen-

2552 4448 2800 4513 sionem
2859 4469 2995 4513 una
3052 4469 3203 4514 cum
3272 4447 3703 4512 humanitatis
3773 4456 3925 4511 tuae
3984 4445 4219 4524 literis,
4278 4453 4571 4517 statim

2552 4534 2760 4616 primo
2807 4554 3063 4618 quoque
3107 4542 3399 4617 tempore
3443 4531 3615 4615 quod
3652 4532 3983 4617 requirere
4028 4532 4407 4615 videbariS,
4470 4541 4578 4604 ad

2550 4627 2617 4683 te
2650 4620 2935 4685 rescribi.
2995 4618 3249 4685 Verum
3283 4617 3655 4686 distulimus
3693 4619 4010 4684 hactenus
4046 4620 4579 4690 existimantes

2552 4726 2679 4769 non
2726 4706 3210 4772 incommodum
3256 4705 3444 4772 nobis
3489 4727 3609 4772 nec
3653 4706 3989 4790 ingratum
4032 4703 4148 4770 tibi
4206 4706 4373 4773 fore
4431 4732 4586 4796 pm·

2553 4793 2861 4856 nuncium
2907 4792 2973 4856 id
3032 4793 3177 4858 fieri
3232 4792 3523 4874 utrisque
3578 4802 3875 4856 nostrum
3934 4801 4003 4855 et
4056 4791 4585 4864 familiaritate

2549 4897 2625 4941 ac
2648 4876 3128 4944 necessitudine
3152 4878 3202 4963 ¹)
3225 4879 3645 4944 coniunctum
3660 4877 3742 4943 D.
3758 4877 4073 4942 Ioannem
4101 4878 4487 4963 Lines-um,
4510 4888 4591 4970 2)

2548 4962 2765 5028 civem
2810 4963 3332 5049 Sangallensem,
3381 4966 3599 5028 virum
3646 4965 3974 5030 sincerum
4020 4972 4087 5028 et
4129 4965 4197 5028 in
4244 4965 4591 5039 Gallias

2549 5049 2682 5114 iam
2741 5051 3297 5134 proficiscentem:
3356 5049 3524 5116 nihil
3588 5050 3854 5116 interim
3921 5048 4179 5116 solliciti
4249 5054 4592 5128 sinistri

2554 5191 2675 5199 φῴ-

2550 5256 2727 5312 alsa.
2753 5256 2809 5326 1)
2845 5258 3213 5311 familiaritate
3249 5239 3754 5326 necessitudineque
3793 5253 3907 5311 So.

2753 5325 2815 5391 2)
2851 5342 2920 5381 ex
2952 5327 3185 5382 historia
3213 5331 3517 5395 martyrum
3538 5325 3991 5394 Luydunemium
4014 5324 4115 5380 tibi
4140 5329 4611 5397 notissima...
