4850 6200
340 366 466 427 489

342 550 544 617 anirni
587 551 691 615 tui
733 570 965 616 seusus
1006 548 1174 615 mihi
1195 553 1498 635 cognitus
1520 557 1639 629 est,
1726 571 1877 617 uem
1914 550 2114 616 etiam
2157 571 2294 616 non

343 635 717 703 disimulas
757 636 829 701 in
886 638 1019 702 tuis
1075 636 1305 702 literis.
1407 635 1545 702 Sed
1598 637 1692 701 mi
1745 637 1768 701 i
1826 635 2124 719 displicet
2179 644 2295 703 tua

337 724 498 791 istu·
525 721 736 787 nimia
791 722 1088 802 tarditas,
1147 742 1276 807 qua
1338 742 1471 788 non
1528 730 1788 788 tantum
1831 721 2114 803 fovetur,
2176 722 2291 788 sed

337 809 532 874 etiam
591 811 663 874 in
724 807 862 874 dies
916 817 1199 894 augetur
1249 829 1478 873 eorum
1532 807 1879 889 dementia,
1936 829 2100 892 quos
2152 815 2291 873 tam

517 905 711 960 anter
753 915 944 960 ruere
979 894 1163 961 vides
1207 895 1277 960 in
1322 895 1524 959 totius
1557 893 1870 961 ecclesiae
1911 894 2286 978 perniciem.

336 982 557 1065 Atque
600 991 680 1045 ut
719 980 838 1046 tibi
883 1002 1019 1045 non
1059 980 1157 1045 ita
1199 981 1386 1045 facile
1409 982 1496 1045 sit
1537 980 1703 1047 tales
1724 981 1966 1047 bestias
1989 980 2289 1045 &aenare

339 1064 538 1153 (quod
579 1076 802 1133 tamen
851 1086 1100 1133 vanum
1139 1086 1282 1132 esse
1317 1066 1617 1145 arbitror,
1663 1068 1721 1132 si
1754 1065 1947 1132 modo
1985 1064 2285 1145 auderes)

337 1155 476 1227 scis,
517 1161 743 1218 tamen
802 1174 843 1218 a
899 1173 1014 1237 spe
1070 1172 1410 1219 sumssus
1465 1152 1679 1218 officia
1735 1159 1962 1218 nostra
2019 1152 2287 1218 minime

335 1236 656 1324 pendere,
722 1238 886 1321 quin
927 1249 1261 1322 praestare
1304 1258 1423 1303 nos
1478 1237 1678 1304 etiam
1731 1239 1803 1303 in
1860 1258 2117 1304 summa
2172 1237 2285 1302 de-

523 1325 705 1390 tione
769 1334 1066 1409 oporteat
1131 1323 1306 1407 quod
1363 1323 1547 1389 Deus
1613 1325 1837 1408 exigit.
1923 1322 2063 1389 Nec
2121 1342 2283 1387 vero

340 1411 355 1425 '
409 1433 449 1476 a
530 1409 694 1475 mihi
755 1411 1094 1477 excusatio
1159 1410 1493 1489 satisfacit,
1559 1408 1915 1475 malevolos
1929 1461 1946 1488 ,
2025 1410 2138 1493 qui
2217 1418 2284 1474 te

335 1516 715 1580 oppressum
775 1516 857 1562 cu
901 1496 1080 1573 iunt,
1139 1494 1295 1561 hinc
1351 1508 1619 1595 captare
1675 1496 2082 1578 plausibilem
2144 1514 2280 1558 ma-

333 1583 454 1647 teri
569 1632 583 1647 .
705 1517 902 1663 Quid)
963 1582 1138 1646 enim
1218 1584 1452 1647 facturi
1529 1590 1688 1646 sunt
1763 1582 1936 1645 servi
1971 1579 2282 1659 =Christi,

333 1667 462 1733 nisi
503 1676 727 1752 spreta
783 1667 1053 1746 invidia,
1109 1667 1498 1750 contemptis
1543 1667 1830 1733 sinistris
1890 1666 2281 1746 rumoribus,

333 1751 703 1838 posthabito
776 1755 976 1818 etiam
1049 1752 1502 1820 discriminum
1568 1764 1779 1831 metu,
1860 1772 2283 1836 quaecunque

333 1838 660 1904 obstacula
700 1840 944 1923 ingerit
964 1838 1175 1905 Satan
1211 1839 1482 1905 victrice
1515 1840 1885 1905 constantia
1927 1836 2282 1923 superent?

334 1924 527 1991 Certe
571 1924 997 2009 quantumvis
1038 1925 1113 1989 in
1159 1934 1226 1990 te
1269 1925 1624 2002 insaniant,
1674 1925 1842 1989 nihil
1889 1923 2008 1989 tibi
2052 1924 2284 1989 durius

334 2013 411 2076 ab
455 2011 587 2077 illis
629 2010 984 2096 impendet,
1030 2032 1226 2094 quam
1283 2022 1359 2077 ut
1407 2010 1697 2095 migrare
1753 2011 1952 2078 istinc
2009 2011 2282 2095 cogaris.

334 2096 523 2180 Quod
565 2096 702 2178 tibi,
749 2117 895 2162 meo
938 2096 1199 2175 iudicio,
1244 2098 1608 2181 complures
1652 2096 1732 2162 cb
1777 2116 2007 2163 causas
2050 2104 2284 2179 sponte

332 2181 684 2270 optandum
728 2184 913 2249 foret.
1019 2182 1272 2249 Verum
1328 2191 1401 2247 ut
1443 2182 1739 2248 timenda
1796 2185 1932 2247 sint
1986 2192 2285 2248 extrema

373 2289 652 2352 uaeque,
733 2269 850 2335 tibi
931 2269 1137 2335 semel
1200 2279 1490 2335 statuere
1566 2289 1833 2335 necesse
1917 2278 2018 2335 est
2035 2321 2049 2347 ,
2125 2265 2284 2353 quid

467 2356 598 2421 ’sto
642 2354 899 2434 debeas,
945 2378 1030 2422 ne
1073 2357 1429 2441 ingenuam
1474 2356 1779 2421 veritatis
1814 2353 2284 2438 professionem

332 2443 746 2526 supprimens
791 2441 872 2507 ad
910 2462 1052 2507 eam
1099 2440 1599 2524 opprimendam
1634 2441 1823 2524 quasi
1859 2442 2129 2507 tacitum
2166 2461 2282 2524 pa-

331 2529 676 2594 trecinium
743 2528 1057 2612 improbis
1123 2527 1499 2594 hominibus
1564 2526 2028 2593 accommodes.
2138 2526 2283 2611 Ego

331 2624 409 2679 ut
449 2626 677 2680 eorum
725 2614 1050 2680 tumultus
1095 2632 1592 2698 compescerem,
1656 2633 1984 2678 summam
2044 2611 2282 2678 doctri·-

332 2720 454 2765 nae
486 2709 755 2765 nostrae
791 2721 1024 2766 rursus
1059 2698 1246 2765 brevi
1282 2697 1661 2783 compendio
1696 2698 2076 2782 complexus
2112 2719 2280 2763 sum.

332 2785 879 2870 subscripserunt
912 2806 1140 2851 omnes
1171 2784 1558 2851 Helveticae
1590 2784 1917 2850 ecclesiae.
1979 2783 2282 2869 Tigurini

332 2872 528 2937 etiam
593 2873 869 2938 mirifice
933 2870 1315 2955 probarunt.
1427 2871 1620 2938 Nunc
1699 2870 2012 2936 iudicium
2093 2880 2282 2935 tuum

333 2957 705 3023 avidissime
749 2967 1086 3041 exspecto:
1107 2958 1160 3037 ⁸)
1206 2957 1360 3040 quid
1403 2958 1602 3022 etiam
1661 2956 1899 3040 reliqui
1955 2965 2283 3022 vestrates

331 3044 434 3111 vel
477 3045 771 3110 sentiant
812 3043 922 3110 vel
944 3044 1313 3128 loquantur,
1360 3045 1530 3109 scire
1572 3043 1999 3110 vehementer
2022 3052 2280 3126 expeto,

333 3128 523 3211 Quod
565 3132 623 3196 si
657 3131 1053 3196 tumultuari
1099 3152 1229 3195 non
1278 3131 1583 3196 desinant
1616 3131 1730 3212 qui
1773 3139 1908 3194 tam
1958 3129 2284 3195 hostiliter

333 3237 448 3281 nos
514 3215 889 3292 traducunt,
969 3239 1090 3282 nos
1165 3237 1429 3300 operam
1512 3215 1812 3281 dabimus
1889 3225 1963 3281 ut
2026 3225 2282 3281 nostros

334 3303 649 3369 clamores
693 3311 871 3368 totus
914 3302 1202 3369 mundus
1258 3301 1582 3368 exaudiat.
1686 3301 1873 3378 Vale,
1919 3301 2283 3368 clarissime

333 3389 437 3453 vir
478 3400 548 3455 et
589 3387 753 3453 mihi
795 3411 1053 3472 semper
1093 3392 1164 3454 in
1208 3389 1440 3472 primis
1474 3387 1892 3454 observande.
1953 3386 2284 3453 Dominus

334 3487 399 3539 te
439 3475 678 3558 spiritu
723 3495 841 3541 suo
887 3475 1224 3560 gubernet,
1262 3473 1587 3559 praesidio
1622 3483 1888 3539 tueatur
1923 3495 1999 3539 ac
2035 3475 2284 3540 virtute

333 3562 666 3640 sustineat,
713 3582 965 3646 nosque
988 3561 1184 3627 simul
1207 3561 1542 3627 contineat
1583 3560 1652 3624 in
1678 3571 1903 3626 sancto
1940 3580 2282 3637 consensu,

333 3645 536 3797 {mec
570 3647 643 3713 in
689 3647 968 3714 coeleste
1012 3669 1204 3713 suum
1251 3667 1531 3732 regnum
1577 3646 1858 3730 colligat.
1951 3651 2008 3710 3.
2055 3645 2281 3711 Nonas

408 3733 560 3797 artii
613 3738 793 3797 1555.

1209 4382 1405 4455 214⁴).

661 4540 1190 4607 BER'I'LINUS
1216 4545 1268 4618 ¹)
1311 4536 1935 4608 BULLINGERO.

505 4713 939 4780 Controversia
979 4733 1120 4779 cum
1158 4710 1511 4794 Westphazo
1531 4712 1718 4778 etiam
1761 4730 1947 4776 suam
1967 4709 2282 4778 contemno

319 4800 582 4867 turbore
617 4799 855 4883 incipit.

395 4942 486 4949 u..

318 5016 2282 5092 mbudMQuodGalva-unmaadien'tadeaarmm

313 5089 1661 5227 mffifflss‘zzthffmi'ff‘·
1934 5103 2104 5156 ΡΜ
2155 5103 2283 5143 ⁸⁰⁰⁸

313 5300 504 5355 ²1⁴0
533 5227 607 5362 31))
761 5234 994 5352 Ῑᾶὃαῗκκ
1027 5227 1117 5281 me
1137 5241 1250 5281 non
1281 5225 1548 5294 prodidit.
1618 5225 1753 5280 Vide
1773 5240 1856 5294 op.
1877 5225 1998 5279 eius
2014 5223 2095 5278 12.
2117 5225 2282 5280 Maii.

2097 365 2260 426 1555
2305 360 2590 428 MART.

4214 374 4343 477 ⁴99

2809 550 2879 605 ho
2914 550 3135 605 Archiv.
3156 552 3332 604 Turic-
3354 552 3496 605 Plut.
3534 552 3629 605 Vl.
3667 553 3797 610 vol.
3835 553 3978 619 lm,
4012 556 4143 610 olim·
4172 557 4343 612 Scriu.

2691 659 2705 673 .
2830 637 2882 689 p.
2921 620 3070 674 Tem.
3108 622 3153 674 1.
3190 621 3280 673 fol.
3314 618 3435 675 417.
3473 650 3536 661 —-
3574 624 3785 677 Simler.
3827 624 3952 679 Vol.
3986 623 4097 689 84)

2399 550 2577 615 (Era

2568 789 2986 856 Fidelissimo
3038 791 3349 856 ecclesiae
3392 793 3749 876 Tigurinae
3808 797 4089 861 antistiti
4134 798 4345 862 Heia·
4432 801 4443 812 “

2393 875 2576 941 richo
2630 876 3019 961 Bullingero
3073 878 3337 942 domino
3392 890 3461 943 et
3512 880 3720 947 amico
3776 901 3897 946 suo
3951 885 4018 948 in
4078 878 4345 950 Christe

2391 960 2817 1028 observando.
4268 987 4275 993 ·
4354 984 4359 991 ·

3922 1071 4165 1156 Tiguri.

2562 1235 2634 1302 S.
2672 1235 2759 1301 D.
2808 1235 3015 1302 Dabis
3050 1238 3329 1317 veniam,
3367 1239 3837 1306 humanissime
3871 1252 3937 1306 et
3970 1242 4340 1310 doctissime

2388 1320 2774 1407 Ballinyere,
2821 1325 2873 1387 si
2920 1322 3159 1389 iterum
3218 1345 3338 1409 ego
3385 1323 3563 1391 rudis
3621 1337 3685 1390 et
3727 1328 3905 1391 iners
3958 1340 4182 1393 sancta
4228 1343 4341 1395 tua

2386 1407 2607 1473 studia
2670 1407 3049 1493 laboresque
3113 1412 3255 1493 pios
3318 1410 3773 1477 interturbare.
3900 1411 4090 1493 Quod
4163 1418 4337 1482 enim

2384 1494 2552 1559 facio
2597 1515 2726 1559 non
2771 1504 2909 1559 tam
2951 1516 3100 1560 mea
3143 1517 3339 1578 quam
3384 1496 3682 1576 fratrum,
3728 1508 3866 1562 tum
3918 1500 4174 1583 piorum
4219 1502 4336 1566 ali·

2386 1588 2563 1662 quot,
2609 1580 2741 1644 imo
2783 1581 3083 1645 veritatis
3129 1580 3381 1650 Christi
3438 1582 3833 1649 adserendae
3895 1606 4090 1651 causa
4148 1587 4334 1653 facio.

2385 1666 2737 1750 Rogarunt
2779 1667 3065 1749 adeoque
3100 1689 3217 1750 per
3262 1667 3605 1733 Christum
3665 1671 3965 1735 obtestati
4021 1683 4177 1735 sunt
4232 1694 4337 1737 me

2387 1750 2628 1817 fratres
2671 1760 2737 1817 et
2780 1752 3026 1835 aliquot
3104 1755 3149 1817 ii
3194 1768 3262 1817 ut
3310 1755 3428 1818 tibi
3488 1755 3769 1821 scribam
3824 1757 4245 1840 precibusque
4299 1780 4338 1822 a

2387 1845 2457 1902 te
2500 1838 2891 1903 contendam
2938 1848 3013 1905 ut
3094 1840 3289 1903 bristi
3310 1840 3671 1923 simplicem
3711 1839 3791 1905 de
3826 1862 4027 1908 coena
4063 1842 4336 1908 Domini

2388 1925 2731 1988 veritatem
2752 1976 2766 2000 ,
2812 1944 2851 1988 a
2910 1923 3263 2006 Westphalo
3304 1926 3418 1991 illo
3460 1935 3721 2009 pastore
3763 1927 4154 2013 Hamburgo
4197 1929 4342 1995 obs-

2388 2018 2679 2075 curatam
2728 2010 2834 2075 vel
2881 2012 3094 2095 potius
3138 2024 3597 2095 oppugnatam,
3659 2022 3732 2077 tu
3788 2034 4095 2098 responso
4157 2016 4341 2080 brevi

2388 2117 2473 2160 ex
2516 2096 2859 2179 scripturis
2904 2098 3106 2161 sacris
3150 2098 3495 2180 perspicuo
3557 2105 3624 2162 et
3678 2101 3868 2164 firmo
3921 2121 4342 2185 propugnare

2388 2181 2498 2246 vel
2540 2192 3017 2266 propugnatam
3041 2182 3372 2248 illustrare
3405 2184 3833 2268 adserereque
3877 2186 4056 2265 velis,
4100 2196 4177 2251 ut
4212 2188 4342 2253 Dei

2389 2268 2603 2351 gratia
2644 2279 2845 2350 potes.
2910 2265 3158 2335 Calvini
3203 2270 3376 2333 enim
3424 2272 3739 2354 scriptum
3784 2271 4041 2336 nullum
4090 2272 4172 2337 ad
4216 2295 4338 2339 nos

2386 2355 2709 2503 &ervenit
2733 2358 2787 2431 ²)
2832 2375 3022 2437 quem
3050 2354 3239 2419 audio
3276 2376 3346 2420 se
3370 2354 3525 2420 huic
3563 2355 3920 2439 Westphalo
3943 2360 4338 2443 opposuisse.

2445 2450 2566 2504 unt
2612 2441 2723 2523 qui
2768 2440 3097 2504 silentium
3145 2450 3437 2505 vestrum
3485 2442 3915 2508 desertionem
3954 2462 4186 2509 causae
4232 2444 4340 2510 vel

2389 2534 2650 2609 turpem
2719 2527 2933 2609 fugam
3002 2528 3556 2610 interpretantur,
3625 2530 3738 2611 qui
3817 2540 4036 2594 tamen
4103 2550 4338 2598 causae

2386 2610 2609 2677 favere
2666 2612 2874 2677 videri
2926 2612 3173 2678 volunt.
3278 2613 3545 2696 Reliqui
3601 2615 3907 2699 theologi,
3972 2614 4073 2680 vel
4124 2617 4340 2698 potius

2386 2697 2688 2781 κρεολόγοι
2745 2699 3157 2781 triumphant
3211 2700 3386 2764 inter
3440 2720 3609 2765 suos.
3713 2702 3904 2777 Esto,
3962 2700 4155 2765 liceat
4206 2702 4339 2768 illis

2387 2782 2684 2860 iubilare,
2724 2783 3010 2866 adeoque
3055 2794 3205 2848 ante
3253 2785 3592 2850 victoriam
3638 2786 4047 2867 ἐγκωμιάζειν,
4090 2787 4203 2852 sed
4248 2807 4335 2853 ne

2386 2870 2506 2934 fiat
2548 2870 2617 2934 in
2663 2869 2974 2935 iniuriam
3010 2890 3127 2935 seu
3171 2870 3693 2936 imminutionem
3732 2871 4047 2955 simplicis
4082 2872 4338 2939 Christi

2386 2955 2704 3020 veritatis.
2769 2954 3050 3036 Quaem,
3094 2957 3184 3020 mi
3228 2955 3700 3022 humanissime
3736 2956 4123 3041 Bullinyere,
4169 2980 4338 3042 quae

2385 3049 2503 3108 tua
2538 3052 2641 3107 est
2728 3041 2794 3107 ia
2829 3041 3108 3107 eruditio
3142 3056 3210 3106 et
3243 3056 3473 3108 sancta
3507 3041 3873 3127 prudentia,
3919 3044 3998 3110 de
4034 3043 4339 3111 remediis

2385 3129 2616 3213 cogita.
2742 3150 2897 3194 nare
2938 3148 3060 3211 pro
3106 3138 3223 3193 tua
3258 3128 3391 3194 fide
3437 3128 3831 3195 dexteritate
3876 3141 3940 3193 et
3987 3130 4338 3213 prudentia

2385 3215 2668 3280 fideliter
2710 3223 2778 3279 et
2810 3214 3072 3280 fortiter
3115 3225 3182 3278 te
3218 3213 3489 3297 adpone,
3535 3236 3619 3280 ne
3655 3216 3935 3281 carnalis
3976 3215 4083 3282 hic
4122 3227 4337 3282 tumor

2386 3299 2743 3384 periculose
2847 3301 3308 3367 recrudescens
3412 3301 3481 3365 in
3588 3301 3939 3384 perniciem
4048 3305 4337 3386 corporis

2386 3387 2659 3465 Christi,
2699 3387 2822 3452 hoc
2865 3396 2966 3452 est
3009 3388 3152 3452 eius
3186 3399 3450 3452 sanctae
3497 3388 3803 3453 ecclesiae
3847 3399 4094 3472 pergat.

2560 3472 2781 3538 Unum
2819 3471 3074 3550 addam,
3121 3474 3176 3536 si
3200 3474 3440 3537 nescis:
3490 3473 3729 3538 Editus
3768 3483 3871 3537 est
3892 3474 4339 3555 superioribus

2387 3557 2617 3623 diebus
2661 3558 2919 3623 libellus
2964 3559 3132 3624 alius
3175 3561 3358 3624 cuins
3395 3559 3656 3625 titulum
3694 3559 3775 3623 ad
3814 3581 3918 3624 me
3954 3562 4337 3641 perscripsit

2388 3644 2698 3709 diaconus
2736 3644 3044 3710 ecclesiae
3090 3643 3634 3727 Campidonensis
3677 3644 3909 3709 talem:
3960 3645 4042 3711 Co

2386 3731 2825 3796 sententiarum
2846 3730 2933 3795 D.
2960 3729 3218 3795 Aurelii
3240 3732 3593 3814 Auyustini
3613 3732 3883 3814 episcopi
3905 3731 4337 3814 Hipponensis

2384 3816 2462 3882 de
2502 3835 2691 3882 coena
2733 3815 3016 3882 Domini.
3122 3816 3371 3881 Addita
3412 3821 3501 3880 est
3540 3816 3879 3898 constantio
3919 3818 4248 3882 vindicans
4292 3839 4335 3883 a

2385 3902 2757 3984 corruptelis
2787 3901 3121 3983 plerosque
3176 3901 3335 3966 locos
3377 3922 3532 3984 quos
3569 3922 3695 3982 pro
3736 3923 3803 3968 se
3843 3922 3921 3967 ex
3979 3903 4336 3986 August-'m

2380 3988 2548 4070 falso
2585 3989 2778 4054 citant
2828 3990 3326 4065 sacramentarii,
3378 4008 3500 4067 per
3545 3986 3638 4052 M.
3688 3986 4077 4053 Ioachimum
4136 3989 4334 4056 West-

2375 4074 2665 4156 phalam.
2772 4072 3163 4155 Ratisponae
3203 4094 3282 4138 ex
3338 4075 3590 4156 officina
3652 4073 3962 4139 Iohannis
4007 4073 4329 4141 Carbonis,

2387 4159 2581 4226 Anno
2622 4163 2723 4225 etc.
2770 4159 2917 4225 LV.
2939 4163 2995 4234 ⁸)
3061 4159 3358 4224 Priorem
3406 4159 3699 4225 libellum
3742 4160 3941 4225 huius
3990 4159 4334 4241 westphali

2385 4248 2455 4310 in
2500 4246 2797 4329 linguam
2820 4265 3201 4329 germanam
3224 4266 3493 4310 versum
3516 4244 3805 4310 studiose
3841 4247 3981 4311 suis
4003 4267 4331 4312 commen·-

2388 4331 2547 4397 dant
2589 4332 2974 4397 clamatores
3016 4331 3328 4408 carnales,
3374 4351 3567 4414 quem
3630 4341 3696 4395 et
3738 4333 3805 4395 in
3867 4353 4203 4410 canonem,
4260 4333 4331 4397 ni

2385 4416 2591 4496 fallor,
2632 4417 3123 4483 consecrabunt.

2556 4503 2771 4580 Haec,
2839 4501 3209 4568 doctissime
3282 4500 3668 4584 Bullinyere,
3737 4501 3855 4568 tibi
3923 4501 4336 4568 subindicare

2580 4663 2589 4666 -
2616 4660 2763 4668 «σει-.-

2588 4741 2649 4808 2)
2688 4743 2948 4797 Nondum
2968 4759 3094 4811 erqo
3130 4751 3460 4808 pervenerat.
3518 4740 3869 4810 Bullinyms
3904 4757 4049 4804 vero,
4083 4743 4178 4810 qui
4210 4740 4335 4796 Gal-

2381 4814 2502 4868 vt'm'
2533 4813 2895 4878 defensionem
2933 4809 3119 4865 Τηνία·
3152 4811 3522 4866 excindendam
3557 4813 3767 4864 curavit
3804 4809 3908 4874 (N.
3945 4807 4101 4878 2132,
4138 4820 4244 4865 not.
4276 4811 4331 4876 6)

2383 4888 2434 4938 et
2468 4882 2549 4936 sic
2582 4896 2735 4935 suam
2769 4881 2917 4948 fecit,
2953 4883 3066 4933 iam
3086 4879 3329 4935 Bertlim'
3361 4879 3634 4933 desiderio
3669 4880 4020 4944 satisfecerat.

2589 4949 2651 5016 3)
2691 4948 2772 5015 Cf.
2815 4947 2900 5017 Op
2941 4988 2952 5000 .
2989 4948 3099 5001 IX.
3140 4950 3383 5018 Roleyy.
3424 4966 3483 5016 p.
3530 4948 3630 5014 τὴ.
3709 4948 3879 5001 Errat
3929 4945 4192 5003 Simlerus
4236 4948 4336 5018 qui

2383 5018 2528 5074 hunc
2576 5018 2806 5073 libellum
2866 4964 3133 5072 fimum
3182 5017 3464 5072 Bremmsi
3511 5017 3703 5070 tribuit
3744 5018 3842 5085 qm·
3889 5017 4058 5070 alium
4110 5020 4353 5086 scripu-'r

2384 5088 2486 5143 sub
2519 5088 2703 5142 titulo.-
2740 5087 2977 5156 Farrago
2995 5088 3387 5140 sententiarum
3408 5092 3500 5140 etc.
3556 5086 3733 5138 Errat
3756 5102 3965 5155 quoque
3988 5089 4076 5138 vir
4092 5102 4334 5139 summus

2391 5155 2687 5211 Planckt'us
2724 5155 2815 5221 (V.
2852 5156 2906 5219 2,
2978 5193 2991 5204 .
3026 5155 3121 5223 45)
3156 5173 3319 5223 quum
3356 5155 3490 5211 dicit
3529 5155 3811 5208 Calvinum
3846 5171 4001 5206 suam
4044 5155 4330 5219 Defensio—

2384 5241 2505 5280 ηοω
2540 5226 2667 5280 huic
2700 5227 2861 5278 tertio
2890 5171 3191 5292 westphali
3222 5224 3396 5279 libello
3434 5225 3763 5291 opposuisse.
3822 5225 3938 5277 Imo
3961 5238 4086 5277 vero
4123 5226 4331 5278 diutius

2384 5301 2550 5351 diam
2585 5295 2649 5347 de
2682 5308 2743 5348 eo
2778 5293 2920 5347 nihi?
2948 5294 3229 5347 rescivisse
3260 5293 3490 5347 videtur.
4362 5307 4367 5326 ·
