4850 6200
378 454 484 521 127
2185 451 2344 515 1554
2381 446 2561 519 l'UL.
4236 457 4361 523 198

371 638 641 713 Paulus,
704 638 856 720 quia
917 635 1173 705 illustre
1235 635 1484 720 gloriae
1527 636 1654 703 Dei
1709 636 2074 718 speculum,
2141 635 2312 718 quod
2361 662 2366 695 x
2413 638 2473 702 si
2516 635 2708 705 modo
2752 636 2835 701 ad
2883 656 3110 702 verum
3155 635 3537 705 discendum
3597 640 3852 707 animos
3895 639 4173 707 adiicere
4215 644 4369 727 pla—

372 723 494 788 illis
535 725 610 788 in
649 719 876 789 mundi
911 722 1170 805 opificio
1204 720 1462 788 assidue
1495 722 1790 797 offertur.
1833 720 2076 788 clausis
2109 721 2314 789 oculis
2413 723 2683 802 cuisset,
2750 722 2927 789 claro
2992 722 3382 790 documento
3448 734 3601 791 sunt
3657 726 3805 810 Aeg
3855 724 4002 809 ptii:
4118 747 4357 799 uorum

373 820 806 891 praetereunt,
867 818 1064 890 atque
1119 810 1214 872 ita
1269 808 1511 873 iniuste
1553 828 1677 890 sup
1723 807 1974 872 rimunt
2017 806 2314 874 veritatis
2414 828 2570 890 prae
2619 807 2868 875 foribus
2910 828 3112 890 quum
3154 829 3424 876 accensa
3467 817 3640 876 esset
3685 832 3799 877 ver
3845 813 3866 876 i
3907 811 4037 878 Dei
4072 748 4357 898 lampas,

370 896 601 971 lucem,
644 913 780 961 non
819 894 1044 959 minus
1086 893 1298 976 turpis
1339 914 1417 961 ac
1455 892 1673 976 puden
1798 894 1926 958 fuit
1964 912 2131 976 quae
2171 913 2314 961 sae-
2413 915 2635 959 rernm
2678 914 2720 959 a
2758 916 2827 961 se
2871 906 3206 978 gestarum
3250 894 3652 977 (quindecim
3708 896 3956 963 scilicet
3999 910 4152 965 ante
4194 919 4351 965 con-

371 980 530 1047 culis
573 980 709 1046 fere
745 979 1046 1045 omnibus
1087 987 1386 1064 grassata
1427 988 1529 1045 est
1561 978 1832 1064 originis
1868 989 1934 1045 et
1967 979 2314 1044 creationis
2417 978 2629 1045 ditum
2676 980 2994 1045 mundum
3038 1000 3359 1046 annorum
3404 980 3725 1057 millibus)
3786 983 4044 1065 putidas
4102 983 4361 1055 fabulas

371 1066 642 1132 hnmani
699 1066 959 1149 generis
1013 1064 1403 1149 ignorantia.
1505 1063 1597 1129 Et
1667 1075 1841 1131 certe
1907 1063 2103 1149 paulo
2169 1071 2313 1147 post
2410 1065 2596 1131 nullo
2658 1065 2897 1148 pudore
2953 1066 3294 1133 iactarunt.
3380 1065 3519 1133 Nec
3575 1067 3794 1134 minus
3850 1068 4099 1153 puerile
4153 1072 4357 1139 insul-

367 1150 696 1217 conditam
760 1150 1168 1236 Babylonem
1249 1149 1556 1219 credibile
1634 1162 1736 1215 est
1800 1172 2024 1216 earum
2091 1172 2311 1217 rerum
2411 1172 2685 1234 sumque
2707 1151 3215 1217 Atheniensium
3238 1159 3695 1231 commentum,
3732 1154 3947 1236 quise
3982 1152 4355 1238 αιῗτόχθονας

368 1238 745 1304 memoriam
790 1236 1186 1302 obsolevisse
1226 1258 1387 1320 quas
1432 1235 1694 1303 assiduo
1731 1257 2031 1303 sermone
2076 1237 2311 1320 agitari
2412 1235 2695 1321 gloriati,
2736 1257 2936 1319 quum
2974 1236 3097 1303 sibi
3144 1234 3533 1304 disiunctam
3578 1259 3618 1305 a
3659 1239 3908 1321 reliquo
3949 1260 4186 1324 genere
4228 1242 4353 1311 hu-

367 1324 803 1406 celebrarique
862 1321 1185 1389 decuerat.
1273 1322 1444 1387 Nam
1502 1343 1705 1405 quum
1761 1321 2054 1405 profanis
2100 1322 2309 1387 homi·
2356 1340 2364 1417 1
2410 1341 2606 1389 mano
2648 1323 2969 1407 originem
3014 1334 3398 1401 assererent,
3442 1324 3737 1391 barbaris
3779 1345 4038 1410 quoque
4080 1327 4239 1411 ipsis
4281 1350 4352 1395 se

367 1411 558 1475 nibus
595 1429 715 1474 sna
749 1408 1067 1491 dispersio
1101 1406 1423 1492 quaedam
1458 1430 1497 1473 a
1535 1429 1699 1491 puro
1719 1408 1846 1474 Dei
1875 1408 2054 1475 cultu
2091 1427 2308 1474 eman-
2357 1466 2362 1489 ,
2410 1407 2709 1475 fecerunt
2764 1407 3088 1475 ridiculos.
3192 1408 3585 1495 Quanquam
3641 1424 3861 1477 autem
3917 1432 4143 1479 omnes
4203 1412 4351 1496 plus

366 1498 601 1578 cipatio
641 1513 841 1565 esset,
905 1516 1102 1560 curae
1154 1493 1290 1559 illis
1350 1516 1480 1561 non
1537 1495 1688 1573 fuit,
1756 1492 1839 1559 ad
1897 1514 2309 1578 quascunque
2357 1568 2362 1583 ⁴
2410 1495 2633 1560 minus
2654 1494 2881 1560 eodem
2905 1495 3394 1578 ingratitudinis
3428 1494 3705 1563 crimine
3731 1497 3996 1563 fuerunt
4028 1497 4347 1582 impliciti,

369 1581 768 1665 appellerent
814 1596 1028 1646 terrae
1072 1579 1318 1664 plagas,
1363 1580 1535 1662 quod
1580 1582 1660 1645 de
1694 1592 1910 1646 creato
1954 1588 2022 1644 et
2055 1579 2308 1646 instau-
2355 1592 2363 1655 ξ
2411 1600 2522 1644 eos
2558 1580 2849 1663 deligere
2884 1604 3118 1662 operae
3143 1581 3425 1665 pretium
3459 1583 3686 1665 putavi
3721 1605 3987 1666 quorum
4026 1607 4100 1650 eo
4136 1586 4353 1653 minus

367 1684 508 1732 rato
576 1666 825 1732 mundo
891 1686 930 1729 a
994 1667 1292 1750 patribus
1351 1666 1698 1733 audierant
1759 1687 1977 1732 secum
2036 1665 2307 1731 deferre.
2357 1658 2363 1729 l
2410 1666 2804 1732 excusabilis
2866 1684 2965 1732 est
3031 1688 3211 1732 error
3271 1689 3396 1751 quo
3461 1667 3583 1733 sibi
3656 1670 3832 1735 inter
3898 1670 4059 1737 alios
4122 1692 4350 1737 omncs

365 1753 466 1819 Ita
547 1756 785 1818 facturn
855 1766 952 1817 est
1021 1766 1091 1817 ut
1172 1753 1356 1817 nulla
1426 1773 1619 1837 gens,
1698 1751 1988 1835 exceptis
2047 1762 2307 1817 tantum
2356 1774 2363 1837 ς
2409 1752 2624 1836 magis
2667 1773 2894 1837 sapere
2940 1753 3060 1818 visi
3104 1761 3275 1819 sunt.

363 1838 674 1905 Abrahae
717 1840 1010 1923 posteris,
1069 1838 1172 1903 vel
1230 1860 1312 1903 ex
1355 1858 1484 1920 qno
1529 1840 1707 1903 fonte
1750 1850 1894 1902 orta
1933 1847 2106 1903 esset
2145 1839 2306 1922 ipsa,
2357 1844 2360 1853 ⁴
2582 1836 2742 1904 Sive
2786 1846 3006 1903 autem
3046 1838 3384 1905 universae
3429 1861 3592 1921 quae
3627 1838 3783 1905 olim
3821 1841 4090 1905 fuerunt
4121 1850 4351 1925 gentes

365 1926 467 1989 vel
552 1924 809 2007 quando
885 1926 1202 2007 coepisset
1281 1944 1425 1990 esse
1504 1926 1886 1990 universum
1966 1923 2307 1988 hominum
2411 1923 2635 1989 velum
2661 1924 2784 1989 sibi
2807 1924 2962 1989 data
2985 1946 3182 2007 opera
3201 1922 3612 2002 obduxerint,
3643 1924 4073 1993 siveillissua
4097 1936 4351 1993 tantum

365 2031 600 2090 genus.
659 2011 910 2077 duobus
955 2011 1280 2077 continuis
1323 2031 1644 2075 annorum
1689 2010 1982 2075 millibus
2025 2011 2306 2075 sciverit.
2410 2009 2678 2094 ignavia
2708 2011 3050 2087 obstiterit,
3087 2010 3611 2092 incomparabilis
3649 2010 3943 2076 thesauri
3964 2011 4102 2077 loco
4126 2012 4349 2079 haberi

367 2097 532 2161 Nem
583 2097 754 2179 quod
799 2097 997 2162 libros
1019 2097 1224 2162 Mosis
1258 2097 1670 2163 Ptolemaeus
1706 2093 1964 2160 tandem
2015 2097 2078 2159 in
2128 2118 2311 2179 grae·
2357 2126 2364 2179 3
2412 2104 2703 2161 meretur
2727 2097 2937 2162 Mosis
2962 2096 3139 2173 liber,
3166 2097 3275 2178 qui
3299 2095 3529 2161 saltem
3554 2096 3898 2162 creationis
3918 2097 4144 2164 mundi
4168 2098 4351 2164 indu·

363 2206 503 2249 cam
573 2183 862 2266 lingnam
930 2183 1280 2248 vertendos
1345 2184 1631 2256 curavit,
1712 2181 2040 2247 laudabile
2101 2184 2310 2265 magis
2357 2196 2364 2293 Ι
2411 2182 2589 2248 biam
2633 2182 2818 2248 nobis
2862 2180 3057 2249 fidem
3104 2182 3281 2259 facit,
3339 2202 3471 2264 qua
3525 2181 3781 2248 sublata
3823 2180 4079 2269 indigni
4122 2205 4353 2250 sumus

363 2291 556 2352 quam
615 2272 1035 2343 fructuosum,
1093 2280 1254 2334 tunc
1298 2268 1556 2351 quidem
1615 2269 1945 2352 temporis,
2004 2268 2123 2332 fuit
2170 2268 2309 2332 eius
2357 2296 2363 2333 ι
2410 2289 2570 2351 quos
2626 2277 2803 2333 terra
2853 2268 3189 2334 sustineat.
3279 2267 3644 2334 Historiam
3695 2267 3941 2346 diluvii,
3999 2290 4165 2352 quae
4214 2291 4351 2339 non

363 2357 690 2420 studium:
755 2354 1015 2437 quando
1080 2353 1331 2425 lumen.
1400 2354 1569 2437 quod
1636 2376 1673 2418 e
1740 2352 2024 2419 tenebris
2083 2374 2310 2419 cruere
2358 2352 2363 2377 ⁹
2412 2354 2633 2418 minus
2676 2353 3085 2418 formidabile
3128 2355 3200 2418 in
3243 2353 3533 2418 humano
3569 2375 3803 2435 genere
3839 2354 4051 2420 deleto
4088 2354 4353 2423 divinae

363 2456 642 2507 conatus
688 2450 856 2507 erat.
915 2439 1340 2505 nihilominus
1405 2441 1740 2505 hominum
1795 2441 2052 2505 incuria
2109 2440 2308 2504 suffo—
2411 2439 2683 2505 ultionis
2746 2460 2942 2523 quam
3003 2460 3205 2504 suave
3262 2440 3512 2524 gratiae
3569 2441 3635 2503 in
3694 2440 3920 2505 eodem
3981 2442 4353 2507 instaurato

364 2542 584 2593 catiim
633 2527 909 2591 delituit.
999 2526 1193 2593 Unde
1236 2526 1543 2610 colligere
1602 2537 1974 2609 promptum
2020 2536 2138 2601 cst,
2198 2526 2310 2608 qui
2413 2525 2751 2608 speculum
2817 2526 3132 2603 continet,
3205 2526 3276 2590 in
3340 2528 3715 2608 praesentia
3778 2527 4094 2592 omittam.
4204 2526 4359 2594 Una

361 2613 438 2677 ad
489 2612 1014 2696 cognoscendum
1061 2610 1291 2677 mundi
1333 2613 1628 2694 opificem
1665 2620 1834 2676 totos
1869 2612 2113 2695 ingenii
2160 2632 2308 2675 ner·
2412 2610 2575 2677 haec
2639 2610 2889 2677 utilitas
2952 2611 3429 2676 inaestimabile
3501 2611 3666 2678 libro
3740 2612 4023 2695 pretium
4100 2612 4357 2691 statuit,

363 2721 476 2763 vos
537 2697 880 2763 intendere
938 2698 1313 2774 debuerant,
1377 2698 1664 2781 maligna
1716 2700 1928 2780 potius
1972 2699 2308 2779 impietate
2412 2696 2585 2779 quod
2627 2718 2733 2763 res
2767 2697 3061 2780 apprime
3095 2697 3359 2779 cognitu
3400 2698 3794 2763 necessarias
3830 2699 4006 2771 solus
4040 2697 4350 2763 ostendit:

363 2786 482 2850 hoc
530 2793 825 2863 captasse
869 2796 946 2848 ut
986 2800 1220 2866 sponte
1263 2784 1673 2848 caecutirent.
1761 2784 2166 2848 Flomerunt
2208 2784 2308 2847 in·
2412 2781 2734 2864 quomodo
2789 2792 2935 2866 post
2992 2782 3323 2848 exitialem
3367 2782 3649 2848 hominis
3704 2783 3964 2866 lapsum
4018 2784 4357 2851 ecclesiam

365 2886 546 2934 terea
565 2869 866 2937 liberales
889 2868 1242 2939 doctrinae.
1282 2870 1636 2953 viguerunt
1659 2872 1992 2952 praeclara
2021 2869 2306 2952 ingenia,
2361 2924 2364 2943 ,
2413 2868 2537 2934 sibi
2595 2866 2780 2933 Deus
2838 2868 3277 2951 adoptaverit,
3351 2870 3647 2951 quisnam
3713 2870 3910 2933 fuerit
3970 2892 4162 2935 verus
4216 2871 4361 2935 eius

369 2957 854 3022 lucubrationes
897 2976 1091 3020 omne
1146 2977 1351 3033 genus
1395 2956 1665 3020 fuerunt
1707 2954 1945 3019 edituo:
2005 2955 2180 3038 atqui
2228 2954 2309 3018 de
2359 2954 2364 3017 i
2413 2954 2629 3021 cultus
2665 2968 2731 3019 et
2765 2953 2999 3037 quibus
3033 2955 3298 3036 pietatis
3331 2955 3559 3020 officiis
3594 2975 3663 3020 se
3699 2956 4114 3021 exercuerint
4148 2958 4363 3021 sancti

365 3042 596 3110 mundi
641 3041 884 3109 conditi
927 3041 1202 3108 historia
1244 3042 1451 3107 altum
1486 3040 1834 3107 silentium.
1907 3043 2084 3122 Quin
2130 3061 2307 3105 sum-
2414 3048 2650 3124 patres,
2708 3039 3024 3123 quomodo
3085 3061 3249 3124 pura
3292 3040 3518 3123 religio
3575 3039 3914 3106 hominum
3971 3042 4232 3126 ignavia
4275 3039 4363 3108 ad

367 3151 512 3194 mus
565 3128 1096 3211 philosophus,²)
1161 3130 1270 3211 qui
1337 3137 1400 3192 et
1459 3129 1757 3195 acumine
1825 3145 1884 3186 υτ
1949 3128 2309 3192 eruditione
2359 3165 2364 3214 Ι
2415 3139 2676 3209 tempus
2735 3127 3020 3209 collapsa
3076 3128 3261 3209 quasi
3320 3127 3723 3209 postliminio
3785 3128 3857 3191 in
3902 3137 4148 3194 statum
4191 3132 4361 3193 inte·

361 3215 657 3298 reliquos
699 3235 926 3280 omnes
970 3214 1372 3290 antecelluit,
1419 3214 1739 3280 mundum
1782 3233 2122 3279 aeternum
2165 3234 2307 3278 esse
2358 3217 2366 3268 ἒ
2414 3234 2604 3296 grum
2651 3211 2932 3288 redierit,
2989 3213 3251 3296 quando
3290 3213 3468 3296 apud
3510 3226 3763 3278 certum
3803 3213 4116 3296 populum
4161 3212 4357 3297 depo·

356 3299 704 3385 disputans
759 3299 1078 3383 quidquid
1133 3300 1415 3366 habebat
1470 3301 1770 3366 solertiae
1829 3303 1954 3364 huc
1999 3299 2311 3383 applicuit
2413 3300 2623 3366 suerit
2665 3301 2849 3365 Deus
2890 3301 3251 3383 gratuitum
3295 3311 3598 3364 aeternae
3640 3300 3872 3364 salutis
3908 3299 4153 3379 foedus,
4198 3322 4362 3383 quo-

359 3401 434 3450 ιιι.
497 3388 712 3452 Deum
768 3406 886 3451 sua
943 3387 1152 3470 gloria
1208 3385 1563 3452 fiandaret.
1664 3385 2055 3467 Quanquam
2114 3383 2307 3468 paulo
2414 3383 2608 3450 modo
2652 3407 2735 3452 ex
2779 3407 2912 3450 uno
2971 3385 3231 3451 homine
3276 3397 3344 3449 et
3385 3385 3595 3450 sterili
3639 3399 3704 3449 et
3747 3383 3987 3451 caduco
4030 3406 4362 3470 propeque

357 3474 730 3554 religiosior
795 3473 918 3537 fuit
982 3475 1124 3538 eius
1178 3493 1245 3537 m
1333 3474 1490 3537 ister
1551 3473 1772 3550 Plato,
1839 3491 2034 3552 seque
2092 3471 2308 3554 aliquo
2413 3471 2837 3538 semimortuo
2889 3481 2957 3536 et
3010 3471 3581 3554 (quemadmodum
3628 3470 3874 3536 Iesaias
3938 3477 4147 3552 vocat)
4207 3472 4359 3537 soli·

360 3560 640 3624 verioris
695 3558 968 3624 notitiae
1034 3567 1232 3641 gustu
1289 3559 1614 3623 imbutum
1680 3557 1996 3623 ostendit:
2069 3557 2310 3641 exigua
2412 3559 2580 3623 tario
2625 3557 2942 3640 paulatim
2989 3558 3251 3621 fluxerit
3306 3557 3546 3640 exigua
3588 3556 3839 3622 soboles
3879 3578 4045 3639 quae
4090 3573 4358 3640 repente

365 3659 587 3709 tamen
630 3666 798 3727 quae
840 3644 1084 3711 delibat
1135 3645 1428 3709 veritatis
1473 3645 1791 3726 principia
1843 3653 1939 3708 tot
1982 3645 2311 3726 figmentis
2411 3644 2483 3708 in
2520 3642 3011 3708 multitudinem
3045 3644 3377 3726 ingentem
3414 3642 3722 3719 excrevit,
3768 3663 3964 3724 quam
4000 3643 4360 3726 inopinatis

359 3733 728 3813 corrumpit
767 3751 844 3796 ac
903 3732 1167 3806 miscet,
1223 3739 1301 3795 ut
1344 3733 1550 3813 magis
1593 3740 1824 3795 noceat
1866 3749 2064 3812 quam
2107 3730 2312 3812 prosit
2411 3727 2621 3795 modis
2680 3735 2749 3793 et
2803 3727 3113 3794 extulerit
3165 3736 3231 3792 et
3286 3739 3536 3793 tutatus
3592 3729 3679 3792 sit
3733 3727 4003 3793 electam
4046 3751 4086 3792 a
4128 3750 4197 3794 se
4244 3728 4359 3793 do-

361 3817 670 3883 fictitium
734 3815 894 3882 illud
955 3814 1226 3882 docendi
1283 3837 1509 3900 genus.
1609 3815 1740 3897 Qui
1803 3835 1955 3881 vero
2013 3814 2096 3881 ad
2150 3815 2309 3881 scri-
2410 3836 2614 3890 mum,
2672 3813 2824 3879 licet
2866 3815 3147 3895 inopem,
3203 3813 3504 3879 omnibus
3548 3812 3888 3895 praesidiis
3932 3811 4249 3878 nudatam
4293 3833 4357 3879 et

360 3900 613 3969 bendas
648 3902 955 3968 historias
989 3901 1278 3968 studium
1315 3924 1509 3968 suum
1536 3901 1974 3979 contulerunt,
2012 3900 2311 3967 homines
2411 3899 2497 3965 ad
2562 3901 2825 3984 quosvis
2895 3911 3114 3965 aestus
3181 3899 3545 3980 expositam
3609 3897 4002 3980 multiplices
4069 3898 4353 3966 hostium

358 3987 687 4072 ingeniosi
734 3999 802 4052 et
845 3987 1053 4053 literis
1096 3989 1385 4071 expoliti,
1431 4008 1631 4071 quum
1676 3988 1870 4070 pleno
1912 4007 2024 4052 ore
2067 3987 2313 4053 iactent
2411 3987 2633 4069 copiae
2681 3985 2962 4065 undique
3007 3986 3366 4068 cingerent.

360 4095 433 4142 se
473 4075 750 4140 ultimae
793 4073 1137 4139 vetustatis
1194 4074 1332 4139 fore
1377 4083 1593 4150 testes,
1650 4081 2001 4155 antequam
2045 4070 2128 4137 ad
2171 4069 2311 4137 Da·
2585 4072 2792 4136 Porro
2837 4093 3033 4153 quam
3090 4069 3459 4136 necessaria
3500 4070 3588 4134 sit
3646 4069 3880 4134 harum
3939 4091 4159 4136 rerum
4203 4089 4357 4156 cog-

363 4159 536 4226 vidis
579 4171 862 4227 aetatem
901 4161 1248 4243 appellant,
1293 4159 1504 4226 multa
1545 4171 1611 4223 et
1655 4158 1917 4224 turbida
1953 4160 2127 4224 faece
2163 4177 2310 4240 per-
2359 4207 2364 4226 .
2412 4157 2608 4234 nitio,
2668 4179 2749 4222 ex
2811 4177 2928 4223 suo
2982 4156 3252 4239 quisque
3309 4177 3432 4221 usu
3491 4165 3557 4220 et
3599 4155 4005 4239 experientia
4043 4154 4359 4240 iudicium

361 4246 652 4313 fundunt
699 4267 852 4312 suas
907 4244 1425 4312 lucubrationes:
1487 4265 1684 4327 supra
1744 4266 1895 4309 vero
1956 4245 2111 4309 dum
2156 4264 2309 4310 con-
2358 4231 2365 4292 ἶ
2411 4243 2619 4309 faciat.
2716 4239 3032 4308 Videmus
3085 4262 3281 4324 quam
3340 4241 3738 4306 tumultuose
3797 4242 4088 4325 papistae
4143 4241 4358 4307 fallaci

361 4331 690 4400 scendunt
707 4334 1096 4398 immensam
1119 4332 1395 4398 trahunt
1430 4330 1921 4397 mendaciorum
1943 4328 2308 4395 colluviem.
2411 4329 2717 4396 ecclesiae
2764 4328 2955 4393 titulo
2994 4327 3320 4411 simplices
3377 4327 3699 4394 territent.
3792 4328 3852 4392 A
3896 4327 4083 4393 Mose
4127 4325 4356 4410 depin-

361 4418 656 4486 Tantnm
700 4419 887 4484 abest
945 4428 1024 4485 ut
1078 4417 1159 4482 ad
1217 4418 1430 4501 prima
1473 4415 1700 4484 mundi
1745 4416 2016 4481 exordia
2056 4415 2311 4482 sincero
2411 4416 2593 4499 gitur
2649 4414 2936 4498 genuina
2992 4412 3299 4480 ecclesiae
3358 4412 3573 4492 facies,
3634 4435 3799 4495 quae
3854 4411 4164 4479 discussis
4219 4410 4353 4477 illis

365 4502 746 4588 liquidoque
764 4504 1163 4570 narrationis
1187 4513 1498 4570 contextu
1520 4503 1930 4588 perveniant.
1992 4500 2310 4566 Volentes
2410 4500 2782 4583 praestigiis
2845 4498 3110 4565 inanem
3174 4509 3419 4564 metum
3484 4498 3747 4564 eximat„
3858 4497 4097 4565 Fucati
4158 4497 4357 4562 etiam

366 4601 586 4656 antem
633 4590 918 4656 nescisse
977 4589 1148 4673 quod
1207 4610 1334 4655 non
1392 4588 1616 4672 procul
1660 4586 2102 4670 quaerendum
2147 4597 2308 4664 erat,
2359 4651 2365 4708 Ι
2410 4584 2779 4736 ΞΞΙΘιιάοςίε
2813 4585 3787 4684 ροωρειτιιιιιᾳιιορειοιιωῐίοιιο
3832 4583 3901 4648 in
3938 4582 4210 4732 stultailn
4242 4584 4357 4734 lseui

371 4758 638 4817 asans.
673 4763 728 4815 a.
765 4761 850 4814 ιιι.
890 4761 1054 4816 m.
1127 4761 1208 4826 ιγ.
1248 4760 1288 4814 s
1361 4762 1414 4824 ·‚
1453 4763 1522 4815 A.
1562 4761 1617 4814 ω.
1657 4760 1707 4815 ι.
1741 4759 1860 4812 681.
1935 4758 2092 4813 m
2136 4758 2311 4812 ms.
2410 4680 3936 4824 ωᾚωὲἓξῗῃῖἓὲὲωἏῑῖιὲξῖἕθῖξξῖῗὲἒέ
3980 4688 4359 4836 ξῗῗιωθω.

366 4844 489 4884 ¹⁸⁸⁸
523 4830 645 4885 1⁰³¹·
687 4828 1296 4953 hndoem23115ffl0r
1388 4831 1585 4911 “¹4³5ss
1615 4831 1856 4910 primata
1893 4842 2120 4950 '‘ff'’ssffl.
2154 4826 2314 4909 ‘²²5²ss
2411 4842 2678 4910 clesiam
2743 4841 3044 4927 designat
3100 4842 3320 4909 Moses
3371 4842 3594 4907 oculos
3651 4840 4121 4917 convertimus,
4189 4839 4356 4905 nihil

362 4897 705 5023 Ἄπη]
898 4897 2312 5036 aeoefflffifflflgaxenffussssomffimfflss
2413 4929 2694 5013 amplius
2752 4932 2979 4996 inanes
3031 4927 3251 4993 larvae
3311 4926 3393 4993 ad
3448 4925 3806 4992 fallendum
3852 4925 4182 4992 habebunt
4225 4948 4358 4992 mo·

355 5038 640 5105 natm-n
673 4984 1164 5118 &desemel-a
1195 5044 1388 5119 ceptus
1550 5033 1624 5116 ²3.
1653 5050 1831 5089 assos
1874 5033 2201 5089 ismenus
2231 5048 2313 5089 re·
2414 5014 2639 5115 menti.
2707 5012 2919 5114 Saepe
2956 5037 3073 5079 nos
3107 5013 3453 5112 conturbat
3486 5012 3747 5112 fereque
3776 5012 4108 5078 exanimat
4129 5032 4355 5078 eorum

361 5108 546 5161 ΜΝ
590 5122 643 5160 Φ
676 5103 820 5186 ,Ῑῆθῦ
863 5120 928 5160 ⁸⁹⁸
966 5105 1140 5189 §urfa
1171 5107 1322 5161 aba&
1438 5123 1486 5185 ⁰,-
1539 5103 1847 5184 Wanelmae
1895 5102 2155 5157 Vnam
2197 5102 2314 5185 ἅμα
2415 5114 2727 5199 paucitas·
2772 5122 2881 5183 qui
2938 5119 3173 5183 puram
3215 5097 3345 5198 Dei
3402 5097 3764 5164 doctrinam
3821 5107 4212 5180 sequuntur,
4277 5118 4361 5164 ac

367 5177 419 5294 ῗ
461 5171 1108 5298 {fflmmuffl
1146 5176 1293 5254 ΨΜ
1328 5178 1676 5295 ωψῗέἔὲοΐ
1700 5168 2054 5294 ⁰2¹²{12232
2099 5170 2147 5252 ‚T
2143 5187 2201 5226 θ’
2203 5177 2316 5295 ‘'1⁸“
2415 5195 2802 5270 praesertim
2853 5184 3007 5250 dum
3065 5205 3393 5250 cernimus
3435 5205 3628 5268 quam
3672 5183 3864 5268 longe
3904 5183 3967 5248 la
4079 5203 4163 5248 ue
4204 5204 4361 5267 reg-

363 5257 524 5366 ὦ,
599 5259 816 5368 ῃόἴ
845 5244 1188 5367 ῧῗῇιῗῖῗ
1223 5244 1492 5372 ww)
1618 5280 1633 5295 ⁶
1704 5245 1729 5308 (
1787 5258 1852 5293 '⁰
1991 5239 2208 5308 ”mm
2260 5255 2317 5296 ⁶⁸
2419 5293 2581 5338 num
2643 5270 2981 5337 obtineant
3040 5271 3551 5352 superstitiones.
3662 5271 3750 5334 At
3807 5290 4002 5352 quem
4091 5267 4357 5334 modum

526 5352 538 5365 ⁶
572 5378 636 5447 2)
671 5350 1003 5439 &5020th
1169 5351 1182 5366 ’
1354 5328 1466 5383 '¹⁹'
2418 5357 2576 5423 olim
2617 5357 2748 5424 Dei
2785 5357 3055 5441 spiritus
3098 5376 3218 5439 per
3261 5376 3334 5422 os
3375 5354 3621 5421 Iesaiac
3680 5355 4034 5440 prophetae
4075 5352 4363 5424 Iudaeos

3847 5457 3938 5510 13*
