4850 6200
357 424 474 486 285

353 629 498 675 cum
537 610 841 686 efficitur,
885 610 1052 676 sicut
1085 612 1226 693 ipse
1259 630 1468 677 unum
1502 622 1607 677 eet
1640 632 1788 677 cum
1814 610 2027 675 Patre.
2099 609 2292 690 Quod

354 696 490 779 ipse
531 694 765 760 multis
819 696 888 760 in
941 696 1099 761 locis
1157 695 1480 780 evangelii
1537 695 1895 761 secundum
1953 695 2290 775 Ioannem,

351 780 632 846 maxime
675 801 834 846 vero
876 781 1107 848 Ioann.
1163 785 1236 844 17
1283 801 1420 864 cap.
1467 790 1762 848 testatur.
1857 781 1977 847 Soa
2025 802 2111 846 aa
2156 782 2293 848 ideo

341 867 635 1017 ms
687 868 1161 945 somniamdmn,
1221 876 1290 932 et
1346 889 1513 951 quae
1577 870 2066 950 sequuntur.'²¹)
2153 867 2288 933 Ab·

611 974 693 1018 us
749 951 1102 1019 admodum
1148 975 1188 1019 a
1234 954 1544 1021 vocabulo
1601 953 2013 1035 ineffabiliter,
2070 953 2292 1018 incom-

339 1037 838 1119 prehensibiliter
889 1048 957 1104 et
1009 1040 1349 1106 similibus,
1437 1039 1588 1123 Ipse
1631 1041 1806 1104 enim
1851 1041 1976 1104 seis
2020 1050 2290 1122 antago-

348 1124 554 1189 nistas
597 1136 855 1190 nostros
898 1125 1338 1207 deprehensos
1379 1127 1450 1191 in
1493 1125 1665 1191 banc
1708 1125 1916 1191 veluti
1975 1124 2289 1189 latebram

345 1210 742 1275 tutissimam
785 1231 927 1276 sese
967 1213 1254 1295 recipere
1297 1222 1364 1276 et
1397 1209 1772 1277 huiusmodi
1818 1211 2074 1277 nebulis
2115 1231 2291 1276 erro-

345 1315 450 1359 res
495 1317 648 1361 suos
693 1296 1035 1380 plerosque
1076 1310 1438 1382 conwgere.

515 1380 772 1447 Eodem
824 1381 981 1448 folio
1033 1394 1102 1448 et
1161 1382 1387 1448 eadem
1444 1382 1746 1467 facie122)
1808 1381 2031 1465 Qualis
2084 1385 2290 1446 autem

345 1467 426 1531 sit
465 1469 752 1552 eorporis
792 1474 851 1533 et
890 1471 1226 1553 sanquinis
1267 1469 1532 1534 Domini
1581 1469 2050 1534 communicatio
2100 1486 2288 1548 quao-

343 1553 564 1617 ritur?
655 1551 991 1620 Gan-nalem
1045 1556 1156 1620 isti
1203 1556 1426 1637 palam
1482 1561 1538 1619 et
1589 1555 1956 1636 simpliciter
2009 1572 2289 1617 asserere

343 1659 461 1703 non
509 1639 757 1704 audent.
838 1640 1015 1721 (Imo
1056 1641 1318 1715 audent,
1367 1641 1593 1706 dicunt
1635 1642 1813 1705 enim
1859 1640 2101 1704 Christi
2144 1658 2287 1703 car·

343 1745 494 1789 nem
540 1726 966 1808 corporaliter
1007 1726 1112 1791 edi
1157 1748 1269 1792 ore
1325 1728 1613 1810 corporis
1665 1725 2118 1804 ineffabiliter,
2174 1744 2287 1789 ne-

343 1830 466 1892 que
511 1812 690 1875 enim
734 1811 815 1876 de
857 1812 1046 1877 modo
1088 1812 1552 1895 inquirendum
1595 1835 1755 1879 esse.
1842 1811 1923 1876 Id
1965 1812 2137 1893 quod
2179 1832 2286 1874 su·

343 1897 568 1979 parius
614 1897 995 1963 intellexisti
1059 1919 1140 1963 ex
1195 1899 1417 1964 verbis
1471 1899 1776 1982 Lake-ri).
1884 1898 2290 1980 Spiritualem

341 2002 535 2062 qaum
575 1983 877 2061 dicimis-3,
924 1986 1202 2066 fremunt
1257 1985 1439 2068 (quia
1492 1985 1662 2050 hanc
1721 1985 1817 2048 illi
1878 2006 2007 2048 non
2054 2004 2288 2067 agnos-

342 2078 532 2145 cunt,
591 2068 707 2134 sed
750 2090 921 2154 oppu
1017 2083 1133 2135 ant
1189 2082 1263 2135 ut
1319 2090 1482 2153 quae
1536 2092 1667 2136 non
1713 2071 1802 2136 sit
1845 2071 2022 2146 satis,
2080 2090 2290 2152 neque

341 2155 671 2305 ἵει-ἱππεῦ
708 2154 862 2221 doni
973 2157 1033 2221 ei
1077 2159 1572 2309 praestapdtiatigiu
1586 2166 1652 2222 et
1693 2156 2070 2317 veritatenh)
2103 2156 2291 2305 Ὗ

487 2241 1424 2321 υοοενοαῑωκ,καηιυοαι,
1569 2264 1896 2308 amussi
2063 2262 2287 2307 canr

341 2324 534 2392 dicis:
606 2328 822 2405 Quam
868 2265 1122 2405 vegam,
1183 2329 1494 2393 nimirum
1559 2263 2014 2410 adversariig)1.u
2060 2330 2152 2392 At.
2193 2326 2284 2402 hi,

339 2412 512 2493 quod
555 2412 926 2478 indubitate
969 2424 1258 2490 constat,
1318 2435 1438 2498 per
1496 2415 1670 2480 reale
1721 2415 2105 2497 intelligunt
2145 2433 2285 2478 cor·

337 2498 595 2580 poi-ale:
655 2500 920 2565 realiter
963 2521 1270 2584 praesens
1327 2512 1460 2578 est,
1519 2500 1588 2565 id
1630 2514 1749 2579 est,
1793 2501 2007 2585 ipsum
2053 2518 2288 2581 corpus

337 2604 653 2665 praesens
697 2594 822 2650 est:
887 2586 1148 2652 realiter
1189 2585 1432 2651 editur:
1490 2586 1556 2650 id
1601 2601 1731 2665 est,
1792 2588 2006 2669 ipsum
2051 2604 2286 2667 corpus

337 2669 789 2751 corporaliter.
831 2671 901 2736 id
944 2682 1074 2749 est,
1130 2693 1243 2737 ore
1285 2673 1570 2755 corporis
1614 2670 2064 2737 manducatur.
2154 2669 2287 2733 Nos

336 2776 512 2839 erge,
557 2757 650 2821 mi
699 2754 972 2833 Calvino,
1019 2758 1307 2823 tollimus
1352 2780 1570 2823 vocem
1617 2758 1897 2836 realiter,
1942 2777 2141 2839 quum
2188 2754 2284 2819 di-

335 2841 1034 2994 cimusuffiritualiter.
1125 2848 1222 2910 Ac
1281 2845 1583 2909 nolumus
1640 2845 1907 2992 <amni-no
1931 2842 2137 2991 'limnq
2173 2862 2283 2939 vo-

332 2946 476 2993 cem
520 2951 541 2992 1
698 2949 784 2993 ex
827 2950 948 2995 nos
982 2951 1053 2994 ro
1094 2950 1415 2996 consensu
1459 2951 1655 2995 conce
1741 2981 1756 3005 ,
1815 2951 1882 2993 in
1926 2951 1949 2991 1
2002 2950 2040 2993 a
2083 2947 2286 3009 sigm-

335 3016 640 3081 fieatioue
684 3036 814 3098 qua
857 3016 1174 3082 hactenus
1230 3017 1332 3081 usi
1393 3024 1582 3093 sunt,
1641 3029 1711 3080 et
1765 3024 2042 3079 utuntur
2086 3015 2283 3077 etiam

333 3101 544 3167 hodie.
639 3101 856 3168 Dicis:
903 3124 1028 3185 per
1079 3104 1247 3168 reale
1303 3103 1708 3186 intelliyimus
1748 3121 1963 3167 verum
2005 3101 2286 3165 excludi-

331 3208 595 3340 w
644 3188 885 3269 falsum
942 3196 997 3253 a
1052 3190 1559 3274 imayinationem
1603 3190 1869 3254 inanem.
1960 3188 2167 3253 Recte
2211 3197 2284 3250 tu

331 3271 1345 3445 circumimus.
1358 3274 2284 3444 ³⁰35¹¹fssi⁰t1212⁸⁰ffi⁰32313q222

331 3445 743 3512 saeculorum
821 3447 1236 3513 vocabulum:
1326 3445 1619 3530 Spiritus
1697 3460 1766 3513 et
1840 3446 2282 3530 spiritualiter.

329 3531 839 3597 Admoneantur
890 3545 1111 3598 autem
1165 3535 1272 3598 isti
1335 3553 1456 3597 nos
1499 3554 1619 3616 per
1659 3535 1962 3618 spiritum
2007 3553 2139 3597 non
2180 3532 2281 3596 in·

331 3618 630 3703 telligere
689 3618 887 3696 nihil,
947 3620 1306 3684 vanitatem
1361 3635 1426 3684 et
1479 3618 2025 3703 imperceptibiles
2068 3618 2283 3683 effica-

329 3704 562 3787 ciaque
605 3713 904 3770 carentes
948 3705 1357 3788 phantasias,
1417 3705 1532 3771 sed
1588 3707 1793 3787 ipsam
1840 3705 1967 3770 Dei
2010 3702 2275 3769 sensibi-

329 3789 457 3854 lem
527 3791 600 3854 in
669 3790 999 3857 mentibus
1065 3801 1129 3856 et
1193 3791 1597 3857 fiuctiferam
1663 3792 1949 3873 adeoque
2015 3790 2281 3855 vitalem

329 3876 796 3958 operationem.
886 3878 1055 3942 Nam
1101 3879 1369 3961 spiritus
1413 3879 1659 3943 veritas
1702 3887 1832 3955 est,
1889 3896 2022 3940 non
2065 3875 2283 3940 illusio

329 3973 446 4027 aut
491 3963 772 4029 vanitas.
862 3962 1150 4047 Spiritus
1193 3984 1350 4047 ergo
1394 3966 1552 4029 satis
1594 3962 1791 4028 realis
1834 3974 1955 4040 est,
2013 3972 2080 4026 et
2123 3960 2283 4026 satis

331 4045 483 4113 doni
520 4049 1046 4131 magnitudinem
1084 4070 1162 4115 ex
1213 4050 1410 4122 rimit,
1458 4057 1786 4132 utcunque
1830 4069 1959 4114 non
1984 4046 2285 4111 admitta-

331 4154 479 4199 mus
535 4132 676 4198 illis
737 4134 857 4201 hoc
913 4136 1160 4201 vocabu
1188 4156 1331 4214 um,
1388 4156 1515 4218 quo
1572 4145 1710 4199 tam
1749 4155 1966 4201 crasse
2010 4143 2286 4198 utuntur

331 4229 532 4302 atque
573 4221 645 4284 in
693 4221 836 4304 ipso
875 4241 1071 4287 omne
1127 4241 1284 4287 suae
1338 4241 1608 4286 caussae
1650 4220 2046 4304 praesidium
2088 4218 2284 4284 collo-

333 4315 504 4371 cant.
593 4306 777 4390 Ergo
819 4306 988 4389 quod
1030 4327 1182 4372 mox
1226 4306 1478 4373 subdis:
1540 4306 1833 4372 Barbare
1873 4307 2045 4388 loqui
2085 4304 2286 4369 malu-

334 4411 477 4457 mus
517 4412 717 4474 quam
746 4395 989 4477 paonis
1029 4395 1360 4459 materiam
1391 4392 1709 4474 praebere,
1753 4390 2286 4474 circumspectius

336 4479 492 4559 poni
556 4498 842 4544 oramus.
953 4478 1287 4561 Principio
1355 4478 1530 4543 enim
1596 4477 1997 4543 admittendo
2061 4495 2287 4541 vocem

335 4563 606 4630 realiter
635 4584 895 4648 pugnas
926 4562 1088 4630 adeo
1122 4585 1256 4630 non
1275 4564 1644 4642 vitabimus,
1682 4573 1757 4629 ut
1789 4585 1967 4629 nunc
2001 4562 2288 4628 maxime

337 4649 804 4716 instauremus.
904 4648 1164 4716 Deinde
1227 4650 1536 4716 nolumus
1598 4651 1690 4715 ita
1758 4649 2028 4716 barbare
2089 4647 2284 4730 loqui.

339 4732 530 4815 Quae
573 4737 753 4801 enim
796 4734 1002 4821 adigit
1058 4756 1180 4801 nos
1234 4736 1587 4802 necessitas
1631 4734 1936 4802 barbaros
1979 4731 2285 4818 loquendi

339 4816 566 4886 modos
607 4820 927 4888 invehere
957 4823 1026 4887 in
1065 4831 1318 4889 nostras
1351 4822 1675 4901 ecclesias,
1715 4829 1983 4906 propter
2024 4827 2286 4887 conten·

337 4906 542 4973 tiosos
595 4906 805 4973 istos?
906 4906 985 4974 Si
1041 4928 1200 4974 vero
1254 4909 1414 4992 ipsis
1468 4907 1720 4990 placeat
1773 4906 1953 4989 loqui
2009 4903 2287 4972 barbare

339 4995 412 5059 in
457 4993 595 5058 suis
649 4992 968 5068 ecclesiis,
1026 4996 1304 5060 assuetis
1357 4993 1555 5059 rebus
1606 4993 2037 5077 portentosis,
2090 4998 2286 5073 atque

471 5214 610 5336 121)
647 5215 762 5272 Hic
796 5212 1060 5271 Calvinus
1094 5216 1474 5285 σωρῖόοαιίοκίε
1507 5217 1622 5272 loeo
1649 5231 1834 5286 pauca
1871 5216 2036 5270 verba
2068 5213 2289 5269 addidit

335 5281 470 5353 2⁸

515 5351 819 5423 masa.

2078 430 2237 490 1553
2279 423 2605 494 OO'DOB.

4211 430 4338 495 285

2391 609 2557 676 adeo
2596 612 2697 676 uti
2740 612 3082 680 vocabulo:
3142 612 3432 678 realiter:
3486 623 3555 678 et
3605 633 3724 696 per
3787 614 3911 680 hoc
3965 614 4336 699 intelligere

2392 695 2462 783 id
2506 696 2680 780 quod
2720 708 2820 763 est
2863 719 3037 774 vere,
3081 719 3215 763 non
3257 699 3436 773 false,
3490 720 3608 782 per
3649 698 4016 764 illusionem
4062 712 4129 765 et
4168 703 4334 769 ima-

2394 783 2797 866 ginationem
2838 805 3099 861 vanam,
3146 805 3261 866 per
3304 806 3422 851 nos
3467 784 3721 867 quidem
3771 785 3891 850 hoc
3942 786 4073 860 illis
4117 802 4216 852 est
4259 788 4336 852 li-

2395 868 2643 933 berum.
2732 870 2883 935 Non
2948 869 3059 934 illa
3119 870 3200 935 de
3278 890 3478 936 causa
3540 870 3942 956 litigabimus
4007 893 4155 937 cum
4223 874 4336 952 eis,

2395 953 2584 1019 modo
2628 956 2809 1022 nobis
2855 977 3108 1039 quoque
3144 956 3416 1021 liberum
3463 956 3546 1020 sit
3589 956 3764 1022 clare
3798 956 3971 1039 loqui
4008 968 4073 1020 ct
4107 958 4337 1042 loquu-

2394 1041 2606 1105 tioues
2635 1041 2940 1125 religiosa
2972 1043 3375 1125 expositione
3414 1042 3774 1124 explicare:
3822 1045 4103 1107 maxime
4138 1066 4338 1127 quum

2392 1127 2703 1191 orationis
2750 1129 2980 1193 unicus
3024 1129 3110 1192 sit
3141 1128 3309 1204 finis,
3354 1128 3526 1193 clare
3570 1150 3648 1193 ea
3690 1149 3853 1210 quae
3899 1128 4203 1194 dicuntur
4240 1133 4337 1194 in-

2393 1211 2689 1295 telligere
2731 1224 2851 1278 etc.
3748 1218 3751 1219 ⁷

2566 1298 2725 1363 Mox
2784 1319 2984 1382 quum
3042 1300 3471 1381 sequiturz²⁸)
3544 1298 3715 1363 Eam
3771 1321 4009 1382 quoque
4065 1324 4105 1364 a
4161 1301 4336 1368 uobis

2390 1385 2794 1462 manducari,
2849 1385 3001 1449 dum
3067 1386 3140 1447 ia
3195 1405 3418 1466 corpas
3459 1405 3656 1450 unum
3700 1406 3837 1449 cum
3877 1384 4119 1452 Christo
4163 1398 4333 1465 (rur-

2392 1490 2504 1534 sus
2549 1469 2656 1534 hic
2699 1471 2897 1536 inseri
2942 1471 3236 1552 cupimus
3282 1470 3612 1537 voculam:
3683 1492 3799 1553 per
3842 1470 4066 1549 fidem)
4108 1474 4334 1540 coales—

2388 1555 2608 1621 oimuS.
2697 1556 2927 1638 Neque
2986 1556 3410 1640 arbitramur,
3468 1555 3533 1620 id
3590 1559 3711 1621 tibi
3768 1557 4065 1639 iniquum
4123 1558 4335 1624 videri

2389 1661 2593 1723 quum
2660 1639 2979 1707 eiusmodi
3049 1641 3425 1724 loquutione
3490 1643 3589 1707 usi
3655 1644 3788 1708 sint
3851 1646 4207 1725 scripturae
4270 1654 4337 1709 et

2388 1746 2612 1791 omnes
2655 1728 2863 1794 sancti
2906 1737 3140 1811 patres.

2563 1814 2751 1879 Folio
2798 1819 2894 1887 lt),
2956 1814 3117 1878 facie
3164 1819 3200 1876 2
3227 1818 3314 1893 ²⁴)
3375 1814 3455 1878 ab
3514 1815 3616 1878 his
3670 1815 3915 1879 verbis:
3982 1816 4197 1879 Nihilo
4248 1837 4333 1882 sc.

2389 1900 2594 1981 mayis
2650 1920 2837 1981 qaam
2894 1899 3209 1964 camalam
3260 1898 3355 1964 vel
3411 1900 3660 1965 localem
3710 1901 3993 1981 copulam
4056 1902 4337 1968 solvendo

2389 1995 2511 2049 etc.
2558 2006 2761 2067 usque
2804 1984 2889 2049 ad
2924 2005 3157 2050 novam
3206 1985 3540 2068 periodum
3579 1998 3644 2049 et
3679 1988 3805 2050 ista
3843 1985 4070 2051 verba:
4119 1988 4339 2054 Restat

2391 2070 2711 2137 verborum
2753 2070 3018 2138 Domini
3062 2074 3366 2153 expositio
3419 2084 3538 2136 etc.
3597 2072 3882 2155 placeret
3935 2075 4225 2156 expungi
4271 2086 4337 2137 et

2391 2156 2609 2222 omitt-i
2667 2157 2903 2222 omnia.
3006 2157 3291 2221 Videtur
3350 2159 3521 2222 enim
3583 2179 3723 2223 esse
3780 2160 4081 2241 repetitio
4139 2160 4335 2224 unius

2392 2252 2586 2325 atque
2629 2242 2916 2308 eiusdem
2965 2246 3057 2307 rei
3103 2243 3364 2327 ingrata
3399 2263 3561 2326 quae
3596 2244 3723 2308 iam
3764 2246 4023 2326 saepius
4067 2255 4133 2308 et
4164 2246 4336 2311 clare

2390 2330 2551 2393 satis
2595 2337 2698 2393 est
2740 2329 3051 2411 exposita.

2560 2411 2809 2479 Eodem
2855 2415 3005 2479 folio
3049 2428 3115 2479 et
3150 2415 3311 2480 facie
3351 2413 3605 2479 eadem:
3631 2415 3720 2499 ²⁵)
3771 2415 3843 2479 Si
3868 2417 4069 2497 panis
4103 2419 4336 2481 censeri

2389 2519 2617 2581 corpus
2674 2501 2840 2565 debet
2901 2503 3054 2581 quia
3117 2502 3208 2565 sic
3269 2507 3526 2567 vocatur
3583 2510 3701 2565 etc.
3762 2522 3969 2581 usque
4026 2500 4107 2565 ad
4176 2503 4334 2567 haec

2391 2586 2620 2650 verba:
2672 2584 2882 2650 Placet
2923 2586 3057 2650 illis
3097 2586 3347 2650 verbum
3388 2589 3650 2651 retinere
3684 2596 3800 2651 etc.
3840 2594 3908 2651 et
3941 2588 4081 2669 ipsa
4115 2590 4335 2653 omnia

2390 2673 2672 2755 expungi
2718 2690 3122 2753 cuperemus.
3192 2671 3523 2754 Principio
3566 2694 3650 2736 ne
3696 2672 3929 2737 morosi
3972 2673 4175 2737 nostri
4220 2672 4332 2736 ad-

2389 2760 2662 2821 versarii
2722 2779 2838 2821 nos
2898 2777 3140 2821 novam
3198 2779 3422 2823 rursus
3476 2758 4111 2840 interpretationem,
4186 2768 4336 2841 post

2388 2842 2769 2908 innumeras
2829 2853 3079 2908 nostras
3121 2844 3386 2925 priores,
3450 2844 3683 2908 afferre
3728 2854 4105 2925 querantur.
4198 2843 4330 2908 De-

2387 2926 2541 2992 inde
2586 2950 2670 2992 ne
2712 2929 2806 2992 illi
2852 2930 3009 3011 ipsi,
3069 2938 3186 2993 aut
3242 2938 3538 2995 nostrum
3596 2929 3897 2994 nonnulli
3939 2929 4129 2993 nobis
4172 2930 4333 2994 obii-

2386 3014 2568 3078 ciant
2612 3015 3015 3079 Bernensem
3054 3014 3581 3097 Disputationem
3631 3015 3767 3089 (fol.
3818 3020 3951 3089 120,
3998 3018 4138 3091 121,
4184 3018 4332 3095 129)

2386 3102 2571 3183 quasi
2616 3121 2654 3164 a
2698 3102 2884 3167 nobis
2927 3102 3112 3184 ipsis,
3174 3115 3239 3166 et
3295 3104 3375 3168 ab
3432 3100 3549 3166 illa
3606 3103 3801 3186 longe
3844 3102 4101 3184 lateque
4145 3101 4332 3166 dissi-

2386 3187 2673 3253 deamus.
2741 3186 2928 3269 Quae
2962 3208 3119 3252 vero
3156 3188 3515 3253 omittenda
3549 3187 3919 3261 suademus,
3962 3186 4333 3251 huiusmodi

2384 3294 2526 3340 esse
2572 3273 2893 3349 videntur,
2941 3283 3015 3338 ut
3049 3274 3289 3339 omissa
3323 3273 3786 3338 detrimentum
3832 3272 4086 3337 nullum
4123 3271 4333 3337 bonae

2383 3378 2620 3424 causae
2663 3360 2979 3426 adferant.

2555 3446 2884 3511 Fortassis
2928 3467 3061 3510 non
3104 3445 3339 3510 inutile
3381 3441 3547 3509 foret
3583 3443 3666 3509 ad
3703 3445 4155 3522 imitationem,
4202 3446 4333 3509 imo

2385 3533 2893 3597 confutationem
2946 3530 3301 3613 Westphali,
3348 3529 3639 3595 tabulam
3677 3529 4087 3595 diversarum
4129 3531 4333 3594 inter-

2385 3619 2825 3701 pretationum
2871 3617 3339 3696 concionantis,
3386 3615 3477 3680 illi
3516 3636 3842 3698 opponere
3877 3615 4040 3680 duas
4074 3615 4331 3681 tabulas

2388 3703 2649 3778 breves,
2707 3704 2781 3767 in
2837 3723 3114 3786 quarum
3166 3702 3384 3786 priore
3453 3700 3810 3768 similitudo
3866 3711 3932 3765 et
3988 3701 4331 3767 diversitas

2387 3800 2743 3872 poneretur
2815 3788 3163 3854 verborum
3231 3787 3478 3853 Christi
3562 3808 3678 3870 per
3741 3787 4201 3872 Evangelistas
4268 3801 4335 3852 et

2388 3876 2762 3955 Apostolos:
2807 3875 2876 3939 in
2922 3875 3275 3956 posteriore
3311 3885 3610 3938 veterum
3650 3873 3955 3938 ecclesiae
3997 3871 4331 3939 doctorum

2386 3961 2885 4046 consignaretur
2957 3960 3428 4042 interpretatio,
3539 3959 3878 4024 Postremo
3940 3957 4203 4023 videtur
4268 3967 4334 4023 et

2386 4045 2512 4111 hoc
2555 4067 2788 4129 operae
2833 4046 3144 4130 pretium,
3211 4046 3263 4111 si
3320 4044 3582 4111 libellus
3640 4053 3795 4109 tuus
3853 4043 3957 4110 vel
4000 4065 4106 4109 res
4195 4046 4333 4109 nsio

2389 4143 2614 4197 nostra
2656 4133 2727 4195 in
2764 4141 2941 4198 certa
2986 4131 3502 4214 distingueretur
3535 4131 3776 4213 capita:
3824 4150 4012 4214 quem
4050 4130 4115 4194 la
4159 4151 4333 4195 orem

2391 4229 2609 4284 tamen
2653 4218 2782 4301 ipsi
2824 4218 3104 4283 libenter
3146 4217 3607 4300 suscipiemus,
3664 4217 3717 4281 si
3764 4226 3833 4280 et
3876 4215 3993 4280 tibi
4037 4237 4168 4280 non
4214 4218 4331 4279 im·

2389 4302 2648 4386 probari
2711 4303 3245 4369 intellexerimus.
3363 4301 3713 4386 Specimen
3776 4300 4196 4367 exhibuimus
4259 4303 4332 4364 in

2391 4391 2838 4455 Consensione
2892 4390 3034 4474 ipsa
3087 4386 3473 4471 apponendo
3531 4389 3600 4453 in
3660 4388 3957 4472 margine
4018 4385 4221 4469 (quod
4263 4393 4333 4450 et

2390 4477 2461 4539 in
2508 4485 2694 4539 textu
2738 4476 2881 4540 fieri
2926 4475 3182 4548 liceret)
3243 4473 3466 4539 titulos
3512 4474 3612 4538 vel
3660 4484 4047 4558 argumenta
4090 4492 4327 4548 rerum,

2391 4569 2579 4643 puta:
2622 4561 2777 4642 finis
2824 4560 3056 4626 Coenae
3091 4560 3492 4639 Dominioae3
3539 4558 3895 4625 Communia
3934 4557 4218 4638 fidelium
4260 4559 4331 4621 in

2394 4645 2674 4728 Christo3
2716 4648 2959 4728 affectus
2999 4650 3530 4712 commentorum
3573 4656 3691 4711 etc.
3748 4644 3846 4708 ita
3902 4644 4074 4709 enim
4135 4663 4327 4724 expe·

2390 4730 2592 4797 ditius
2634 4753 2777 4799 sese
2820 4732 3023 4816 lector
3064 4730 3417 4815 explicabit
3460 4740 3577 4796 etc.

2562 4819 2856 4884 'situlum
2899 4818 3006 4884 vel
3040 4818 3533 4902 inscriptionem
3567 4814 3939 4880 huiusmodi
3974 4834 4126 4899 prae
4256 4835 4329 4879 re

2390 4903 2707 4988 placeret:
2759 4903 3191 4971 Comen-sionis
3246 4903 3677 4968 minimorum
3722 4902 3791 4966 ia
3834 4899 4132 4968 masiis
4243 4900 4326 4966 el-

2387 4993 2581 5057 vetiae
2625 4991 2927 5057 Rhaetica
2968 4991 3075 5074 (ac
3117 4990 3173 5055 si
3207 4989 3520 5073 placeret)
3562 4993 3619 5052 et
3667 4986 3918 5053 Galliae
3958 4985 4329 5068 quibusdam
