4850 6200
482 402 609 465 54⁷

1368 586 1560 659 zm.

551 682 1028 808 1111666111·
1070 739 1200 807 DE
1244 740 1562 808 BERNE
1609 739 1806 807 Aux
1849 737 2381 807 6116616116.

665 910 1056 979 Publication
1097 910 1258 979 d'un
1314 915 1442 979 edit
1496 913 1722 996 relatis
1754 932 1887 978 aaa:
1928 912 2209 995 pleintes
2249 918 2307 977 a
2346 932 2443 978 re-

475 998 936 1078 presentations
984 998 1181 1082 faites
1211 1020 1344 1081 par
1397 999 1487 1066 les
1528 997 2016 1065 ambassadwrs
2057 999 2135 1064 de
2181 998 2441 1076 Geneve,

483 1084 1983 1168 amqudlesilestreponduparanefin
2039 1085 2116 1150 de
2168 1103 2292 1150 non
2345 1104 2444 1149 re-

481 1171 1096 1324 algeowgdzfarune
1127 1169 1378 1254 defense
1409 1171 1487 1237 de
1517 1169 2296 1253 disputorpubliqument
2326 1190 2446 1235 sur

587 1276 678 1340 pr
840 1257 1096 1323 ination.

489 1427 789 1492 (Archives
832 1428 903 1482 de
945 1429 1147 1483 Berne.
1217 1427 1434 1483 Welsoh
1482 1427 1926 1482 Miseiven-Buch
1961 1426 2021 1484 C.
2068 1428 2164 1481 fol.
2198 1425 2271 1480 50
2302 1427 2441 1481 suiv.

485 1523 555 1535 -—
591 1496 760 1567 Copis
804 1496 839 1550 (1
883 1497 938 1551 la
981 1495 1366 1568 Bibliotheque
1407 1495 1478 1551 (16
1514 1494 1736 1552 Geneve
1770 1495 1973 1551 Carton
2007 1494 2180 1551 1972.
2251 1495 2321 1550 N.
2358 1493 2442 1548 10.

485 1562 887 1636 L'exemplaire
924 1564 1151 1620 Bernois
1185 1572 1347 1635 66166
1382 1566 1436 1619 la
1469 1565 1826 1635 suscription:
1863 1566 1956 1619 Aa
1989 1566 2069 1621 (111
2104 1564 2331 1620 Classen
2361 1564 2443 1630 im

482 1634 950 1691 walechenLand.
997 1633 1077 1688 Le
1110 1635 1244 1688 titre
1268 1633 1363 1704 qui
1389 1651 1461 1687 va
1493 1635 1675 1688 suivre
1710 1649 1769 1687 se
1801 1634 1871 1687 lit
1902 1634 2040 1689 (16116
2073 1634 2443 1703 l’exemplaire

607 1704 677 1757 de
714 1702 948 1758 Geneve.
1017 1703 1065 1756 11
1100 1703 1220 1758 doit
1252 1704 1407 1757 avoir
1442 1703 1617 1757 existe
1651 1703 1888 1757 d'autres
1924 1703 2328 1774 exemplaires.)

481 1889 744 1957 Double
808 1889 889 1956 de
955 1892 1222 1959 missive
1288 1913 1456 1976 pour
1519 1892 1617 1958 les
1679 1893 2018 1957 ministres
2083 1892 2171 1958 (16
2248 1891 2439 1957 balli-

481 1975 674 2062 vaige
718 1976 799 2042 de
843 1978 1120 2043 'Pernier
1172 1986 1242 2043 et
1286 1976 1613 2130 (ἐξὲξιιὲἰο
1616 2114 1630 2129 .
1643 1997 1726 2044 66
1783 1979 1939 2044 faict
1988 1977 2103 2046 des
2150 1978 2439 2062 disputa-

652 2215 1006 2301 Ladvoyer
1048 2225 1116 2282 et
1169 2219 1415 2283 conseil
1458 2218 1543 2284 de
1584 2218 1821 2285 Berne.
1909 2218 2152 2286 Nostro
2197 2218 2441 2284 saluta-

481 2304 620 2368 tion
665 2303 982 2386 premise:
1041 2302 1502 2370 Honnorables
1557 2303 1740 2370 doctz
1796 2316 2103 2371 scavantz
2163 2303 2439 2369 discretz

480 2389 697 2456 chiers
754 2398 823 2454 et
883 2388 1034 2454 bien
1089 2409 1353 2472 aymez:
1419 2390 1601 2455 Pour
1658 2411 1822 2457 vous
1878 2399 2441 2476 sommayrement

480 2474 774 2540 advertir
832 2474 914 2539 de
971 2494 1045 2540 ce
1103 2474 1287 2558 qu’az
1344 2483 1484 2542 este
1540 2496 1661 2559 par
1727 2496 1893 2544 nous
1957 2478 2191 2544 traicte
2249 2484 2438 2542 entre

481 2560 927 2627 Lambassade
991 2564 1072 2625 (16
1140 2582 1259 2626 noz
1339 2562 1690 2629 treschiers
1769 2563 2288 2647 combourgeoys
2354 2562 2436 2627 (16

479 2647 754 2713 Geneve
788 2658 857 2711 et
898 2647 1079 2712 leurs
1113 2648 1446 2715 ministres
1486 2669 1567 2714 en
1613 2658 1788 2714 ceste
1823 2650 2098 2733 journee
2133 2669 2240 2712 am
2289 2648 2436 2714 able

479 2734 653 2799 (1666
696 2740 766 2798 66
807 2732 1063 2797 (1661616
1107 2734 1322 2817 partie
1345 2733 1575 2800 Andre
1600 2734 1863 2800 Zebedee
1894 2743 1963 2801 et
1984 2733 2193 2800 Iehan
2278 2754 2436 2818 unqe

477 2821 810 2885 ministres
863 2817 944 2883 (16
987 2818 1184 2901 Nyon
1238 2830 1306 2886 et
1347 2819 1630 2886 Bul-sin:
1695 2825 1922 2888 Avens
1979 2821 2207 2887 advise
2266 2841 2436 2886 vous

475 2907 765 2988 escripre
807 2926 915 2970 ces
962 2918 1315 2987 presentes,

652 2988 1177 3056 Premierement
1211 3004 1383 3055 estre
1419 3011 1765 3074 comparus
1785 2990 2154 3075 pardevant
2187 3012 2354 3057 nous
2380 2995 2432 3072 ¹)

478 3076 755 3144 Ladicte
822 3074 1258 3156 Ambassade,
1321 3089 1807 3144 nommeement
1869 3077 2104 3164 Henry
2173 3078 2436 3144 Aulbert

480 3162 858 3246 Sindicque‚
903 3162 1173 3227 maistre
1207 3162 1418 3229 Ieban
1457 3162 1703 3242 Calvin,
1747 3165 2086 3250 Francoys
2127 3163 2437 3246 Chamoys

483 3258 551 3314 et
592 3250 860 3314 maistre
905 3248 1007 3312 Re
1053 3247 1258 3313 mond
1306 3246 1604 3315 Chaulvet
1643 3261 1760 3315 ont
1802 3271 2077 3335 propose
2121 3259 2189 3314 et
2230 3251 2434 3315 recite

482 3356 569 3400 en
610 3354 926 3419 presence
1028 3354 1097 3401 es
1150 3343 1562 3400 susnommez
1606 3335 1943 3402 ministres
2000 3335 2083 3401 de
2128 3336 2321 3421 Nyon
2366 3345 2435 3400 et

480 3421 729 3486 Bursin
772 3420 951 3487 leurs
986 3419 1343 3502 plainctiffs
1376 3430 1445 3486 et
1477 3419 1863 3489 douleances
1900 3431 2128 3490 contre
2163 3422 2315 3488 eulx
2350 3443 2436 3507 cy

482 3507 730 3573 devant
772 3526 855 3570 en
899 3504 1042 3571 leur
1082 3508 1359 3574 absence
1400 3508 1654 3574 faictes:
1717 3507 1851 3576 Sus
1905 3508 2254 3592 lesquelles
2306 3507 2437 3574 les-

482 3593 655 3660 dictz
700 3592 872 3658 deux
915 3591 1253 3658 ministres
1304 3601 1420 3659 ont
1476 3592 1693 3659 donne
1748 3594 1924 3661 leurs
1977 3614 2324 3680 responces
2367 3601 2438 3659 et

484 3699 557 3745 66
600 3699 720 3763 661
770 3678 1045 3763 longues
1103 3677 1385 3762 parolles
1441 3678 1623 3765 dung
1665 3687 1842 3748 coste
1883 3686 1951 3747 et
1991 3679 2271 3760 daultre,
2327 3680 2435 3764 icy

484 3787 526 3832 a
582 3765 866 3849 escripre
922 3782 962 3828 a
1019 3784 1215 3830 cause
1268 3763 1351 3830 de
1409 3765 1714 3848 prolixite
1773 3763 2247 3833 entrelaissees.
2335 3763 2437 3832 Or

482 3858 724 3936 ayantz
757 3858 903 3916 tout
936 3848 1087 3916 bien
1123 3850 1413 3916 entendu
1440 3861 1506 3918 et
1539 3852 1894 3932 considere,
1930 3873 2098 3937 pour
2131 3874 2170 3918 a
2217 3851 2437 3937 paiser

482 3937 664 4002 leurs
719 3934 1090 4010 differentz.
1158 3936 1408 4003 abbolir
1462 3946 1530 4002 et
1592 3938 1888 4004 abbattre
1952 3948 2020 4004 et
2083 3960 2153 4005 se
2202 3959 2275 4004 er
2337 3937 2436 4005 les

482 4021 847 4092 scandalles
909 4029 978 4088 et
1041 4021 1399 4089 offensione
1465 4024 1579 4090 des
1643 4023 1900 4109 eglises,
1967 4024 2439 4091 Pareillement

485 4109 602 4176 des
646 4107 1082 4193 particuliers‚
1149 4110 1351 4175 Aussi
1405 4108 1504 4175 les
1556 4110 1843 4177 troubles
1900 4118 1967 4176 et
2020 4111 2436 4178 contentione

484 4211 553 4260 et
585 4216 752 4279 pour
786 4217 1067 4262 avancer
1100 4204 1168 4260 et
1200 4196 1560 4261 entretenir
1580 4195 1894 4262 concorde
1927 4205 1994 4260 et
2015 4195 2434 4262 chrestienne

485 4284 719 4347 union:
782 4302 948 4347 nous
993 4302 1202 4366 ayans
1256 4303 1338 4346 en
1384 4283 1668 4365 premier
1706 4282 1840 4349 lieu
1884 4280 2166 4348 resolluz
2212 4290 2279 4347 et
2320 4282 2433 4348 de-

486 4367 742 4442 clairez.
788 4367 936 4451 puis
983 4388 1108 4451 que
1152 4389 1232 4433 en
1279 4367 1343 4432 la
1385 4367 1782 4450 publication
1825 4375 1890 4433 et
1934 4368 2307 4435 conclusion
2352 4367 2435 4434 de

485 4455 551 4518 la
611 4453 1013 4536 disputation
1067 4455 1126 4519 ic
1229 4466 1442 4529 tenue,
1508 4474 1674 4520 nous
1739 4474 2020 4520 sommes
2083 4454 2309 4521 offertz
2376 4454 2436 4520 61

486 4540 811 4623 aulcungs
874 4550 1104 4623 proten
1151 4550 1353 4622 oyent
1413 4559 1534 4622 par
1607 4538 1676 4605 la
1752 4540 1999 4607 saincte
2076 4541 2437 4624 escripture

485 4646 767 4709 prouver
831 4626 1221 4692 convaincre
1284 4632 1353 4690 et
1415 4625 1729 4691 informer
1787 4647 1871 4692 en
1937 4634 2075 4693 cest
2137 4626 2437 4692 endroict

487 4712 671 4777 avoir
727 4709 912 4795 sailly
969 4721 1035 4776 et
1086 4733 1230 4776 erre
1273 4731 1400 4794 que
1459 4710 1547 4777 tel
1607 4732 1833 4777 erreur
1886 4722 1955 4779 et
2009 4709 2212 4778 faulte
2253 4712 2437 4780 voul-

489 4796 773 4882 droyent
812 4796 1141 4873 emender,
1203 4796 1296 4862 Oe
1339 4817 1464 4880 que
1521 4798 1883 4882 toutesfoys
1933 4819 2259 4882 personne
2293 4800 2437 4883 jus·

489 4901 649 4966 ques
706 4882 814 4968 icy
871 4903 993 4950 naz
1039 4884 1411 4966 entreprins
1464 4904 1559 4967 ny
1616 4885 1789 4952 faict.
1879 4881 2066 4969 Puys
2108 4885 2439 4968 donoques

488 4989 615 5050 (166
655 4989 777 5052 661
819 4968 883 5033 16
935 4969 1183 5036 saincte
1226 4969 1585 5054 escripture
1628 4968 1717 5035 du
1761 4969 1981 5036 vieulx
2024 4976 2093 5038 et
2134 4990 2437 5036 nouveau

491 5062 843 5120 testament
898 5056 993 5120 les
1037 5055 1451 5122 conclusione
1495 5076 1842 5140 proposees
1887 5063 2036 5123 sont
2075 5063 2248 5123 estes
2291 5055 2438 5123 des-

487 5324 669 5382 6176.
696 5327 756 5393 1)
791 5327 838 5380 ce
869 5327 918 5380 2.
959 5330 1132 5384 Aura.

1991 394 2519 465 EPISTOLAE
2565 398 2990 461 2176-2177

4369 374 4493 461 5‘48

2542 584 2805 653 battues
2861 590 2931 654 et
2982 584 3448 665 sonbztenues,
3505 585 3598 651 Et
3635 604 3752 651 sur
3794 605 3869 651 66
3912 606 4123 651 avons
4164 585 4323 651 faict
4365 607 4494 651 666

2541 670 2874 756 generalla
2915 671 3340 737 reformation
3379 668 3661 755 laquelle
3691 672 3970 756 jusques
4012 694 4054 738 a
4085 678 4358 756 present
4393 678 4495 738 est

2545 758 2879 837 observes,
2923 765 2992 823 et
3032 765 3613 841 consequemment
3669 766 3864 823 tenuz
3917 779 4048 823 une
4103 755 4316 822 aultre
4359 756 4494 822 dis-

2540 843 2845 929 putation
2881 862 2923 907 a
2946 842 3309 909 Lausanne
3350 842 3678 910 conforme
3713 864 3755 909 a
3794 841 3861 907 16
3894 842 4200 923 susdicte,
4250 842 4336 907 Et
4378 862 4495 908 sur

2545 951 2620 997 66
2662 948 2749 995 66
2801 936 3367 996 666116666616666
3429 936 3496 994 66
3558 948 3750 1014 66166
3819 932 4318 1011 souventesfoys
4381 950 4493 993 en·

2532 1017 2747 1099 joinct
2803 1025 2872 1080 et
2927 1014 3314 1081 commando
3370 1036 3410 1079 a
3464 1035 3585 1080 666
3638 1015 3977 1081 ministres
4019 1015 4102 1080 (16
4160 1035 4495 1100 ensuyvre

2544 1111 2610 1167 et
2652 1102 2965 1166 observor
3006 1121 3088 1166 en
3145 1099 3324 1167 leurs
3413 1100 3801 1166 redications
3845 1100 4171 1167 doctrines
4213 1101 4496 1183 parolles

2543 1198 2612 1252 et
2654 1189 3050 1270 escriptures
3092 1186 3314 1253 icelles
3348 1122 3782 1270 (11666666666
3817 1187 4279 1253 reformatione
4313 1207 4495 1251 man-

2543 1272 2841 1339 dementz
2883 1271 3332 1338 ordonnances
3375 1272 3616 1338 formes
3657 1282 3725 1338 et
3768 1273 4094 1339 manieres
4139 1272 4221 1338 (16
4263 1271 4494 1357 leglise

2543 1380 2661 1425 661
2717 1359 2858 1425 6616
2911 1359 3137 1425 faictes
3191 1368 3259 1423 et
3310 1380 3395 1424 66
3451 1358 3933 1425 consideration
3975 1380 4101 1443 que
4152 1358 4248 1423 les
4302 1359 4493 1422 inno-

2545 1447 2799 1510 vatione
2853 1456 2922 1509 et
2985 1445 3461 1528 changementz
3517 1456 3634 1508 ont
3697 1466 3779 1511 66
3827 1444 4029 1511 endre
4086 1452 4152 1509 et
4215 1443 4492 1511 admene

2543 1530 2865 1614 beaucopt
2929 1528 3011 1595 de
3076 1528 3384 1596 differens
3450 1541 3516 1596 et
3580 1529 3770 1596 desor
3814 1553 3940 1609 res,
4006 1530 4310 1597 Sommes
4377 1551 4492 1594 en-

2543 1636 2773 1683 coures
2816 1614 2897 1682 de
2940 1621 3213 1699 present
3250 1624 3319 1680 et
3360 1636 3400 1680 a
3444 1616 3745 1682 ladvenir
3778 1638 4003 1682 serons
4039 1614 4121 1680 de
4155 1617 4494 1682 constante

2545 1702 3008 1769 desliberation
3052 1723 3208 1767 sans
3244 1702 3570 1768 variation
3615 1723 3706 1786 ny
3741 1702 4182 1788 changement
4225 1702 4306 1767 de
4349 1722 4493 1785 pro-

2540 1809 2658 1872 pos
2704 1787 2791 1874 dy
2834 1789 3149 1872 persister
3193 1798 3261 1853 et
3317 1808 3714 1872 persever-er,
3776 1788 3868 1855 Et
3910 1808 4114 1854 avons
4158 1808 4494 1871 pronunce

2542 1886 2609 1940 et
2662 1875 3147 1959 amyablement
3200 1873 3494 1939 ordonne
3518 1877 3577 1942 ²)
3632 1895 3757 1957 que
3813 1875 3911 1940 les
3969 1872 4277 1940 differens
4333 1894 4493 1956 pen-

2542 1960 2738 2026 (16666
2793 1971 2983 2025 entre
3038 1959 3339 2026 lesdictes
3393 1961 3638 2046 parties
3693 1959 4004 2044 doibgent
4056 1970 4226 2027 estre
4270 1967 4336 2023 et
4379 1961 4493 2024 de-

2543 2065 2808 2111 mourer
2841 2047 3278 2111 entierement
3320 2065 3520 2130 sopys
3554 2048 3870 2113 estainctz
3914 2046 4114 2111 tollus
4158 2045 4383 2131 abolys
4426 2059 4495 2109 et

2540 2131 2883 2209 abbatues‚
2953 2152 3204 2197 comme
3258 2133 3317 2197 si
3378 2133 3617 2215 ,iamais
3670 2153 3756 2198 ne
3807 2132 4101 2199 feussent
4152 2145 4290 2197 este
4345 2153 4505 2216 mys·

2540 2238 2622 2283 en
2683 2227 2884 2283 avant
2926 2241 3018 2303 ny
3077 2216 3360 2301 dyceulx
3419 2216 3557 2283 fust
3609 2226 3746 2284 este
3803 2219 4094 2283 mention
4142 2237 4339 2301 avecq
4388 2239 4494 2282 re·-

2539 2316 2957 2369 monstrance
3022 2324 3149 2387 que
3226 2323 3395 2368 vous
3456 2324 3626 2368 nous
3693 2304 4028 2370 ministres
4101 2325 4264 2369 vous
4344 2304 4493 2367 des-

2542 2402 2760 2473 portez
2805 2389 2885 2454 de
2938 2388 3225 2455 blasmer
3279 2388 3581 2454 diffamer
3633 2412 3726 2474 ny
3770 2391 4120 2474 mespriser
4175 2390 4492 2456 aulcunes

2538 2496 2915 2561 permanes,
2983 2477 3111 2541 soit
3174 2496 3305 2540 aux
3372 2477 3649 2560 chayres
3711 2476 3895 2541 lieux
3959 2475 4341 2559 publicques
4406 2496 4493 2540 66

2540 2561 2803 2640 6616166,
2850 2564 3019 2628 Aine
3064 2584 3147 2626 en
3206 2561 3562 2644 preschant
3618 2561 3881 2645 parlant
3924 2562 4233 2627 devisant
4275 2572 4343 2627 et
4386 2580 4494 2625 es-

2539 2649 2846 2731 61161666
2880 2657 3067 2713 66666
3096 2660 3163 2712 66
3196 2647 3529 2713 observiez
3566 2647 3630 2712 la
3651 2647 3966 2714 modestis
4002 2660 4069 2711 et
4105 2648 4493 2713 honncstete

2539 2755 2622 2799 au
2665 2746 2952 2800 conteuu
2996 2733 3078 2798 de
3119 2732 3185 2798 la
3240 2734 3489 2798 saincte
3542 2734 3903 2817 escripture
3958 2734 4117 2798 affin
4161 2755 4289 2817 que
4341 2754 4495 2816 per-

2540 2838 2748 2887 sonne
2782 2841 2866 2884 ne
2909 2820 3036 2885 soit
3070 2820 3315 2885 offense
3348 2840 3444 2904 ny
3467 2818 3719 2885 donnee
3753 2821 4052 2885 occasion
4085 2819 4165 2884 de
4199 2820 4492 2885 trouble-

2539 2918 2756 2972 ments
2795 2908 3205 2971 contentione
3248 2916 3315 2971 et
3359 2905 3725 2971 scandales:
3775 2905 4001 2990 prians
4044 2918 4112 2971 et
4146 2907 4493 2971 admones-

2540 3000 2691 3057 tans
2755 2990 3323 3057 fraternellement
3380 3011 3503 3056 noz
3571 2991 3739 3058 dictz
3816 2990 4331 3076 combourgeoys
4408 2992 4491 3056 de

2540 3077 2818 3145 Geneve
2861 3100 2985 3162 que
3029 3076 3109 3143 de
3154 3078 3296 3142 leur
3330 3088 3505 3143 coste
3542 3100 3587 3162 y
3624 3098 3873 3161 pourvo
3922 3086 4036 3143 ent
4077 3085 4147 3143 et
4191 3079 4494 3143 tiennent

2539 3166 2718 3230 main
2809 3185 2893 3230 ue
2937 3164 3116 3230 leurs
3150 3164 3485 3230 ministres
3511 3165 3569 3250 ⁸)
3614 3173 3813 3230 usent
3897 3186 3934 3229 e
3979 3164 4134 3230 telle
4170 3163 4489 3229 modestis

2539 3263 2606 3316 et
2664 3272 2734 3316 se
2822 3259 3172 3335 epourtent
3215 3250 3295 3314 de
3351 3269 3686 3334 666166661-
3742 3249 3944 3316 livres
3999 3259 4382 3316 contenantz
4428 3252 4486 3316 si

2539 3335 2798 3401 haultes
2855 3336 3085 3402 choses
3134 3355 3304 3419 pour
3350 3346 3726 3419 perscruter
3765 3336 3865 3401 les
3908 3346 4155 3401 secretz
4198 3336 4279 3402 de
4312 3334 4487 3402 Dieu

2538 3443 2578 3486 a
2621 3430 2845 3487 nostre
2888 3421 2970 3487 ad
3068 3443 3100 3486 s
3144 3443 3278 3486 non
3321 3422 3721 3488 necessaires
3764 3433 3833 3487 et
3875 3424 3989 3506 qui
4045 3422 4338 3488 donnent
4380 3442 4491 3487 oc-

2537 3509 2758 3573 casion
2816 3506 2898 3572 de
2956 3517 3021 3573 te
3048 3529 3082 3572 z
3138 3507 3448 3573 differens
3504 3507 3901 3575 dissensions
3959 3511 4371 3575 contentione
4422 3518 4494 3574 et

2537 3592 2982 3660 troublemens
3068 3593 3174 3659 lus
3220 3593 3567 3659 (1666166116
3609 3615 3734 3679 (166
3777 3593 4097 3663 ediffians.
4166 3594 4494 3679 Laquelle

2536 3686 2760 3745 nostre
2805 3614 3105 3763 amyablle
3163 3679 3667 3763 pronunciation
3724 3689 3791 3746 et
3847 3679 4266 3747 ordonnance
4323 3701 4491 3746 aux-

2538 3765 2707 3831 dictz
2775 3765 3271 3832 ambassadeurs
3326 3786 3492 3848 pour
3555 3785 3877 3852 response
3945 3766 4196 3832 donnee
4252 3774 4321 3832 et
4378 3765 4494 3832 de-

2535 3851 2775 3919 clairee
2832 3860 2999 3917 nont
3056 3851 3326 3918 voulsus
3380 3857 3679 3936 accepter
3735 3874 3827 3938 ny
3873 3851 4130 3937 dycelle
4173 3872 4293 3936 soy
4336 3873 4493 3917 con-

2536 3946 2774 4013 tenter‚
2805 3939 2858 4016 4)
2928 3957 3093 4003 6666
3151 3938 3376 4021 611666
3435 3936 3515 4003 (16
3572 3939 3735 4003 faire
3792 3959 3877 4004 en
3937 3960 4010 4004 ce
4070 3937 4218 4021 plus
4272 3939 4493 4022 ample

2538 4021 2939 4089 declaration
2982 4033 3051 4087 et
3092 4022 3344 4089 donner
3400 4033 3707 4089 sentence
3760 4034 3827 4088 et
3869 4037 4300 4090 mesmement
4344 4037 4492 4090 tou-

2536 4108 2739 4176 chant
2801 4108 2868 4173 la
2934 4108 3227 4175 doctrine
3291 4108 3514 4176 dudict
3568 4111 3836 4175 maistre
3894 4107 4102 4175 Iehan
4149 4109 4390 4186 Calvin,
4451 4132 4495 4176 a

2536 4194 2724 4262 icelle
2766 4216 2929 4260 nous
2984 4196 3395 4280 soubscripre
3439 4205 3505 4261 et
3557 4216 3956 4280 approuver,
4014 4217 4086 4262 ce
4141 4218 4267 4279 que
4324 4216 4493 4278 pour

2536 4282 2787 4348 bonnes
2831 4291 2899 4345 et
2943 4283 3157 4366 justes
3201 4283 3456 4348 raisons
3501 4303 3587 4347 en
3628 4281 3864 4349 ladicte
3909 4303 4220 4365 responce
4263 4292 4490 4348 conte-

2537 4388 2701 4450 6666
2739 4387 2943 4432 avons
2977 4368 3219 4433 reffuse
3262 4368 3425 4433 faire
3469 4377 3535 4433 et
3569 4388 3733 4434 nous
3769 4379 4016 4435 arreste
4053 4369 4495 4434 entierement

2542 4577 2715 4585 ————-

2739 4709 2800 4775 2)
2840 4709 2933 4764 La
2951 4709 3289 4765 declaration
3322 4718 3399 4766 est
3432 4713 3510 4766 ici
3538 4712 3665 4780 plus
3691 4709 3900 4780 pre'coee
3922 4728 4024 4782 que
4057 4711 4201 4766 dans
4236 4714 4285 4766 le
4319 4711 4493 4767 lobeni

2537 4780 2605 4835 de
2637 4779 2696 4833 za
2730 4784 3037 4914 811ῗῖἓὲφὰ
3068 4845 3328 4901 Padressc
3363 4845 3431 4902 de
3470 4846 3663 4902 Calvm'
3666 4886 3680 4902 .

2743 4916 2805 4980 4)
2968 4956 2981 4970 .
3029 4917 3107 4971 du
3145 4916 3360 4972 Comet’l
3402 4915 3485 4969 11.
3525 4917 3699 4972 Ami.
3780 4919 3866 4972 On
3896 4935 3937 4989 y
3969 4919 4035 4971 lit
4077 4924 4225 4971 enm
4271 4925 4489 4971 autres.-

2538 4986 2719 5051 Quant
2751 5002 2821 5039 66
2864 4985 2921 5039 (11
2961 4992 3119 5039 erent
3161 4984 3320 5039 dudit
3356 4985 3604 5041 Zebedes
3640 4993 3735 5042 etc.
3772 4995 3858 5042 est
3892 4996 4005 5040 oste
4039 4986 4124 5039 dit
4159 4993 4216 5039 et
4250 4987 4491 5041 declaire

2578 5071 2645 5109 66
2682 5091 2903 5110 .....
2934 5055 3028 5108 166
3071 5053 3290 5108 deffend
3333 5071 3368 5106 6
3409 5061 3533 5108 6666
3580 5055 3649 5109 (16
3693 5072 3762 5110 ne
3808 5055 4153 5125 blasphemer
4200 5055 4250 5107 le
4296 5055 4381 5109 dit
4416 5057 4491 5110 Μ.

2581 5124 2727 5204 611111
2773 5129 2831 5178 66
2866 5140 2981 5247 ί(111116
3026 5129 3149 5205 tous
3182 5124 3540 5204 'imprimente
3585 5132 3643 5178 66
3678 5125 3952 5179 ministres
3988 5141 4057 5179 ne
4091 5123 4355 5204 doibgent
4374 5128 4493 5206 ‘im-

2538 5207 2745 5263 ¹'¹'¹¹”⁰‘
2764 5208 2869 5313 ω’(
2901 5193 3515 5317 ,ΓιὶὲἳὲἭξέεξ-’ἒῖῗὲ
3529 5192 3973 5331 ‘amasus
4002 5201 4087 5316 ‹10‘
4098 5196 4317 5315 ssffl
4352 5195 4493 5248 Μ’

2538 5277 3039 5398 23121831661161
3085 5331 3179 5399 (161
3225 5330 3474 5385 tombent
3507 5332 3742 5400 plustost
3775 5349 3807 5385 s
3842 5330 4095 5386 scandale
4129 5347 4236 5399 qus

4394 5263 4492 5318 (166

4345 5333 4492 5388 ifle--
