4850 6200
447 400 569 459 791

652 583 802 636 Ponr
835 587 959 635 tons
992 597 1082 634 ces
1117 581 1270 633 biens
1304 584 1366 632 ιιι
1400 596 1536 649 voye
1570 596 1697 634 mon
1730 595 1865 648 sang
1898 578 2163 647 espandro

654 652 787 704 Mon
823 650 951 704 chef
976 651 1092 703 cloe
1127 654 1184 702 et
1216 664 1342 701 mon
1377 665 1534 718 corps
1570 665 1637 703 en
1672 648 1754 700 ler
1788 647 1993 717 pendre

655 721 884 787 Indigna
918 719 1068 772 helas
1103 717 1171 770 de
1207 724 1322 770 cest
1356 723 1654 838 outraffeux
1690 717 1895 769 blasme

756 790 893 841 Male
927 788 1039 841 tien
1075 792 1169 857 toy
1204 802 1330 839 seur
1364 802 1470 855 qne
1544 803 1573 838 e
1609 802 1670 838 ce
1706 801 1865 853 corps
1899 789 2153 839 mom-snt

762 858 876 922 Que
909 864 1095 925 maynt
1129 872 1281 925 amys
1316 872 1385 907 va
1422 855 1729 907 tristement
1762 856 1983 924 plorant

656 926 735 981 Le
771 926 874 980 ciel
898 925 1102 996 Joyeux
1138 941 1172 976 a
1207 940 1365 976 recen
1401 940 1433 976 a
1466 940 1563 994 aoy
1600 924 1784 976 lasme.

1315 1466 1518 1536 2303.

1056 1624 1296 1688 BEZA
1341 1619 1777 1687 GALVINO.

621 1794 954 1861 Certiorem
1007 1815 1146 1859 eum
1200 1793 1354 1874 facit
1395 1794 1472 1859 de
1524 1792 1730 1856 variis
1772 1793 1886 1873 qui
1938 1792 2383 1872 circmnferun-

443 1887 549 1946 tur
589 1882 943 1945 rumoribus
985 1882 1150 1946 circa
1190 1884 1402 1961 partes
1444 1902 1487 1945 a
1536 1875 1796 1942 Calvino
1847 1878 1918 1941 in
1958 1878 2142 1943 rebus
2191 1878 2386 1942 Gene—

438 1968 725 2032 vensibus
768 1972 958 2041 actae,
1006 1967 1282 2046 iubetque
1323 1985 1463 2030 eum
1497 1968 1841 2028 constanter
1874 1969 1930 2028 et
1967 1963 2215 2045 fortiter
2256 1985 2386 2044 qua

439 2055 633 2135 coepit
663 2053 982 2136 proyredi.

441 2224 551 2288 (Ex
604 2222 939 2292 autographo
992 2221 1117 2275 Cod.
1172 2221 1408 2276 Gothani
1459 2219 1578 2285 404,
1633 2221 1720 2273 fol.
1776 2219 1894 2274 723.
1985 2221 2172 2273 Edidit
2223 2221 2381 2273 Bret-

1128 2291 1413 2344 schneider
1447 2307 1498 2359 p.
1539 2287 1686 2356 113.)

612 2463 873 2526 Eximio
911 2483 1102 2527 servo
1140 2462 1263 2525 Dei
1302 2462 1383 2525 D.
1420 2461 1653 2526 Ioanni
1691 2460 1968 2526 Calvino
2006 2461 2177 2543 patri
2210 2459 2378 2523 mihi

438 2547 740 2631 inprimis
785 2545 1186 2613 observando
1232 2556 1299 2613 et
1334 2547 1747 2613 Genevensis
1791 2546 2099 2611 ecclesiae
2135 2543 2377 2610 fidelis—

438 2634 604 2698 simo
646 2634 911 2718 pastori.

1875 2715 2202 2782 Genevae.

608 2888 677 2956 S.
769 2891 973 2955 Recte
1051 2890 1285 2955 alicubi
1374 2889 1689 2971 scripsisti
1774 2889 2158 2953 afflictiones
2234 2910 2376 2954 esse

436 2976 801 3060 gignendae
856 2976 1204 3060 patientiae
1255 2977 1707 3039 instrumenta.
1797 2975 1968 3038 Nam
2021 2974 2144 3038 hoc
2188 2994 2228 3037 a
2269 2996 2376 3039 me

434 3064 816 3146 impetravit
857 3064 1131 3127 istorum
1168 3082 1404 3127 canum
1439 3062 1669 3139 rabies,
1715 3070 1788 3126 ut
1830 3060 1968 3144 ipse
2006 3061 2227 3125 mirari
2270 3061 2374 3124 in-

435 3150 670 3230 cipiam
716 3168 842 3231 quo
887 3148 1078 3213 modo
1130 3161 1264 3210 tam
1311 3148 1520 3212 multa
1566 3168 1738 3211 nunc
1780 3147 2107 3229 patienter
2150 3147 2374 3211 audire

436 3235 816 3310 sustineam,
883 3254 1047 3315 quae
1108 3233 1299 3316 paulo
1365 3244 1518 3297 ante
1576 3254 1659 3296 ne
1725 3232 2045 3315 suspicari
2110 3230 2373 3315 quidem

434 3319 823 3404 potuissem,
890 3319 1045 3400 quin
1109 3319 1352 3382 mirum
1430 3318 1498 3382 in
1565 3316 1828 3383 modum
1908 3338 2370 3383 commoverer.

436 3405 632 3470 Absit
686 3405 860 3468 enim
908 3413 983 3468 ut
1037 3405 1142 3469 isti
1201 3425 1395 3470 canes
1439 3426 1554 3469 suo
1612 3404 1856 3467 latratu
1901 3424 2021 3468 nos
2066 3426 2103 3466 a
2144 3413 2371 3468 nostro

435 3491 645 3556 officio
688 3490 795 3555 vel
840 3490 1184 3555 minimum
1228 3490 1579 3556 abducant:
1638 3489 1807 3572 quod
1853 3510 2060 3554 unum
2117 3497 2373 3554 certum

436 3585 539 3641 est
595 3577 663 3639 in
719 3576 822 3641 his
880 3576 1346 3642 certaminibus
1405 3598 1546 3641 esse
1602 3574 1889 3641 Satanae
1946 3575 2371 3658 propositum,

436 3662 623 3728 ouius
679 3660 867 3726 furiis
922 3662 1031 3725 isti
1087 3663 1313 3745 perciti
1366 3662 1726 3727 insaniunt.
1809 3659 2106 3725 Narrabo
2151 3671 2371 3724 tamen

435 3748 555 3812 tibi
599 3746 765 3828 quod
814 3748 1323 3829 nudiusquartus
1378 3748 1630 3813 accidit.
1717 3747 1959 3812 Vester
2009 3746 2371 3811 Pseudalci-

432 3833 662 3907 biades,
695 3834 738 3906 ι)
784 3853 898 3896 seu
945 3834 1152 3897 mavis
1190 3833 1535 3897 Plautinus
1569 3833 2121 3918 Pyrgopolinices,
2166 3853 2370 3914 quum

433 3917 560 3983 hae
593 3918 996 3999 praeteriret,
1033 3918 1101 3982 in
1138 3917 1320 3983 albae
1363 3920 1574 3984 crucis
1608 3919 1891 4003 hospitio
1928 3938 2083 3983 suas
2125 3917 2373 3983 scilicet

428 4003 738 4069 victorias
781 4003 1067 4068 iactavit.
1136 4002 1382 4084 Quidni
1417 4006 1593 4069 enim
1630 4006 1921 4070 vinceret
1964 4004 2074 4068 ubi
2120 4003 2370 4067 nullum

429 4091 683 4155 hostem
728 4088 970 4153 habet?
1036 4088 1172 4154 Sed
1214 4089 1367 4155 audi
1411 4112 1538 4172 quo
1583 4092 1671 4156 sit
1712 4100 2076 4175 provectus.
2158 4090 2259 4154 De
2303 4097 2370 4153 te

430 4176 601 4240 dixit
634 4196 799 4258 quae
835 4177 914 4240 ab
953 4175 1216 4239 homine
1258 4175 1721 4259 impurissimo,
1768 4186 1835 4240 et
1869 4176 2077 4259 qualis
2109 4196 2370 4257 semper

429 4260 586 4339 fuit,
643 4261 965 4343 proficisci
1017 4269 1311 4343 possunt.
1401 4261 1656 4326 Deinde
1708 4283 1909 4344 quum
1953 4259 2035 4326 ad
2093 4260 2371 4325 Viretum

429 4354 724 4412 nostrum
774 4355 1039 4410 ventum
1100 4356 1289 4422 esset,
1353 4348 1493 4423 iste,
1563 4348 1790 4430 inquit,
1858 4348 2013 4430 quia
2070 4345 2369 4412 blandior

431 4441 550 4509 est,
608 4432 1000 4497 subornatus
1055 4432 1178 4495 fuit
1231 4432 1341 4514 qui
1388 4431 1665 4497 nothum
1721 4433 1910 4499 illum
1948 4433 2254 4508 alliceret,
2302 4440 2370 4497 et

427 4518 760 4602 proposita
797 4519 968 4582 vitae
1004 4538 1118 4599 spe
1163 4517 1246 4582 ab
1280 4539 1356 4583 eo
1399 4519 1798 4600 impetraret,
1842 4527 1916 4584 ut
1948 4539 2069 4584 nos
2103 4519 2366 4601 quibus-

430 4604 536 4668 vis
599 4603 982 4669 criminibus
1047 4612 1368 4669 oneraret.
1475 4604 1620 4669 Hoc
1683 4626 1821 4689 ego,
1884 4604 2117 4687 inquit,
2182 4603 2368 4668 illum

429 4699 716 4754 tentasse
761 4697 985 4772 aperte
1031 4687 1192 4767 dien,
1238 4699 1303 4754 et
1345 4690 1398 4755 si
1444 4690 1704 4773 negarit
1746 4689 2201 4773 comprobabo:
2250 4689 2368 4753 ha-

430 4775 590 4840 bent
653 4776 826 4839 enim
891 4776 1215 4858 principes
1279 4777 1348 4839 in
1409 4775 1709 4840 manibus
1773 4787 1953 4843 certa
2018 4777 2215 4840 totius
2271 4775 2368 4840 rei

431 4869 613 4925 act-ae
656 4861 1047 4928 testimonia.
1131 4861 1313 4926 Haec
1354 4861 1482 4926 ille.
1573 4861 1674 4926 Ne
1720 4883 1873 4926 vero
1918 4869 2107 4945 putes
2148 4861 2371 4926 omnia

431 4944 597 5011 haec
640 4945 721 5010 ab
765 4948 905 5030 ipso
948 4967 1091 5012 esse
1135 4949 1424 5024 conficta,
1483 4969 1558 5013 eo
1611 4948 1753 5030 ipso
1798 4947 1902 5013 die
1944 4949 2370 5032 cognovimus

433 5052 519 5097 ex
561 5029 795 5096 idoneo
839 5041 1021 5113 teste,
1069 5035 1328 5099 Bernae
1367 5034 1767 5100 circumferri
1799 5053 1931 5099 non
1967 5032 2157 5099 modo
2200 5032 2371 5097 hanc

436 5238 630 5294 2808.
652 5238 709 5300 1)
744 5240 839 5292 Aa
874 5237 1190 5293 Per-rinus?
1257 5237 1344 5292 Do
1388 5240 1883 5295 machinationem
1916 5239 2060 5292 atim
2099 5237 2370 5294 Genava·-

431 5309 578 5364 εἰσιν·
610 5307 855 5361 exsulum
890 5313 1003 5363 tota
1036 5308 1168 5362 haec
1202 5307 1430 5377 epistola
1464 5311 1596 5379 aqit.

1947 384 2472 453 EPISTULAE
2516 381 2941 446 2302—2305

4316 384 4439 444 792

2494 576 2754 651 famam,
2799 574 2913 641 sed
2950 572 3147 640 etiam
3183 593 3403 638 rerum
3439 575 3771 653 gestarum
3809 569 4326 647 commentarios,
4370 572 4442 636 in

2495 662 2729 745 quibus
2792 659 2915 725 hoo
2980 659 3223 724 diserte
3287 657 3373 722 sit
3437 656 3752 739 scriptum
3814 652 3967 737 quid
4035 676 4118 719 ex
4183 676 4440 739 quoque

2495 749 2884 830 quaesitum,
2929 767 3055 828 quo
3090 743 3301 821 modo,
3338 763 3463 826 quo
3499 750 3808 823 tempore,
3854 737 4009 822 quid
4046 760 4440 822 responsum

2496 835 2601 898 sit.
2691 834 2992 914 Denique
3036 838 3114 895 ιιι
3170 831 3335 896 scias
3378 849 3572 911 quam
3627 827 3758 891 sint
3811 824 4154 908 diligentes
4199 825 4440 892 harum

2495 940 2713 983 rerum
2766 918 3140 1001 scriptores,
3207 936 3337 981 non
3392 913 3582 978 modo
3639 921 3914 975 narrant
3968 910 4124 993 quid
4178 923 4438 995 gestum

2495 1004 2598 1080 sit,
2645 1003 2761 1070 sed
2803 1006 3000 1068 etiam
3043 1003 3430 1084 confingunt
3464 996 3775 1081 quidquid
3820 997 3995 1061 libet.
4061 997 4241 1063 Hinc
4284 1018 4439 1062 oon-

2494 1089 2634 1165 iice,
2700 1094 2773 1154 in
2839 1091 2979 1172 ipso
3044 1087 3193 1152 sinu
3254 1084 3646 1168 reipublicae
3706 1093 3962 1148 vestrae
4023 1083 4236 1148 adhuc
4302 1105 4438 1149 non

2494 1173 2682 1239 modo
2738 1175 3184 1258 exploratores
3243 1169 3356 1236 sed
3414 1172 3609 1235 etiam
3668 1169 3888 1233 hostes
3939 1170 4205 1244 versari,
4261 1169 4438 1252 quod

2493 1260 2754 1343 quidem
2798 1281 2929 1325 non
2974 1259 3198 1323 dubito
3243 1258 3399 1341 quin
3454 1255 3709 1320 facilius
3764 1253 4192 1319 animadverti
4237 1275 4438 1336 quam

2493 1347 2729 1429 corrigi
2783 1347 3005 1428 possit.
3088 1343 3221 1409 Sed
3277 1356 3495 1407 tamen
3550 1364 3679 1405 non
3734 1341 3916 1424 potui
3970 1360 4101 1404 non
4154 1340 4436 1406 istorum

2494 1443 2556 1497 te
2601 1452 2884 1511 monere,
2944 1441 3017 1496 ιιι
3058 1429 3266 1513 quoad
3313 1428 3451 1493 eius
3495 1426 3639 1492 fieri
3693 1426 3935 1509 poterit
3979 1425 4133 1491 huic
4176 1447 4434 1509 quoque

2492 1518 2663 1582 malo
2707 1526 3097 1582 occurratur.
3188 1515 3417 1596 Neque
3462 1534 3598 1577 rem
3657 1523 3899 1577 temere
3952 1521 4282 1594 acceptam
4327 1534 4435 1576 re-

2490 1603 2659 1679 fer0,
2718 1601 2832 1668 sed
2888 1625 2969 1668 ex
3028 1624 3102 1667 eo
3158 1599 3449 1666 auditam
3494 1599 3606 1681 qui
3649 1619 3858 1680 neque
3916 1595 4435 1663 contemnendus

2490 1698 2592 1753 est
2634 1698 2826 1752 autor
2867 1709 3078 1770 neque
3124 1686 3305 1752 nobis
3348 1683 3726 1749 malevolus.

2661 1773 2796 1840 Sed
2837 1774 2989 1856 quid
3034 1773 3300 1837 interim
3344 1779 3566 1836 noster
3624 1767 3918 1834 Viretus?
3963 1789 4197 1850 nempe
4239 1790 4435 1852 prae-

2489 1860 2731 1925 claram
2788 1860 2975 1925 nobis
3029 1859 3428 1923 occasionem
3495 1856 3775 1921 oblatam
3842 1862 4168 1936 putamuS,
4234 1876 4475 1936 quam.

2490 1967 2572 2009 ne
2608 1968 2725 2029 per
2759 1946 3088 2010 somnium
3125 1942 3388 2026 quidem
3423 1944 3564 2007 ausi
3601 1962 3862 2006 eramus
3905 1962 4184 2024 sperare.
4259 1940 4433 2005 Eam

2489 2052 2643 2096 vero
2686 2053 2816 2095 non
2862 2031 3322 2096 constituimus
3367 2029 3718 2113 negligere,
3764 2048 3888 2110 quo
3933 2027 4216 2109 primum
4262 2036 4430 2090 tem-

2487 2138 2642 2198 pore
2694 2117 2805 2182 ille
2863 2139 3011 2182 cum
3077 2117 3212 2180 suis
3277 2117 3439 2180 istac
3507 2112 3871 2179 transierit:
3940 2127 4006 2177 et
4048 2134 4131 2176 ex
4188 2113 4430 2178 nostris

2486 2201 2737 2268 civibus
2783 2201 3075 2285 plerique
3133 2203 3225 2266 ita
3263 2201 3573 2266 videntur
3618 2200 3738 2264 hoc
3797 2199 4120 2282 accepisse
4165 2206 4239 2262 ut
4283 2220 4429 2280 spe-

2486 2309 2626 2352 rem
2683 2308 2794 2352 eos
2837 2288 3118 2354 officium
3164 2287 3463 2352 facturos.
3555 2283 3735 2366 Quid
3776 2286 3981 2363 enim,
4040 2285 4246 2362 aiunt,
4304 2285 4429 2352 iste

2483 2394 2616 2439 non
2670 2373 2908 2439 audeat
2965 2375 3076 2457 qui
3130 2374 3457 2438 hominem
3508 2382 3645 2435 tam
3692 2378 4065 2453 perspectae
4120 2370 4430 2436 innocen-

2487 2460 2612 2523 tiae
2657 2461 2821 2524 tanti
2866 2459 3128 2525 sceleris
3172 2458 3470 2524 accuset?
3540 2456 3674 2522 Sed
3715 2457 3865 2521 alibi
3906 2456 4248 2522 collocatas
4283 2475 4425 2522 esse

2483 2565 2633 2628 spes
2700 2556 2957 2610 nostras
3017 2556 3287 2627 oportet.
3375 2545 3545 2607 Nam
3611 2541 3873 2608 videtur
3940 2541 4252 2618 mundus,
4314 2544 4427 2625 qui

2483 2644 2673 2696 antea
2736 2630 3124 2714 desipiebat,
3204 2653 3379 2696 nunc
3448 2630 3708 2693 demum
3787 2630 4006 2692 furere
4083 2627 4419 2710 incepisse.

2481 2717 2753 2792 Verum,
2819 2717 2911 2781 mi
2968 2727 3179 2799 pater,
3248 2726 3323 2780 ιιι
3382 2718 3496 2799 (ne
3540 2715 3810 2778 meliora
3867 2736 4041 2779 nunc
4095 2716 4424 2797 proferam

2482 2802 2806 2885 exempla)
2851 2803 3085 2867 saltem
3128 2800 3490 2868 Democriti
3547 2800 3617 2865 in
3672 2823 3742 2865 re
3785 2822 4050 2882 prorsus
4095 2802 4424 2866 contraria

2480 2890 2910 2953 constantiam
2953 2890 3305 2965 imitemur,
3351 2888 3460 2969 qui
3507 2885 3614 2971 (ιιι
3655 2887 3899 2961 ferunt)
3945 2908 4142 2969 quum
4182 2884 4424 2952 rideret

2480 2994 2644 3055 quae
2689 2974 2768 3037 de
2812 2975 3148 3056 spiritibus
3183 2973 3290 3037 alii
3326 2973 3515 3037 multi
3555 2973 3919 3055 philosophi
3959 2970 4420 3054 disseruerant,

2480 3068 2547 3124 et
2589 3060 2794 3144 ipsius
2831 3060 3129 3143 discipuli
3174 3061 3341 3125 forte
3386 3061 3451 3124 in
3490 3059 3774 3124 tenebris
3795 3077 4070 3142 magnos
4105 3058 4421 3139 quosdam

2480 3146 2798 3212 tumultus
2843 3157 3110 3229 repente
3154 3148 3568 3220 excitassent,
3625 3146 3858 3228 quibus
3903 3145 4230 3209 hominem
4277 3168 4424 3227 per-

2478 3233 2898 3297 terrefactum
2957 3231 3278 3315 putabant
3322 3256 3359 3296 a
3402 3234 3731 3297 sententia
3774 3231 4244 3307 discessurum,
4305 3234 4417 3298 de-

2477 3319 2688 3394 sinite,
2734 3318 2966 3400 inquit,
3009 3319 3199 3402 pueri
3239 3319 3535 3401 ineptire.
3605 3319 3739 3383 Nos
3776 3340 3949 3395 vere,
3992 3318 4290 3400 quamvis
4333 3320 4414 3384 ab

2474 3404 2604 3467 ista
2662 3401 2897 3468 stolida
2953 3403 3301 3468 securitate
3354 3415 3419 3467 et
3475 3405 3746 3486 profana
3811 3405 4133 3487 imperitia
4190 3405 4416 3488 procul

2476 3488 2805 3566 absumus,
2850 3490 2977 3553 Dei
3020 3491 3249 3573 gratia,
3294 3490 3427 3553 imo
3465 3510 3617 3554 vero
3653 3493 3952 3556 novimus
3995 3511 4190 3573 quam
4235 3492 4415 3556 saevi

2476 3583 2543 3638 et
2589 3575 2830 3640 feroces
2874 3573 3061 3640 nobis
3119 3574 3340 3640 hostes
3385 3576 3788 3653 immineant,
3851 3589 4089 3652 tamen,
4139 3597 4277 3660 age,
4322 3578 4418 3641 ita

2473 3660 2678 3726 simus
2734 3660 2814 3725 de
2868 3661 3143 3726 victoria
3198 3661 3441 3737 securi,
3504 3673 3579 3726 ut
3633 3662 3816 3728 nulla
3869 3685 3985 3727 nos
4045 3662 4416 3728 sollicitudo

2471 3745 2785 3829 impediat
2827 3748 3172 3829 quominus
3216 3748 3281 3811 in
3321 3747 3533 3812 medio
3569 3748 3926 3813 certamine
3970 3759 4035 3813 et
4078 3749 4149 3811 in
4185 3749 4417 3815 mediis

2471 3832 2631 3914 ipsis
2676 3833 2852 3898 curis
2895 3833 3187 3916 ipsorum
3232 3844 3501 3898 conatus
3556 3834 3846 3899 suaviter
3889 3834 4231 3911 rideamus,
4278 3835 4416 3899 Do·

2473 3918 2650 3983 mino
2695 3917 2813 3983 deo
2858 3931 3080 3984 nostro
3124 3919 3302 3996 freti,
3363 3920 3473 4000 qui
3531 3940 3731 4002 quum
3776 3941 3892 4003 pro
3934 3920 4119 3984 nobis
4165 3928 4414 4003 pugnet

2472 4002 2656 4086 digni
2699 4012 2857 4068 sunt
2911 4004 3132 4070 hostes
3186 4007 3394 4070 nostri
3437 4025 3710 4087 quorum
3757 4006 3971 4088 potius
4017 4005 4414 4070 dementiam

2471 4090 3003 4155 commiseramur
3064 4112 3252 4173 quam
3324 4099 3394 4155 ut
3457 4092 3748 4175 ipsorum
3803 4092 3999 4158 minis
4059 4091 4140 4155 de
4203 4091 4414 4175 gradu

2470 4176 2866 4241 deiiciamur.

2643 4261 2779 4326 Sed
2823 4281 2947 4327 nae
2991 4282 3112 4345 ego
3166 4262 3516 4346 insigniter
3572 4263 3818 4345 desipio
3861 4264 3972 4345 qui
4017 4263 4177 4329 hmo
4221 4263 4304 4328 ad
4350 4273 4414 4329 te

2470 4348 2885 4430 perscribam.
2968 4346 3256 4414 Omnino
3297 4359 3517 4413 tamen
3562 4349 3722 4414 haec
3761 4369 3881 4433 ego
3927 4348 4102 4414 volui
4144 4369 4415 4415 exarare

2472 4441 2545 4497 ιιι
2599 4433 3002 4518 intelligeres
3044 4454 3149 4497 me
3207 4454 3475 4516 corpore
3529 4433 3788 4517 quidem
3834 4435 4244 4500 convaluisse
4288 4434 4415 4500 Dei

2470 4518 2687 4602 gratia
2730 4519 3002 4594 (audisti
3040 4521 3237 4596 enim,
3281 4520 3530 4603 opinor,
3566 4541 3673 4585 me
3709 4521 4150 4604 superioribus
4186 4519 4415 4586 diebus

2472 4612 2905 4688 aegrotasse),
2962 4605 3075 4670 sed
3131 4606 3351 4671 animo
3407 4604 3615 4671 nihilo
3671 4607 3881 4690 magis
3940 4607 4156 4672 valere
4216 4627 4415 4689 quam

2472 4702 2682 4755 antea.
2761 4689 2969 4756 Cuius
3006 4692 3100 4755 rei
3144 4693 3382 4757 certius
3425 4691 3787 4774 periculum
3831 4693 4025 4757 facies
4065 4693 4176 4757 ubi
4221 4692 4304 4757 ad
4350 4703 4415 4757 te

2471 4796 2730 4841 venero.
2820 4777 2987 4842 Nam
3046 4778 3356 4842 constitui
3414 4778 3531 4842 tibi
3591 4789 3762 4842 totos
3805 4778 4175 4861 quindecim
4217 4779 4413 4842 mini-

2474 4883 2657 4925 mum
2701 4861 2839 4928 dies
2882 4862 2976 4927 ita
3017 4884 3160 4928 esse
3201 4863 3514 4929 molestus
3549 4870 3622 4927 ut
3662 4864 3934 4946 posthac
3978 4865 4414 4946 praesentiam

2472 4966 2684 5013 meam
2720 4968 2854 5012 non
2898 4950 2987 5014 sis
3024 4948 3472 5031 requisiturus.
3538 4948 3924 5015 Indicentur
3958 4961 4177 5015 autem
4213 4950 4415 5015 feriae

2473 5043 2771 5098 extrema
2825 5033 3228 5100 hebdomade
3272 5055 3436 5116 quae
3494 5037 3688 5100 istam
3733 5046 4181 5118 consequetur,
4236 5035 4413 5118 quod

2473 5119 2591 5184 tibi
2635 5120 3015 5203 significabo
3059 5129 3137 5185 ut
3177 5141 3383 5204 equus
3427 5122 3509 5186 ad
3552 5142 3657 5186 me
3699 5122 4016 5186 mittatur.
4106 5121 4274 5185 Nam
4319 5123 4413 5186 ita

2474 5226 2580 5270 me
2645 5206 2883 5271 afflixit
2947 5203 3141 5271 tridui
3209 5208 3562 5291 aegrotatio
3624 5215 3698 5271 ιιι
3758 5227 3843 5273 ne
3907 5206 4413 5272 deambulationi

2475 5290 2737 5374 quidem
2788 5292 3124 5359 sufficiam.
3213 5290 3546 5376 Quidquid
3603 5293 3914 5377 temporis
3974 5313 4239 5376 possum
4296 5313 4415 5377 per
