4850 6200
318 455 391 517 65
2060 455 2223 517 1564
2262 452 2549 519 MART.
4221 463 4305 530 66

314 652 372 706 et
406 638 509 704 bic
554 643 705 721 post
736 658 959 703 meum
999 637 1246 704 abitum
1294 638 1639 705 admisceri
1683 638 2000 723 quaedam
2044 639 2245 705 etiam

314 730 652 809 oooperunt
692 744 812 808 per
852 722 1190 807 quosdam,
1245 744 1411 808 quae
1468 734 1693 791 tamen
1748 724 1938 791 facile
1956 776 1971 803 ,
2033 746 2242 810 spero,

310 811 722 893 corrigentur.
785 809 851 877 U
972 820 1044 875 nt
1085 810 1500 877 Buceranam
1545 810 2035 889 exhibitionem,
2125 832 2246 877 uae

311 919 381 963 ne
434 896 515 963 ab
561 895 706 979 ipso
759 896 872 979 qui
917 915 1022 961 em
1070 895 1313 963 Buoero
1367 895 1650 981 intelligi
1704 898 1945 981 potuit,
2003 918 2051 961 n
2133 917 2245 962 um

310 994 380 1048 ut
415 981 645 1047 solidis
687 980 839 1047 ullis
879 981 988 1047 vel
1046 983 1438 1049 testimoniis
1494 982 1597 1048 vel
1653 982 2017 1048 rationibus
2071 1002 2246 1047 oom-

309 1067 559 1153 probari
604 1069 826 1151 possit.
918 1066 1051 1133 Sed
1101 1066 1182 1134 de
1236 1068 1358 1135 hoc
1412 1078 1639 1152 postea
1694 1069 1902 1151 plura.
1991 1068 2246 1133 Tantae

309 1166 397 1220 est
432 1153 631 1219 molis
672 1153 979 1219 videlicet
1029 1154 1255 1219 tollere
1297 1152 1731 1239 prodigiosam
1775 1153 1957 1220 illam
2001 1154 2248 1219 omnis-

309 1261 421 1323 que
462 1240 823 1323 papisticus
866 1238 1269 1306 idololatriae
1312 1251 1669 1323 parentem,
1710 1241 2247 1325 imaginationem

308 1327 707 1410 praesentiae
755 1326 1045 1409 eorporis
1103 1325 1352 1393 Christi
1408 1327 1478 1391 in
1536 1328 1941 1393 caeremonia
1987 1326 2131 1409 ipsa
2182 1333 2249 1391 et

310 1412 644 1477 elementis
687 1432 941 1478 coenae.
1033 1411 1244 1495 Spero
1304 1424 1522 1478 tamen
1579 1413 1764 1478 brevi
1824 1412 2122 1477 futurum
2176 1421 2249 1476 ut

308 1520 380 1563 ex
420 1498 665 1563 animis
709 1499 962 1579 piorum
1022 1500 1313 1564 omnium
1375 1498 1643 1564 tollatur
1700 1498 1981 1563 omnino.
2068 1495 2250 1563 Sunt

310 1604 562 1649 rursum
608 1585 718 1666 qui
761 1604 868 1649 me
912 1607 953 1648 a
1009 1584 1191 1649 vobis
1246 1584 1591 1650 dissentire
1649 1592 1908 1666 putant,
1954 1606 2030 1649 eo
2073 1582 2245 1666 quod

305 1690 533 1754 panem
579 1684 649 1735 et
692 1671 920 1735 vinum
966 1672 1033 1735 in
1078 1692 1277 1737 coena
1320 1672 1510 1754 signa
1541 1689 1779 1737 coenae
1814 1690 1956 1736 esse
1990 1689 2246 1752 negem,

343 1774 457 1821 uae
506 1777 629 1821 vos
674 1756 971 1841 symbola
1007 1779 1150 1822 esse
1193 1756 1435 1821 docetis
1477 1757 1764 1839 corporis
1806 1768 1872 1819 et
1914 1755 2250 1839 sanguinis

302 1777 577 1907 ghristci:
622 1844 804 1925 quasi
850 1864 1005 1908 vero
1049 1863 1180 1908 non
1226 1843 1405 1907 aliud
1449 1844 1537 1908 sit
1579 1861 1783 1907 coena
1839 1842 2014 1924 ipsa,
2070 1839 2249 1905 aliud

305 1948 447 1992 vero
494 1949 734 2012 corpus
777 1942 846 1993 et
889 1928 1155 2013 sanguis
1199 1929 1470 2005 Christi,
1518 1942 1591 1993 ut
1641 1930 1759 1993 etsi
1808 1928 1995 2011 panis
2039 1936 2105 1992 et
2150 1926 2248 1990 vi-

305 2035 449 2077 num
498 2033 746 2079 coenae
781 2016 972 2099 signa
1006 2037 1133 2080 non
1176 2016 1325 2090 sint,
1372 2014 1671 2099 symbola
1706 2026 1924 2078 tamen
1961 2014 2249 2095 corporis

305 2112 365 2164 et
402 2101 749 2183 sanguinis
791 2101 1043 2167 Christi
1087 2122 1229 2167 esse
1272 2101 1701 2165 nihilominus
1745 2100 2014 2183 possint.
2104 2098 2248 2163 Imo

306 2206 463 2283 vero,
518 2207 722 2268 quum
766 2208 888 2270 ego
923 2187 1137 2265 doce0,
1182 2184 1704 2253 distributionem
1741 2186 1952 2268 ipsam
1988 2205 2064 2249 ae
2098 2205 2246 2267 par-

306 2273 745 2355 ticipationem
806 2274 995 2355 panis
1057 2275 1125 2338 in
1182 2293 1384 2339 coena
1447 2293 1589 2337 esse
1657 2272 1920 2356 signum
1986 2290 2245 2347 coenae,

304 2358 487 2422 simul
540 2379 796 2442 quoque
840 2357 1056 2437 doce0‚
1104 2380 1339 2440 panem
1377 2368 1443 2423 et
1479 2360 1711 2422 vinum
1756 2360 1824 2422 in
1869 2376 2073 2423 coena
2106 2377 2248 2421 esse

302 2442 599 2527 symbola
642 2446 930 2528 corporis
973 2457 1041 2510 et
1074 2446 1418 2529 sanguinis
1456 2443 1725 2509 Christi.
1815 2443 2079 2526 Alioqui
2117 2442 2247 2507 dis-

302 2529 569 2594 tributio
613 2530 757 2612 ipsa
800 2533 990 2614 panis
1032 2554 1107 2596 ac
1152 2530 1367 2613 poculi
1409 2531 1479 2594 in
1539 2551 1740 2596 coena
1798 2530 2061 2612 signum
2106 2549 2249 2594 esse

301 2635 424 2679 non
492 2626 717 2699 posset
780 2619 1257 2682 communionis
1328 2626 1588 2681 nostrae
1646 2637 1791 2681 cum
1852 2615 2119 2680 Christo
2176 2614 2247 2677 in

301 2719 567 2783 corpore
613 2716 681 2765 et
722 2704 1044 2787 sanguine
1086 2705 1311 2785 ipsius,
1358 2705 1410 2768 si
1459 2703 1646 2785 panis
1690 2710 1757 2765 et
1803 2703 2031 2765 vinum
2068 2721 2247 2784 sym-

232 2832 240 2839 ·
299 2785 437 2852 bola
484 2808 625 2851 non
669 2800 891 2854 essent
933 2790 1219 2871 corporis
1264 2802 1329 2852 et
1372 2788 1714 2871 sanguinis
1761 2786 2027 2852 Christi.
2113 2784 2246 2851 Sed

299 2888 523 2938 amant
584 2875 811 2941 venari
867 2896 942 2941 ac
997 2895 1212 2940 serere
1257 2874 1527 2939 dissidia
1550 2879 1603 2943 ⁶)
1662 2872 1772 2937 ubi
1830 2870 2017 2936 nulla
2073 2883 2244 2949 sunt,

296 2979 493 3041 quum
542 2961 667 3044 ipsi
712 2961 834 3026 sibi
880 2982 1203 3044 nusquam
1248 2970 1562 3025 constent.

456 3046 671 3113 Plura
709 3046 843 3112 iam
888 3068 1020 3113 non
1054 3067 1337 3131 possum.
1419 3043 1819 3113 Commendo
1865 3065 1969 3110 me
2013 3054 2080 3109 et
2114 3043 2245 3109 dis-

297 3133 579 3214 sipatam
637 3154 852 3198 meam
920 3134 1259 3200 ecelesiam
1319 3134 1552 3198 vestris
1607 3132 1933 3215 precibus.
1994 3140 2064 3195 et
2131 3151 2245 3197 vos

296 3235 521 3283 omnes
584 3220 833 3303 pariter
897 3231 1053 3303 opto
1122 3221 1195 3284 in
1254 3221 1536 3285 Domino
1601 3227 1776 3283 recte
1840 3229 1907 3282 et
1970 3216 2244 3282 feliciter

298 3303 532 3370 valere.
630 3305 921 3372 Aemdae
965 3306 1333 3371 Frisiorum
1379 3313 1433 3369 3.
1480 3305 1707 3370 Martii
1760 3308 1937 3367 1554.
1961 3305 2019 3380 ⁷)

1116 3444 1355 3508 Vester
1397 3464 1477 3506 ex
1524 3443 1743 3507 animo
1787 3450 2071 3524 quantus
2114 3450 2212 3506 est

1222 3529 1503 3593 Ioannes
1547 3549 1585 3593 a
1620 3529 1833 3593 Lasco
1878 3548 1961 3592 m.
2007 3548 2101 3610 pr.

1185 4043 1381 4113 192⁰.

791 4198 1265 4265 CALVINUS
1313 4198 1501 4263 ORB
1511 4197 1740 4264 ANIS.

460 4370 857 4436 Exhortmr
896 4390 999 4436 eos
1052 4377 1121 4435 at
1170 4371 1440 4451 fimiter
1481 4370 1862 4434 adhaereant
1908 4369 2239 4451 evanyelo‘o,

290 4476 405 4540 qao
448 4457 688 4522 certius
727 4458 796 4522 in
843 4458 1136 4541 proxime
1191 4456 1461 4522 instante
1510 4455 1766 4537 publiea
1809 4455 2240 4521 deliberatione

281 4559 396 4623 per
435 4543 693 4609 miore
732 4543 1231 4624 reformationem
1274 4543 1538 4626 lepitinoe
1579 4541 1920 4607 stabilitam
1960 4539 2236 4606 habeant.

292 4714 637 4838 &Q
553 4800 609 4852 p.
655 4715 819 4849 3⁸22·
841 4732 1074 4840 &tw
1099 4712 1549 4853 „ram
1576 4731 1650 4851 Ἰ..
1670 4711 1786 4835 ¹33:
1834 4709 2239 4835 mettii&

292 4855 506 4906 textum
543 4868 653 4906 nou
698 4861 913 4908 exstare
960 4871 1026 4908 eo
1068 4853 1240 4924 magis
1275 4851 1518 4906 dolemus
1567 4851 1714 4920 quod
1758 4850 1845 4904 hic
1882 4850 2059 4905 minus
2095 4849 2238 4902 felici

293 4922 502 4976 calamo
553 4937 681 4975 usus
728 4923 801 4974 sit
849 4923 1320 5047 translatorilLAn
1349 4921 1463 5056 ·l)ice
1512 4921 1713 4989 legitur
1754 4920 1811 4972 in
1846 4918 1998 4973 Edit.
2028 4917 2236 4972 Phil-d.

288 5245 412 5303 Ent-
446 5180 569 5305 0163.
592 5181 692 5307 11)(ξ.
727 5266 765 5304 a
798 5179 1280 5314 Lasezoflednrieh·
1330 5245 1482 5302 1788.
1532 5245 1581 5300 4.
1624 5263 1681 5317 p.
1726 5177 1933 5302 2332.
1967 5175 2240 5301 {im

289 5330 328 5372 ο
359 5318 646 5442 Κκγξοω.
720 5318 804 5386 Of.
843 5317 1064 5373 Bartels
1094 5334 1147 5388 p.
1184 5316 1246 5372 51
1288 5331 1368 5399 99.

536 5393 557 5456 )
650 5388 808 5444 ardes
839 5387 998 5443 habet
1027 5387 1079 5441 Β.
1119 5386 1334 5441 Μαίη.

506 5474 726 5532 Calvino&
754 5489 939 5545 spera.
1020 5473 1137 5531 Vol.
1175 5472 1303 5528 XV.

2347 640 2629 707 Ioannes
2670 639 2996 708 Calvinus
3039 643 3478 712 dilectissimis
3519 646 3834 716 fratribus
3878 646 4127 733 Orbae,
4186 655 4304 737 qui

2343 747 2585 809 puram
2624 727 2952 812 evangelii
3012 728 3558 811 praedicationem
3592 739 3660 799 et
3692 733 3825 800 Dei
3867 735 4118 804 cultum
4161 739 4304 805 sin·

2389 831 2614 877 cerum
2656 831 2808 878 cum
2851 815 3037 898 regni
3082 815 3330 883 Christi
3374 819 3783 900 promotione
3826 830 4156 907 exoptant.
4189 826 4241 905 ¹)

2348 966 2609 1033 Caritas
2664 967 2797 1032 Dei
2853 969 3091 1051 patris,
3161 977 3229 1034 et
3286 972 3500 1055 gratia
3552 972 3822 1038 Domini
3879 977 4087 1042 nostri
4141 978 4300 1045 Iesu

2348 1051 2598 1117 Christi
2618 1104 2633 1131 ,
2687 1073 2807 1135 per
2851 1054 3119 1137 spiritus
3164 1057 3376 1122 sancti
3418 1059 4073 1128 communicationem
4112 1064 4302 1131 vobis

3079 1159 3339 1225 semper
3381 1141 3567 1208 adsit.

2523 1256 2748 1338 Quum
2783 1267 3044 1342 praeter
3076 1260 3478 1327 ordinariam
3511 1282 3711 1328 sanae
3745 1261 4077 1331 doctrinae
4112 1268 4300 1334 audi-

2348 1343 2616 1421 tionem,
2660 1344 2765 1410 cui
2808 1344 3006 1409 etiam
3049 1345 3241 1413 lectio
3286 1348 3468 1414 verbi
3507 1357 3722 1432 potest
3764 1349 4068 1416 accedere
4082 1403 4099 1430 ,
4165 1376 4297 1420 non

2352 1426 2646 1493 dubitem
2710 1430 2870 1512 quin
2935 1431 3166 1514 optimi
3239 1431 3479 1500 fratres
3546 1432 3845 1500 Farellus
3901 1444 3971 1500 et
4049 1436 4301 1506 Vin-etus

2352 1524 2617 1580 strenue
2659 1515 2727 1579 in
2771 1513 2936 1580 illud
2979 1516 3380 1597 incumbant,
3425 1528 3503 1585 ut
3545 1540 3660 1586 vos
3704 1522 3948 1587 sanctis
3991 1523 4299 1591 exhorta-

2351 1599 2642 1666 tionibus
2664 1598 2748 1664 ad
2792 1601 3056 1684 pietatis
3079 1602 3370 1668 studium
3392 1604 3770 1685 accendant,
3816 1627 3979 1687 quas
4021 1608 4223 1674 etiam
4257 1631 4298 1675 a

2349 1685 2540 1752 vobis
2581 1695 2883 1769 prompto
2926 1695 2993 1752 et
3035 1709 3356 1773 propenso
3412 1690 3630 1756 animo
3685 1692 3828 1758 exci
3876 1694 3897 1756 i
3940 1694 4300 1761 confidam:

2352 1771 2531 1838 volui
2576 1781 2816 1852 tamen,
2859 1772 3266 1840 dilectissimi
3309 1776 3562 1853 fratres,
3626 1776 3746 1842 hoc
3788 1714 3874 1843 ag
3917 1800 4034 1845 vos
4077 1780 4300 1846 litera-

2350 1879 2501 1923 rum
2541 1857 2713 1936 dare,
2754 1879 2881 1941 quo
2922 1881 3142 1925 meum
3188 1860 3268 1926 de
3313 1863 3498 1928 vobis
3554 1883 3627 1928 ac
3684 1861 3881 1928 rebus
3925 1866 4159 1931 vestris
4206 1867 4302 1930 iu·

2352 1944 2591 2008 dicium
2646 1944 2993 2011 haberetis.
3082 1946 3174 2010 Et
3230 1967 3388 2012 sane
3446 1970 3577 2013 non
3638 1947 3894 2032 vulgari
3955 1952 4299 2017 confirma-

2352 2030 2528 2094 tione
2572 2049 2749 2094 nunc
2808 2031 2993 2097 vobis
3051 2051 3214 2114 opus
3271 2041 3404 2111 est,
3464 2054 3546 2099 ex
3605 2054 3732 2117 quo
3793 2036 4022 2102 turbae
4064 2036 4216 2101 illae
4260 2059 4301 2102 a

2352 2114 2607 2181 Satana
2646 2115 2996 2181 adversum
3041 2138 3157 2183 vos
3215 2118 3534 2184 excitatae
3592 2128 3762 2185 sunt.
3852 2120 4080 2187 Meum
4137 2144 4299 2188 vero

2351 2222 2510 2285 erga
2554 2223 2671 2266 vos
2713 2201 3006 2268 studium
3050 2203 3395 2286 probatum
3439 2206 3520 2269 iri
3564 2204 3753 2271 facile
3809 2205 3973 2271 mihi
4032 2227 4302 2290 persua-

2353 2286 2504 2365 deo,
2560 2308 2762 2369 quum
2819 2287 2900 2353 de
2959 2296 3138 2355 recto
3197 2291 3435 2355 affectu
3494 2291 3896 2369 constiterit,
3968 2301 4043 2357 ut
4101 2315 4302 2378 opera

2351 2392 2502 2437 mea
2563 2372 2734 2455 apud
2797 2395 2915 2439 vos
2980 2374 3229 2442 inutilis
3293 2377 3516 2441 futura
3583 2398 3715 2442 non
3781 2377 3886 2443 sit.
3973 2378 4298 2462 Equidem

2352 2481 2484 2524 non
2530 2457 2786 2536 dubito,
2849 2461 3004 2543 quin
3061 2483 3176 2543 pro
3232 2468 3451 2526 vestro
3509 2461 3625 2526 illo
3680 2464 3932 2528 intento
3975 2464 4296 2531 desiderio

2351 2544 2435 2609 ad
2479 2565 2717 2627 purum
2740 2545 2865 2609 Dei
2911 2546 3159 2611 cultum
3200 2547 3372 2612 inter
3417 2568 3531 2612 vos
3566 2547 3769 2613 solide
3801 2550 4298 2629 restituendum,

2352 2650 2591 2713 magno
2637 2630 2820 2696 vobis
2877 2633 3158 2697 moerori
3214 2634 3300 2697 sit
3350 2641 3560 2699 status
3615 2633 3726 2699 ille
3780 2642 4040 2700 vestrae
4100 2638 4297 2714 urbis,

2353 2714 2512 2779 dum
2568 2737 2800 2799 nempe
2854 2718 3227 2800 superstitio
3286 2727 3352 2782 et
3406 2720 3706 2802 impietas
3762 2721 4074 2803 papismi,
4133 2744 4300 2806 quae

2350 2801 2478 2866 Dei
2523 2802 2773 2866 cultum
2816 2804 3105 2886 corrupit
3150 2813 3216 2868 et
3260 2825 3498 2869 nomen
3559 2825 3820 2871 sacrum
3876 2805 4300 2889 blasphemiis

2349 2887 2590 2969 operit,
2651 2887 2877 2952 sedem
2934 2910 3120 2954 suam
3164 2888 3378 2954 adhue
3424 2889 3596 2973 apud
3640 2912 3754 2957 vos
3799 2891 4105 2957 retinent.
4184 2893 4299 2958 In-

2349 2981 2531 3038 terea
2587 2973 2809 3057 magni
2865 2973 3044 3040 vobis
3102 2975 3391 3042 thesauri
3452 2975 3593 3042 loco
3647 2997 3788 3041 esse
3849 2976 4067 3055 debet,
4128 2978 4299 3062 quod

2347 3056 2678 3125 Dominus
2723 3057 2977 3126 dederit
3019 3068 3096 3125 ut
3138 3082 3251 3128 vos
3287 3060 3551 3146 quidem
3587 3062 3718 3127 iam
3755 3062 3922 3128 nihi]
3956 3082 4300 3131 commune

2347 3167 2500 3211 cum
2546 3146 2716 3211 malo
2750 3146 3066 3214 habeatiS.
3133 3148 3278 3213 Imo
3321 3155 3396 3213 ut
3440 3170 3572 3213 non
3618 3146 3810 3213 modo
3854 3170 3892 3213 a
3935 3150 4106 3215 malo
4153 3151 4299 3217 abs-

2349 3233 2556 3297 tinere
2600 3232 2807 3312 liceat,
2865 3232 2979 3299 sed
3015 3233 3215 3298 etiam
3248 3242 3461 3299 exstet
3509 3233 3666 3299 ordo
3712 3234 3950 3318 aliquis
3994 3236 4300 3303 ecclesiae

2348 3319 2522 3383 inter
2545 3339 2680 3396 vos,
2726 3339 2855 3401 quo
2876 3339 2997 3384 vos
3020 3318 3142 3385 sub
3165 3320 3436 3384 Domini
3457 3319 3610 3404 iugo
3633 3322 4038 3386 contineatis.
4108 3322 4300 3422 Mag·

2349 3425 2510 3468 num
2547 3404 2812 3469 omnino
2855 3412 2924 3470 et
2966 3405 3467 3488 incomparabile
3504 3405 3630 3470 Dei
3677 3407 4081 3486 beneficium,
4128 3407 4184 3472 si
4229 3430 4298 3472 m

2348 3489 2614 3554 illorum
2657 3489 3093 3556 condit-ionem
3155 3490 3375 3557 oculos
3433 3492 3854 3571 conieceritis,
3914 3491 4025 3574 qui
4068 3491 4300 3557 crude-

2347 3574 2636 3640 lissimae
2715 3577 3047 3641 servitutis
3121 3577 3279 3660 iugo
3354 3575 3812 3642 miserabiliter
3887 3587 4296 3661 premuntur.

2349 3658 2670 3743 Superest
2725 3673 2946 3727 tamen
3017 3661 3131 3727 illa
3176 3664 3504 3740 anxietas,
3557 3660 3727 3744 quod
3782 3684 3911 3727 non
3964 3684 4172 3746 pauca
4227 3665 4298 3729 in

2349 3747 2571 3812 oeulos
2628 3757 2880 3813 vestros
2923 3748 3303 3824 incurrunt,
3372 3767 3538 3830 quae
3586 3748 3711 3812 Dei
3773 3748 4017 3832 gloriae
4061 3749 4298 3814 adver-

2347 3840 2597 3898 santur.
2685 3832 3087 3899 Praesertim
3130 3855 3331 3918 quum
3377 3834 3601 3898 omnia
3642 3834 3791 3898 istic
3835 3843 3967 3899 tam
4014 3844 4189 3900 certo
4233 3845 4299 3899 et

2347 3939 2434 3982 ex
2476 3927 2630 3984 voto
2686 3929 3064 4003 comparata
3119 3931 3367 3998 essent,
3424 3926 3501 3984 ut
3557 3940 3680 3985 nee
3733 3920 3922 3984 aliter
3977 3929 4297 3987 statuere-

2344 4025 2523 4083 mus,
2579 4025 2774 4088 quam
2832 4027 2954 4071 vos
3010 4005 3203 4088 plene
3260 4003 3525 4071 tandem
3573 4005 3956 4070 Antichristi
4000 4003 4301 4072 sordibus

2344 4099 2818 4174 perpurgatum
2863 4110 2939 4155 ao
2983 4090 3180 4156 semel
3226 4091 3573 4158 liberatum
3616 4090 3730 4156 iri:
3796 4111 4001 4174 quare
4042 4092 4212 4175 quod
4257 4112 4298 4160 a

2344 4185 2532 4240 tanta
2574 4198 2688 4259 spe
2735 4176 2923 4243 deiici
2979 4178 3270 4262 contigit,
3333 4198 3464 4242 non
3500 4177 3711 4260 potuit
3764 4198 3894 4242 non
3954 4198 4098 4244 esse
4152 4197 4296 4242 mo-

2343 4260 2788 4327 lestissimum.
2890 4260 3203 4328 Infideles
3263 4283 3418 4328 vero
3482 4271 3666 4328 metu
3718 4261 3836 4327 illo
3891 4265 4022 4328 iam
4078 4265 4291 4340 vacui,

2343 4368 2477 4412 non
2543 4345 2785 4413 desunt
2850 4348 3047 4414 etiam
3112 4347 3465 4424 occasioni,
3533 4349 3692 4431 quin
3747 4356 3815 4414 et
3879 4349 4290 4431 triumphum

2342 4432 2465 4498 sibi
2502 4444 2763 4511 canant,
2823 4442 2891 4498 et
2934 4435 3077 4499 Deo
3121 4432 3474 4513 insultent,
3530 4455 3657 4517 quo
3712 4433 3898 4501 vobis
3952 4442 4291 4500 extremus

2343 4517 2531 4584 dolor
2591 4541 2787 4603 super
2853 4517 3139 4585 dolorem
3212 4517 3495 4585 accedat.
3601 4520 3806 4601 Atqui
3891 4540 4132 4585 novum
4195 4520 4288 4582 vi-

2342 4603 2486 4669 deri
2554 4625 2687 4670 non
2744 4605 2967 4684 debet,
3024 4604 3194 4688 quod
3244 4604 3455 4671 Satan
3527 4606 3639 4687 qui
3697 4614 3873 4670 totus
3939 4606 4011 4668 in
4068 4625 4146 4668 eo
4190 4617 4292 4670 est

2340 4699 2415 4755 ut
2456 4691 2932 4775 promotionem
2991 4693 3177 4775 regni
3224 4689 3474 4757 Christi
3531 4689 3872 4774 impediat,
3931 4709 4084 4755 suas
4141 4689 4291 4756 illas

2587 4867 2748 4876 —4-0---

2341 4968 2525 5023 1920.
2565 4968 2622 5033 1)
2661 4967 2751 5021 De
2783 4965 2943 5021 retus
2983 4963 3330 5021 Orbas-orum
3366 4964 3435 5030 cf.
3477 4963 3552 5019 N.
3590 4962 3741 5017 1771.
3778 4961 3929 5017 1898.
3967 4960 4117 5018 1900.
4154 4962 4296 5019 1905

2341 5044 2456 5092 tam
2495 5036 2718 5092 Rachat
2752 5034 2849 5089 VL
2885 5032 2953 5086 70
2969 5049 3076 5104 seq.
3109 5036 3208 5104 qui
3239 5034 3381 5090 hane
3410 5049 3440 5087 e
3492 5034 3503 5046 '
3531 5033 3692 5088 totam
3728 5033 3967 5100 attinqit,
4003 5039 4051 5086 et
4073 5032 4288 5087 Pieri-e·

2337 5107 2478 5174 fleur
2515 5106 2679 5161 Mem.
2717 5102 2824 5158 284
2846 5118 2915 5158 se.
2990 5102 3272 5158 Caeterum
3303 5118 3391 5157 res
3544 5118 3636 5155 am
3672 5101 3724 5156 d.
3759 5100 3845 5155 30.
3885 5100 4024 5156 laza·
4054 5101 4293 5156 div-emta

2341 5181 2435 5243 est,
2471 5191 2576 5246 quo
2616 5174 2703 5228 die
2751 5171 3049 5242 evanqeliei
3081 5169 3148 5226 18
3189 5172 3331 5226 votis
3379 5171 3674 5227 catholicos
3713 5175 4072 5240 superarunt,
4117 5177 4168 5225 et
4203 5171 4294 5226 hcc

2339 5246 2846 5368 wammam
2720 5242 2840 5297 ³⁸⁶⁶
2944 5239 3755 5365 “⁶012⁶'2.⁰.·5¹.³'.·.t.‘³”t.·0‘⁶‚..a⁰¹⁰⁸0..⁶“⁸
3757 5238 4298 5378 ‘ww

2414 5329 2470 5369 u·

2337 5398 2507 5454 quum
2541 5387 2720 5439 tam
2757 5378 2972 5435 Farelli
2995 5392 3192 5434 nom
3221 5377 3495 5434 laudetur.
