4850 6200
444 404 567 463 655

1060 586 1366 652 Nicolaus
1422 585 1743 651 Radziwil
1790 584 1913 651 Dei
1978 587 2193 670 gratia
2255 585 2395 650 dux

1058 673 1129 737 in
1197 669 1398 737 Olilia
1469 682 1536 736 et
1603 671 1983 748 Nieswiesz‚
2051 671 2397 737 Palatinus

1061 758 1422 837 Vilnensis‚
1447 759 1667 841 magni
1695 758 1971 823 ducatus
1995 756 2399 823 Lithuaniae

1059 865 1455 927 suppremus
1510 844 1877 909 Marsalcus
1923 856 1990 909 et
2033 843 2398 909 Archican-

1060 930 1380 1005 cellarius,
1461 930 1960 996 Brzescenensis
2025 930 2399 996 Borissoni·

1058 1018 1233 1082 ensis
1321 1014 1914 1099 Schavolensisque
1998 1015 2399 1100 Capitaneus

1060 1103 1386 1186 generalis
1431 1116 1548 1167 etc.
1573 1102 1625 1185 ³)

1838 1210 2038 1254 manu
2084 1208 2220 1253 sua.

1214 1483 1625 1495 ——-—-——--——-

1321 1701 1527 1771 2228.

839 1840 1512 1909 BULLINGERUS
1564 1839 2001 1905 OALVINO.

624 2015 1004 2079 Gratulatur
1047 2013 1105 2077 ei
1125 2013 1486 2077 seditionem
1536 2012 1819 2077 Genevae
1860 2013 2104 2091 victam,
2142 2013 2402 2078 nunciat

444 2102 761 2168 ecclesiam
814 2100 1092 2165 italicam
1156 2099 1376 2163 Turici
1426 2099 1819 2164 constitutam
1881 2097 2112 2163 Ochino
2174 2098 2399 2163 minis-

444 2193 662 2262 trante,
705 2188 852 2252 item
896 2186 1201 2268 quaedam
1234 2186 1519 2265 politica.

448 2361 559 2422 (Ex
606 2359 939 2427 autographo
986 2357 1113 2410 Ood.
1161 2355 1297 2410 Gen.
1352 2353 1465 2419 114,
1520 2355 1608 2408 fol.
1644 2354 1730 2417 86,

447 2445 567 2482 exx.
616 2428 748 2481 Ood.
789 2426 930 2492 111⁸,
982 2427 1069 2479 fol.
1115 2424 1233 2489 229,
1288 2424 1561 2477 Bet-nense
1609 2425 1747 2493 Epp.

1050 2494 1269 2548 Simleri
1307 2493 1432 2546 Vol.
1468 2492 1536 2546 81
1576 2502 1632 2546 et
1665 2492 1780 2560 85.)

1824 2373 2017 2409 uocum
2073 2357 2400 2410 contulimus

1842 2426 1882 2478 1.
1936 2443 1987 2493 p.
2026 2424 2131 2479 466
2183 2437 2240 2478 et
2292 2426 2400 2479 duo

619 2667 1001 2735 Clarissimo
1048 2668 1188 2731 viro
1235 2666 1315 2729 D.
1363 2664 1599 2729 Ioanni
1661 2666 1936 2733 Calvino
1982 2666 2402 2733 Genevensis

446 2756 752 2821 ecclesiae
795 2753 1045 2836 pastori
1089 2751 1467 2818 fidelissimo
1526 2751 1790 2817 domino
1836 2773 1982 2817 meo
2022 2752 2291 2819 colendo
2336 2764 2402 2817 et

444 2844 629 2907 fratri
688 2841 1042 2907 carissime.
1090 2900 1099 2907 ,
2007 2925 2111 2990 Ge
2163 2925 2220 2988 ff

2115 2948 2161 2989 n
2213 2975 2228 2989 .

616 3097 686 3165 S.
738 3101 818 3164 D.
892 3098 1098 3163 Binas
1126 3102 1176 3175 ¹)
1222 3119 1262 3161 a
1302 3107 1417 3162 tua
1458 3095 1870 3161 humanitate
1913 3097 2138 3163 literas
2182 3096 2402 3182 accepi

443 3186 757 3251 moeroris
823 3198 892 3249 et
957 3182 1332 3249 afflictionis
1399 3182 1690 3247 refertae.
1784 3182 2102 3249 Dominus
2165 3204 2403 3266 pacare

444 3271 756 3354 dignetur
804 3270 1028 3335 turbas
1072 3269 1223 3335 illas
1283 3281 1547 3352 propter
1603 3288 1846 3333 nomen
1892 3280 2195 3335 sanctum
2238 3270 2399 3336 eius.

446 3356 597 3422 Tibi
640 3357 925 3429 omnino,
973 3353 1144 3438 quod
1193 3356 1439 3420 ultimis
1482 3375 1736 3436 quoque
1780 3357 1943 3420 meis
1963 3360 2019 3432 ²)
2065 3355 2150 3421 ad
2191 3368 2255 3420 te
2300 3358 2402 3420 in-

447 3443 801 3520 culcabam,
840 3451 1023 3505 tanto
1048 3442 1371 3506 laboranti
1407 3441 1555 3506 odio
1578 3438 2052 3507 dissimulanda
2072 3441 2400 3518 videntur,

445 3544 512 3595 et
555 3528 767 3612 magis
791 3537 1233 3610 opportunum
1257 3539 1517 3610 tempus
1537 3527 2068 3610 exspectandum,
2114 3550 2199 3593 ne
2243 3527 2401 3592 dum

446 3624 675 3681 contra
750 3615 997 3678 flumen
1076 3614 1198 3679 niti
1279 3613 1522 3678 videris
1601 3613 1903 3679 fluctibus
1982 3613 2400 3698 adoperiaris.

447 3702 638 3766 Nosti
695 3699 859 3764 illud
916 3701 1263 3784 sapientis:
1324 3702 1545 3765 omnia
1599 3722 1789 3765 suum
1834 3708 2094 3784 tempus
2138 3700 2400 3766 habent.

448 3784 760 3852 Orandus
825 3806 1079 3869 quoque
1142 3787 1469 3851 Dominus
1524 3797 1602 3850 ut
1659 3787 1731 3850 in
1790 3789 1994 3852 tantis
2049 3787 2216 3853 odiis
2259 3788 2402 3870 ipse

448 3894 568 3938 sua
602 3872 895 3955 potentia
929 3872 1201 3955 dissipet
1233 3873 1505 3938 consilia
1526 3893 1898 3956 pravorum.
1960 3876 2265 3957 Agnosco
2300 3875 2401 3938 in-

447 3959 703 4041 signem
731 3958 855 4023 Dei
878 3979 1101 4022 curam
1138 3970 1207 4022 et
1241 3959 1603 4023 bonitatem
1626 3959 1695 4022 in
1719 3959 2061 4025 ecclesiam
2090 3969 2400 4038 vestram,

446 4064 646 4129 quam
705 4043 774 4108 in
832 4042 1047 4108 media
1106 4043 1223 4108 illa
1276 4043 1594 4109 seditione
1650 4045 1946 4110 servavit
1987 4045 2400 4124 incolumem,

445 4130 763 4212 eiecitque
821 4149 941 4212 per
995 4128 1180 4194 illam
1224 4151 1334 4194 eos
1377 4130 1489 4212 qui
1533 4151 1603 4195 se
1649 4130 1970 4196 hactenus
2025 4132 2403 4197 obiecerunt

444 4215 631 4282 vobis
675 4215 906 4281 obices.
999 4217 1320 4280 Dominus
1353 4214 1678 4281 custodiat
1713 4238 1832 4282 vos
1876 4238 2069 4300 porro
2093 4232 2159 4283 et
2180 4228 2403 4284 servet

443 4303 524 4367 ab
568 4301 748 4367 omni
811 4301 998 4366 malo.
1090 4302 1257 4366 Rem
1313 4301 1506 4385 longe
1565 4303 2005 4385 gratissimam
2060 4304 2290 4369 feceris
2345 4306 2400 4368 si

445 4397 646 4452 totam
697 4387 1037 4452 historiam
1106 4387 1303 4453 huius
1367 4388 1669 4452 miraculi
1738 4389 1926 4453 finita
1969 4389 2221 4455 actione
2265 4399 2404 4455 tota

446 4473 886 4556 descripseris.

618 4560 1061 4626 Locarnensis
1118 4559 1392 4625 ecclesia
1436 4560 1516 4624 ab
1563 4559 1965 4642 amplissimo
2011 4563 2402 4645 magistratu

447 4645 628 4713 urbis
653 4659 914 4711 nostrae
936 4646 1205 4711 collecta
1225 4653 1345 4711 est.
1367 4646 1423 4725 ⁸)
1509 4644 1912 4710 Concessum
1951 4655 2052 4711 est
2083 4648 2403 4731 templum

449 4732 518 4797 S.
568 4732 768 4796 Petri.
861 4732 1151 4797 Vocatur
1227 4730 1312 4795 D.
1380 4729 1837 4796 Bernardinus
1910 4731 2187 4798 Ochinus
2204 4737 2260 4816 ⁴)
2325 4743 2405 4799 ut

650 4921 710 4986 3)
750 4920 921 4985 Infra
956 4923 1158 4989 lenitur
1193 4919 1451 4974 Palatini
1484 4935 1906 4990 monoyramma.

450 4989 637 5043 2228.
664 4991 717 5052 1)
754 4990 948 5044 Altera
984 4995 1062 5043 est
1100 4989 1173 5042 Ν.
1208 4988 1361 5043 2218.
1436 4991 1626 5044 Altera
1662 4992 1744 5054 (ei
1772 4992 2067 5056 exstiterit)
2106 4990 2183 5045 N.
2215 4989 2371 5046 2187.

654 5059 713 5122 2)
759 5056 961 5112 Ultima
997 5062 1132 5120 οιίιο,
1277 5076 1331 5112 m
1365 5075 1469 5113 nos
1502 5059 1778 5126 habemus,
1811 5068 1930 5116 erat
1968 5059 2046 5114 N.
2079 5058 2235 5114 2183.

654 5125 709 5188 3)
752 5125 836 5192 Cf.
873 5126 952 5181 N.
988 5125 1141 5181 2107.
1220 5127 1333 5182 120.
1369 5127 1524 5181 2132.
1586 5127 1673 5181 De
1707 5129 1946 5184 adventu
1972 5128 2408 5184 Lucan-neuma·

449 5209 499 5248 v·
541 5193 733 5330 meyg-
754 5194 1014 5318 1¹²2·ssss
1023 5265 1343 5320 Beecan'am
1367 5281 1642 5321 πορσον-ε
1664 5266 1966 5332 columam,
1999 5268 2099 5336 qui
2116 5268 2406 5322 rmavit.

457 5330 701 5386 Ochmus
735 5338 847 5385 tum
886 5332 1146 5388 Ban‘leae
1178 5342 1312 5390 erat.
1386 5335 1609 5406 (Meyer
1639 5351 1696 5403 p.
1730 5332 1806 5401 8.)

1950 394 2477 462 EPIS'POLAE
2522 400 2686 461 2227
2697 400 2942 462 —2231

4333 401 4455 461 656

2500 593 2723 670 pastor
2766 587 2851 651 sit
2912 587 3221 654 ecclesiae
3278 586 3545 653 exsulis.
3630 587 4063 673 Magistratus
4106 585 4204 651 illi
4247 585 4460 651 solvet

2501 674 2847 738 annuatim
2891 679 2964 737 15
3004 694 3207 738 urnas
3252 673 3408 749 vini,
3463 677 3537 737 18
3578 674 3828 741 catinos
3846 676 3906 751 ⁵)
3944 673 4163 749 tritici,
4207 691 4460 737 avenae

2501 764 2562 840 2,
2627 759 2980 844 Tigurinos
3040 780 3270 824 aureos
3338 766 3419 822 50
3485 768 3553 823 et
3617 758 3996 844 hospitium.
4085 758 4235 823 Viri
4300 768 4459 824 sunt

2502 845 2764 913 honesti
2807 847 2920 928 qui
2956 844 3182 911 adnos
3218 866 3474 910 venere.
3545 844 3744 911 Cives
3785 845 3994 912 nostri
4035 843 4185 909 illos
4230 852 4459 908 amant

2501 947 2569 999 et
2611 936 2855 999 fovent.
2946 931 3080 999 Sed
3107 935 3160 1015 ⁸)
3197 930 3481 996 oderunt
3516 944 3812 998 extreme
3856 953 3975 997 nos
4018 928 4459 997 confoederati

2502 1021 2710 1086 nostri
2755 1023 2867 1102 qui
2911 1019 3060 1084 illos
3106 1018 3458 1084 eiecerunt.
3549 1014 3684 1082 Sed
3729 1020 3918 1083 novit
3953 1038 4072 1083 nos
4107 1016 4457 1081 Dominus.

2502 1107 2764 1172 Novam
2824 1107 2956 1171 iam
3015 1105 3371 1170 ordiuntur
3425 1104 3644 1168 telam.
3728 1105 4034 1188 Exigunt
4075 1125 4115 1167 a
4157 1102 4347 1167 nobis
4385 1110 4460 1167 ut

2501 1204 2567 1258 et
2600 1193 2682 1259 ab
2721 1193 2866 1258 aliis
2908 1192 3256 1257 foederatis
3299 1199 3374 1256 ut
3414 1192 3785 1255 iuramento
3827 1191 4289 1256 confirmemus
4322 1189 4460 1253 foe-

2501 1280 2674 1358 dera,
2719 1279 3086 1344 iuramento
3128 1294 3349 1342 autem
3386 1276 3699 1360 praestito
3735 1299 3854 1360 per
3895 1276 4114 1341 Deum
4160 1286 4229 1339 et
4272 1296 4460 1340 sanc·

2502 1380 2620 1431 tos.
2711 1365 2933 1430 Nostri
2978 1385 3171 1449 aegre
3215 1364 3437 1428 ferunt
3479 1374 3546 1427 et
3603 1361 3683 1427 de
3727 1361 3831 1427 his
3887 1364 4018 1427 iam
4065 1359 4455 1427 consultant.

2502 1452 2678 1534 Quid
2717 1451 3013 1516 futurum
3037 1451 3220 1516 brevi
3243 1448 3603 1515 audiemus.
3645 1448 4059 1514 'tractabitur
4090 1466 4288 1513 causa
4320 1446 4456 1513 Ba-

2502 1537 2707 1603 denae
2753 1538 3071 1622 proximis
3114 1536 3394 1601 comitiis
3440 1535 3846 1602 celebrandis
3898 1540 3998 1598 26.
4047 1532 4238 1597 Iunii.
4320 1532 4460 1598 Ora

2503 1623 2889 1703 Dominum,
2910 1624 3001 1688 mi
3037 1622 3260 1700 frater,
3291 1634 3368 1687 ut
3400 1622 3473 1686 in
3509 1622 3720 1687 turbis
3741 1634 3805 1685 et
3843 1619 4317 1685 tentationibus
4337 1639 4458 1683 nos

2503 1722 2721 1776 servet
2766 1720 2833 1774 et
2874 1710 3215 1775 confortet.
3307 1709 3624 1773 Libenter
3681 1708 4086 1790 scripsissem
4140 1705 4458 1789 copiosio-

2504 1816 2628 1873 res,
2666 1796 2781 1861 sed
2817 1818 2947 1860 non
2982 1796 3186 1879 potui,
3223 1796 3320 1859 ita
3334 1798 3393 1878 ¹¹)
3440 1817 3546 1860 me
3582 1794 3707 1859 hoc
3743 1794 4079 1876 negotium
4124 1792 4347 1857 turbat
4390 1801 4459 1855 et

2504 1882 2790 1947 multum
2833 1881 3128 1948 involvit.
3217 1880 3388 1945 Vale
3422 1893 3782 1946 aeternum.
3870 1877 4104 1962 Tiguri
4157 1883 4228 1941 14
4275 1876 4458 1941 Iunii

2503 1988 2677 2034 anno
2729 1974 2907 2033 1555.
2998 1967 3181 2035 Salvi
3240 1969 3374 2033 sint
3416 1967 3654 2032 fratres
3697 1987 3942 2030 omnes.
4031 1965 4124 2029 'Pe
4169 1963 4460 2028 salutant

2502 2056 2743 2121 fratres
2789 2054 3012 2120 nostri.

3635 2188 4064 2272 Bullingerus
4107 2198 4281 2252 tuus.

3293 2486 3702 2496 ——--————-

3387 2721 3591 2792 2229.

2867 2875 3415 2943 VERGERIUS
3460 2875 4095 2944 BULLINGERO.

2506 3140 2594 3204 da
2681 3050 3064 3219 Dispcgrdias
3103 3051 3267 3117 inter
3308 3047 3608 3134 theoloye-3
3655 3048 3968 3116 Helvetios
4009 3052 4325 3115 nascentes
4366 3067 4462 3114 se-

2591 3159 2662 3203 re
2700 3159 2778 3205 cu
2878 3188 2892 3201 .

2510 3311 2870 3379 (Exuet-ptum
2916 3325 2985 3362 ex
3031 3308 3368 3378 autographo
3414 3309 3581 3362 Aroh.
3616 3309 3795 3362 Turio.
3841 3308 3983 3363 Plut.
4027 3306 4116 3361 vl.
4166 3307 4291 3361 Vol.
4343 3304 4460 3372 170,

2551 3379 2681 3433 olim
2717 3378 2890 3433 Scrin.
2923 3379 2989 3431 B.
3025 3378 3167 3447 Epp.
3200 3377 3352 3432 Tom.
3386 3376 3470 3444 44,
3507 3378 3602 3431 fol.
3634 3376 3754 3432 662.
3792 3406 3858 3416 -
3894 3377 4106 3432 Simler.
4146 3376 4264 3430 Vol.
4298 3373 4415 3440 85.)

2703 3584 4458 3600 —-——-———————-—-—

2509 3637 2687 3702 Audi
2730 3638 2951 3714 frater,
2997 3636 3130 3702 scio
3174 3655 3318 3701 esse
3362 3657 3605 3720 magna
3645 3637 3898 3702 semina
3940 3637 4109 3702 iacta
4151 3633 4465 3702 discordi-

2506 3745 2694 3789 arum
2741 3724 2916 3788 inter
2937 3743 3091 3787 ‘non
3135 3744 3376 3806 paucos
3421 3724 3654 3789 fratres
3701 3722 4130 3789 Genevenses
4169 3729 4238 3786 et
4278 3720 4459 3787 alios.

2507 3810 2702 3876 Nunc
2744 3808 2969 3874 laboro
3011 3808 3068 3874 si
3090 3830 3351 3892 possem
3395 3809 3774 3875 eaevellere
3811 3817 4160 3892 antequam
4204 3828 4466 3873 excres-

2506 3905 2752 3963 cerent.
2820 3893 3079 3977 Scripsi
3120 3893 3203 3960 ad
3234 3895 3662 3962 Lactantium
3685 3894 4074 3980 Rama-ium
4098 3898 4151 3972 ¹)
4187 3896 4260 3958 in
4295 3893 4464 3959 Hel-

2505 3984 2748 4048 vetiam
2793 3982 2875 4047 ob
2921 4002 3064 4046 eam
3110 4002 3376 4047 causam
3419 3992 3495 4046 ut
3554 3982 3776 4046 veniat
3818 3992 3883 4046 et
3926 3981 4246 4064 experiar.

2505 4083 2658 4152 gate
2705 4069 3065 4134 Dominum
3107 4076 3184 4132 ut
3222 4069 3406 4133 iuvet
3447 4088 3667 4133 meum
3712 4076 4036 4134 conatum.
4126 4065 4466 4150 Stuttgar-

2506 4155 2652 4220 diae
2703 4160 2798 4218 15.
2844 4153 3027 4218 Iunii
3077 4158 3258 4220 1555.

3911 4291 4287 4376 Vergerius.

2710 4480 2767 4546 5)
2807 4480 2899 4537 Sic
2942 4487 3155 4551 autoqr.
3217 4481 3558 4550 studim,
3610 4479 3890 4535 Rev-nem
3941 4486 3991 4535 et
4040 4478 4097 4534 S.
4149 4481 4466 4546 σαώσαι,

2509 4551 2687 4619 spatio
2723 4551 2923 4606 relicto.
3000 4552 3113 4605 Pro
3147 4566 3351 4606 avenae
3380 4552 3643 4619 praebent
3675 4565 3947 4605 annonae

2505 4689 2639 4744 ιω..
2711 4618 2884 4741 {30³⁶
2903 4622 3317 4745 5322..ssss
3349 4617 3977 4744 &5⁶22ssssss
3995 4616 4466 4757 2332?ss

2502 4773 2560 4826 p.
2586 4757 2671 4813 13.
2728 4756 3012 4813 Caeterum
3048 4761 3212 4813 etiam
3233 4757 3453 4812 Bonae
3482 4706 3720 4827 ρζὲιικία
3753 4757 3814 4811 in
4216 4756 4472 4810 exedum

2686 4835 2893 4958 “75⁸3
2931 4935 2942 4946 .
2983 4939 2996 4952 .
3033 4936 3048 4950 .
3086 4938 3097 4949 .
3134 4897 3384 4964 involvit,
3421 4912 3459 4951 a
3492 4896 3645 4950 Bm
3679 4894 4055 4951 mnoeztamn.

2510 4964 2698 5019 2229.
2723 4966 2776 5033 1)
2817 4965 2960 5036 Leqe
2993 4966 3335 5036 Ragnonium
3368 4967 3441 5033 cf.
3480 4965 3555 5019 N.
3589 4964 3731 5019 2179
3765 4971 3816 5020 et
3862 4963 4105 5019 neema
4136 4961 4203 5017 Π.
4238 4962 4359 5021 280.
