4850 6200
371 441 485 501 629

368 628 653 703 cohibeo,
708 648 792 692 ne
835 624 917 691 de
960 647 1052 702 re,
1106 638 1181 691 ut
1220 648 1308 691 ex
1351 626 1539 693 vobis
1589 626 1814 703 audio,
1873 626 2039 691 bene
2094 633 2312 691 trans-

368 724 510 779 acta
565 733 814 778 novum
865 721 1197 778 certamen
1242 734 1509 779 movere
1561 712 1812 777 videar.
1836 717 1889 789 ⁷)
1976 711 2123 778 Hoc
2167 712 2310 794 qui-

368 800 512 866 dem
556 820 689 864 uon
734 797 1105 875 dissimulo,
1161 820 1284 865 nec
1325 800 1432 883 pie
1476 820 1599 864 nec
1638 799 1963 874 stateme,
2022 817 2167 863 meo
2210 798 2310 862 iu-

368 886 550 962 dicio,
596 898 814 951 actum
857 882 1061 949 fuisse
1094 906 1245 950 cum
1270 885 1350 949 N.
1381 886 1436 951 si
1471 884 1878 951 clandestino
1900 882 2311 965 quorundam

366 974 677 1037 instinctu
718 970 791 1037 in
834 970 1085 1037 crimen
1132 984 1396 1036 vocatus
1438 982 1556 1036 est.
1573 974 1635 1045 ⁸)
1700 969 2094 1035 Praestabat
2134 971 2310 1035 enim

366 1077 630 1123 manere
670 1058 741 1120 in
788 1057 1005 1140 patria
1060 1077 1254 1139 quam
1297 1057 1581 1122 iniustae
1634 1056 1945 1121 saevitiae
1988 1056 2196 1121 facem
2242 1057 2311 1120 in

363 1144 753 1227 longinquas
796 1144 1096 1226 regiones
1149 1143 1385 1207 afferre
1402 1194 1416 1217 ,
1473 1164 1643 1225 quae
1700 1142 1996 1207 nolentes
2054 1161 2312 1224 quoque

363 1231 743 1294 inflammet.
865 1227 1215 1293 Caeterum
1295 1230 1605 1311 quoniam
1684 1227 1943 1302 delicta,
2031 1246 2311 1309 quorum

363 1316 745 1379 memoriam
799 1326 1113 1397 perpetua
1165 1313 1491 1379 oblivione
1546 1313 1872 1398 sepultam
1928 1314 2140 1396 cupi0,
2204 1310 2312 1379 vel

363 1402 597 1466 leviter
640 1401 963 1484 attingere
1006 1401 1209 1484 piget,
1263 1410 1521 1466 tantum
1568 1422 1684 1465 vos
1728 1398 2053 1477 hortabor,
2113 1420 2309 1465 vene·

362 1486 554 1551 randi
593 1485 850 1563 fratres,
904 1496 981 1550 ut
1022 1488 1076 1550 si
1121 1487 1531 1569 quorundam
1571 1487 1825 1551 animos
1867 1486 2124 1551 sentitis
2167 1487 2311 1550 iure

360 1572 770 1638 exulceratos
805 1592 971 1651 esse,
1014 1592 1237 1637 eorum
1274 1572 1619 1637 offensioni
1657 1570 2011 1655 placandae
2044 1591 2312 1656 operam

361 1658 550 1723 detis.
640 1656 869 1739 Quum
910 1657 1207 1722 audirem
1253 1672 1506 1740 partem
1561 1659 1847 1740 aliquam
1893 1656 2060 1723 velle
2118 1655 2312 1723 istinc

362 1746 667 1828 migrare,
735 1743 1045 1809 admonui
1102 1744 1470 1827 diligenter,
1536 1760 1611 1809 ut
1669 1763 1788 1827 par
1845 1754 2004 1820 erat,
2065 1744 2122 1808 si
2178 1763 2311 1808 non

357 1828 663 1896 omnibus
718 1828 1130 1895 commodum
1189 1840 1364 1894 esset
1421 1830 1647 1894 eodem
1696 1829 1993 1895 habitare
2037 1831 2105 1894 in
2150 1830 2310 1905 1000,

360 1938 445 1982 ne
479 1917 772 1983 locorum
795 1914 1107 1981 distantia
1141 1916 1502 1980 fraternum
1525 1936 1921 1981 consensum
1945 1913 2309 1997 dissiparet.

362 2003 659 2069 Verebar
700 2003 895 2077 enim,
944 2023 1028 2067 ne
1064 2023 1191 2083 qua
1233 2024 1317 2067 ex
1364 2004 1565 2085 priori
1608 2002 2026 2066 contentione
2061 2002 2316 2066 occulta

358 2103 662 2154 maneret
703 2088 1023 2154 simultas,
1099 2090 1197 2152 Ac
1232 2088 1394 2151 mihi
1430 2086 1599 2151 nihil
1645 2088 1770 2152 erit
1800 2087 2072 2168 gratius,
2117 2107 2314 2170 quam

360 2175 483 2240 hoc
524 2185 707 2239 metu
752 2174 1037 2239 liberari.
1128 2175 1297 2238 Nam
1343 2175 1400 2239 si
1444 2176 1558 2256 qui
1619 2174 1785 2237 forte
1844 2170 1927 2237 ad
1984 2192 2103 2236 nos
2158 2193 2315 2238 con-

360 2261 687 2335 cederent,
754 2260 919 2325 mihi
981 2261 1193 2324 tristis
1251 2274 1425 2323 esset
1485 2259 1587 2323 vel
1649 2258 1790 2325 sola
1844 2259 2083 2324 occulti
2143 2260 2316 2323 inter

362 2369 477 2413 vos
542 2345 800 2411 dissidii
863 2348 1161 2428 suspicio,
1266 2346 1446 2429 Ergo
1511 2344 1688 2427 quod
1755 2345 1836 2408 de
1901 2345 2316 2410 reconciliata

362 2434 578 2517 gratia
622 2430 935 2507 scribitis,
994 2433 1260 2496 firmum
1319 2432 1677 2514 stabileque
1732 2452 1876 2496 esse
1921 2450 2318 2514 magnopere

360 2520 585 2603 cupio:
651 2528 729 2582 ut
785 2521 839 2582 si
897 2519 1243 2601 contigerit
1308 2530 1557 2599 partem
1617 2518 1744 2583 alio
1790 2518 2094 2600 migrare,
2159 2517 2319 2582 locis

362 2616 585 2670 tamen
641 2602 853 2669 dissiti
910 2616 1209 2669 sanctam
1267 2604 1619 2668 amicitiam
1682 2604 1927 2668 colatis.
2018 2603 2187 2668 Nam
2244 2613 2321 2666 ut

358 2713 496 2757 non
552 2691 816 2774 longius
870 2702 1093 2773 serpat
1137 2688 1462 2755 discordia
1516 2691 1651 2754 iam
1695 2689 1843 2772 plus
1887 2690 2048 2754 satis
2091 2708 2318 2772 pecca-

356 2790 503 2843 tum
549 2778 690 2842 fuit.
784 2777 1061 2841 Vestrae
1117 2784 1342 2840 tamen
1401 2775 1790 2857 prudentiae
1846 2788 1913 2841 et
1968 2776 2319 2856 aequitatis

360 2866 504 2939 erit,
550 2874 629 2927 ut
666 2861 1121 2927 benevolentia
1164 2864 1594 2936 retineantur,
1640 2861 1953 2944 quidquid
1977 2862 2319 2926 alienatio-

360 2951 467 3015 nis
521 2951 652 3015 erit
704 2946 1040 3014 residuum
1095 2948 1321 3013 sedulo
1377 2968 1680 3032 purgare.
1766 2946 2021 3023 Valete,
2080 2948 2320 3012 fratres

359 3033 780 3102 observandi.
883 3035 1210 3101 Dominus
1275 3055 1393 3100 vos
1460 3032 1785 3116 praesidio
1852 3052 1970 3096 suo
2034 3043 2318 3110 tueatur,

359 3123 602 3207 spiritu
656 3143 775 3188 suo
834 3133 1052 3205 regat,
1112 3120 1562 3187 benedictione
1620 3131 2051 3204 prosequatur
2095 3133 2163 3185 et
2205 3141 2320 3184 ex-

359 3209 492 3274 silii
551 3209 888 3274 tristitiam
947 3208 1223 3291 mitiget.
1312 3207 1621 3292 Collegae
1664 3207 1794 3271 mei
1850 3225 1968 3271 vos
2024 3217 2323 3271 amanter

360 3296 675 3361 salutant.
766 3294 1100 3372 Genevae,
1148 3293 1356 3378 pridie
1402 3293 1557 3359 Idus
1599 3293 1778 3357 Iunii
1828 3294 2011 3356 1555.
2044 3294 2100 3378 ⁹)

574 3567 633 3630 7)
675 3569 785 3623 Hic
822 3568 975 3620 Besa
1008 3570 1278 3621 manullo
1313 3570 1512 3622 omisit.
1586 3568 1737 3621 Nam
1771 3568 1950 3620 versio
1985 3567 2208 3636 anylico
2241 3567 2320 3620 cic

358 3641 572 3707 ρει-φὶ·
627 3639 721 3692 All
771 3638 915 3707 good
966 3654 1091 3690 men
1148 3639 1259 3691 will
1312 3638 1507 3692 allevve
1551 3638 1646 3690 the
1682 3638 1945 3690 Pastours
1998 3636 2106 3689 and
2159 3635 2320 3689 other

362 3709 645 3762 Minister»
680 3708 943 3761 elections
964 3707 1091 3760 with
1126 3723 1374 3760 common
1400 3709 1593 3772 voices,
1632 3723 1693 3758 so
1729 3706 1852 3758 that
1884 3722 1991 3758 non
2016 3705 2318 3773 complains

360 3778 486 3830 that
533 3777 630 3830 tho
676 3777 838 3830 other
886 3781 1043 3845 parte
1088 3776 1151 3829 os
1190 3776 1284 3829 the
1332 3774 1567 3829 churcbe
1606 3791 1716 3827 was
1752 3774 2049 3843 oppressed
2098 3774 2317 3826 fraudu-

361 3847 534 3914 lently
588 3845 696 3898 and
752 3844 882 3897 with
937 3845 1142 3912 craftye
1194 3846 1476 3914 practices.
1570 3844 1680 3896 For
1730 3845 1775 3894 it
1837 3841 2126 3896 standethe
2178 3859 2320 3911 your

362 3915 703 3969 Wisadomes
739 3915 795 3967 in
831 3914 1007 3966 hande
1042 3923 1101 3965 to
1127 3914 1378 3967 consider
1412 3914 1535 3965 that
1571 3913 1726 3965 hove
1754 3912 1947 3965 mncbe
1971 3912 2317 3965 commoditie

358 3984 457 4038 the
494 3984 796 4051 goodnesae
831 3983 893 4035 of
937 3984 1031 4035 the
1069 3985 1267 4036 Senate
1304 3983 1472 4035 dothe
1508 3983 1763 4045 deservo,
1811 3997 1874 4034 so
1919 3981 2111 4034 muchs
2158 3981 2317 4034 envie

360 4054 502 4107 shall
536 4070 658 4123 yow
696 4054 765 4106 be
799 4052 955 4120 giltie
990 4051 1052 4105 ol*
1081 4069 1146 4106 or
1180 4051 1414 4118 charged
1442 4051 1652 4103 withall
1687 4050 1748 4117 yl'
1777 4066 1901 4119 yow
1939 4050 2078 4103 have
2112 4049 2319 4102 abused

359 4122 509 4175 their
555 4122 743 4175 lenitis
786 4138 849 4174 or
896 4121 1242 4202 genticaessc
1280 4120 1491 4172 whiche
1532 4136 1668 4173 vvere
1713 4134 1774 4171 so
1814 4119 1934 4171 well
1971 4119 2198 4171 affected
2234 4125 2317 4171 to·

364 4192 580 4244 warde·
624 4207 765 4261 your
812 4197 1017 4243 nation.
1088 4190 1204 4243 Yet
1249 4189 1274 4241 1
1310 4188 1523 4242 woulde
1571 4193 1669 4241 not
1713 4187 1852 4240 have
1888 4187 2002 4239 this
2053 4204 2115 4239 so
2152 4188 2316 4241 taken

361 4260 487 4313 that
521 4260 546 4312 1
582 4277 651 4329 go
686 4259 902 4312 abowte
938 4269 998 4312 to
1033 4259 1103 4312 bo
1137 4258 1476 4328 prejudiciall
1510 4264 1569 4310 to
1605 4257 1728 4310 anie
1751 4273 1894 4321 man,
1932 4257 2034 4309 but
2067 4257 2095 4309 1
2131 4257 2319 4309 rather

361 4330 550 4382 above
599 4328 843 4398 plainely
894 4328 1041 4380 what
1088 4328 1228 4381 maie
1274 4327 1344 4379 be
1391 4328 1540 4380 saido
1593 4329 1725 4378 then
1780 4332 1837 4379 to
1885 4325 2105 4379 norishe
2151 4343 2219 4378 an
2258 4326 2318 4379 ill

308 4436 318 4446 -
363 4399 589 4468 opinion
627 4399 663 4451 b
735 4398 937 4450 silence
974 4413 1036 4450 or
1070 4397 1126 4449 in
1163 4395 1418 4464 holdinge
1455 4411 1543 4462 my
1579 4411 1763 4464 peace.

569 4465 630 4528 8)
719 4473 782 4519 ut
827 4466 1071 4534 certenly
1116 4465 1227 4519 this
1263 4480 1365 4519 one
1412 4464 1599 4533 things
1636 4463 1660 4517 1
1696 4469 1897 4516 cannot
1930 4463 2104 4531 keepe
2140 4467 2321 4515 secret

362 4536 487 4589 that
523 4535 752 4589 Maister
785 4535 947 4589 Kaox
986 4551 1111 4599 was,
1148 4535 1204 4586 in
1241 4552 1333 4603 my
1373 4533 1707 4602 judgement,
1763 4531 1958 4586 nether
2003 4531 2168 4601 godly
2217 4546 2319 4585 nor

363 4605 650 4675 brotherly
687 4604 833 4657 dealt
871 4603 1078 4656 withan
1112 4609 1206 4657 etc.

571 4672 635 4739 9)
673 4672 770 4728 Sic
874 4672 1017 4727 idem
1054 4671 1219 4725 Besa.
1277 4670 1387 4725 Sed
1418 4676 1571 4725 vem
1608 4672 1785 4724 versio
1817 4669 2039 4737 anylica
2070 4669 2319 4736 praebet.-

368 4743 476 4797 this
521 4743 630 4796 last
673 4742 736 4797 of
822 4742 909 4795 aie
954 4758 1095 4795 anno
1142 4737 1294 4794 1555.
1370 4739 1483 4794 Pro
1520 4738 1717 4795 Idibus
1765 4755 1890 4808 erqo
1931 4737 2204 4793 calendae
2238 4753 2320 4792 re·

364 4811 667 4879 ponendae,
704 4817 764 4866 ut
801 4812 964 4866 etiam
1002 4810 1189 4879 Lcinq
1224 4810 1546 4864 observavit.

2176 440 2337 501 1555
2381 437 2580 504 MAI.

4249 446 4386 508 636

3301 626 3490 697 2214.

2537 780 2660 847 LE:
2704 764 3012 849 simum
3056 783 3184 849 DE
3227 782 3546 885 nuans
3593 783 3721 850 Au
3765 766 4071 850 snum*
4121 785 4250 851 DE

3192 886 3599 952 GENEVE.

2591 1056 2886 1122 Resultat
2937 1058 3049 1123 des
3106 1058 3546 1139 informatione
3592 1057 3810 1137 prises
3866 1057 3910 1122 ὰ
3967 1059 4207 1142 Ρέρανά
4265 1061 4378 1125 des

2405 1142 2685 1224 plaintes
2737 1142 3073 1225 fomulces
3126 1163 3254 1224 par
3308 1144 3399 1208 les
3440 1144 3756 1215 ministres
3809 1144 3884 1208 de
3933 1144 4199 1225 Gru-neve,
4258 1147 4378 1213 les-

2413 1228 2646 1310 quelles
2686 1249 2753 1294 sc
2793 1235 2933 1295 sont
2974 1229 3254 1295 trouvees
3295 1230 3429 1295 mal
3468 1230 3741 1310 fondees.

2416 1416 2716 1483 (Archives
2762 1417 2832 1472 de
2866 1419 3059 1472 Berne.
3132 1418 3348 1472 Welsch
3385 1418 3826 1473 ninniven-num
3865 1420 3931 1472 D.
3969 1419 4063 1474 fol.
4100 1418 4185 1483 54,
4237 1435 4371 1473 aveo

2579 1493 2727 1541 cette
2757 1486 3107 1556 inscription:
3146 1485 3317 1557 Genff
3345 1487 3701 1555 predicantes
3735 1488 4197 1552 schmcchreden.)

2589 1657 2833 1723 Nobles
2876 1670 2999 1723 etc.
3067 1656 3384 1742 Suyvant
3426 1681 3544 1725 voz
3590 1659 3813 1725 lettres
3850 1682 3890 1724 a
3932 1681 4099 1726 nous
4141 1663 4243 1727 25.
4281 1660 4373 1726 du

2414 1763 2605 1828 moys
2666 1742 2749 1809 de
2812 1744 2976 1829 May
3040 1744 3527 1810 dernierement
3598 1766 3786 1827 passe
3853 1767 4184 1830 envoyees
4217 1752 4268 1822 ¹)
4334 1768 4375 1813 a

2416 1851 2580 1894 vous
2622 1828 2892 1895 debvoir
2926 1830 3182 1896 donner
3223 1851 3537 1914 responce
3572 1853 3686 1896 sur
3730 1853 3848 1896 voz
3887 1834 4132 1910 lettres,
4175 1854 4378 1916 aussy

2418 1914 2617 1981 celles
2676 1915 2758 1980 de
2813 1918 3083 1981 maistre
3145 1916 3358 1982 Iehan
3416 1915 3672 1993 Calvin,
3697 1922 3750 1993 ²)
3812 1918 4155 2000 lesquelles
4209 1940 4378 1985 nous

2419 2022 2579 2066 aves
2615 2021 2938 2086 nagueres
2982 2003 3260 2086 rescript
3293 2019 3691 2070 concernant
3732 2005 4059 2070 certaines
4095 2004 4377 2087 parolles

2412 2089 2808 2171 jniurieuses
2844 2087 3192 2170 lesquelles
3227 2090 3547 2174 aulcungs
3583 2090 3698 2155 des
3734 2101 3988 2156 nostres
4026 2090 4380 2157 debvoient

2421 2174 2606 2238 avoir
2649 2175 2977 2256 proferees
3022 2184 3245 2239 contre
3287 2173 3487 2242 ledict
3524 2176 3749 2242 Calvin
3794 2194 3914 2243 etc.
3994 2180 4223 2243 Avens
4264 2197 4380 2243 sur

2420 2280 2496 2324 ce
2560 2261 2804 2341 escript
2859 2282 2899 2325 a
2954 2282 3076 2341 noz
3128 2260 3391 2325 Balliffz
3446 2262 3527 2327 (16
3570 2263 3853 2328 'Phonon
3906 2274 3974 2329 et
4016 2264 4285 2347 Morges
4341 2282 4382 2328 a

2421 2343 2692 2411 debvoir
2736 2365 2853 2411 sur
2896 2366 2969 2410 66
3013 2347 3294 2429 prendre
3331 2349 3796 2431 jnformations
3841 2362 3907 2413 et
3941 2350 4170 2432 jcelles
4213 2370 4383 2416 nous

2423 2451 2738 2515 envoyer.
2828 2430 2924 2497 Oe
2966 2432 3138 2514 quilz
3179 2442 3298 2497 out
3341 2432 3500 2499 faict
3544 2446 3611 2498 et
3654 2445 3860 2516 quant
3895 2448 3970 2502 et
4012 2442 4216 2518 quant
4254 2436 4381 2501 cite

2423 2516 2619 2582 ceulx
2665 2517 2729 2580 la
2773 2519 2882 2600 qui
2943 2517 3297 2583 debvoient
3356 2521 3539 2584 avoir
3584 2518 3716 2584 dict
3779 2521 3968 2586 telles
4011 2521 4294 2603 parolles
4323 2522 4381 2601 ⁸)

2424 2623 2464 2666 a
2509 2601 2779 2669 debvoir
2822 2602 3161 2689 vendredy
3208 2625 3397 2686 passe
3424 2609 3478 2684 ⁴)
3525 2625 3648 2688 par
3708 2606 3951 2670 devant
3995 2627 4162 2671 nous
4207 2627 4384 2671 com-

2423 2690 2762 2772 paroistre.
2841 2690 3165 2773 Lesquelz
3210 2704 3462 2756 estante
3508 2692 3928 2774 auiourdhuy
3975 2713 4094 2775 par
4139 2691 4387 2756 devant

2425 2797 2591 2840 nous
2636 2796 2984 2858 comparuz
3030 2785 3098 2840 et
3140 2775 3287 2840 leur
3331 2786 3533 2860 ayant
3575 2776 3734 2843 faict
3772 2777 4089 2841 entendre
4132 2777 4194 2843 le
4231 2798 4386 2843 con-

2427 2872 2624 2925 tenuz
2669 2860 2749 2926 de
2784 2860 3110 2926 vosdictes
3153 2861 3382 2927 lettres
3425 2874 3493 2927 et
3538 2862 3862 2928 desdictes
3896 2863 4383 2946 jnformations,

2425 2946 2963 3029 singulierement
3030 2969 3070 3012 a
3134 2958 3355 3013 nostre
3421 2949 3766 3032 predicant
3830 2949 3911 3014 (16
3969 2947 4260 3015 Servent
4317 2961 4386 3013 et

2423 3031 2643 3096 diacre
2687 3032 2767 3097 de
2810 3032 3100 3119 Morges,
3147 3041 3266 3098 ont
3309 3033 3606 3120 denegue
3646 3034 3833 3102 avoir
3868 3034 4122 3119 profore
4155 3033 4388 3118 joelles

2425 3118 2709 3201 parolles
2765 3127 2992 3185 contre
3046 3118 3249 3186 ledict
3294 3119 3520 3187 Calvia
3577 3122 3770 3205 ainsy
3814 3131 3881 3187 et
3935 3141 4020 3185 en
4083 3120 4148 3186 la
4206 3129 4385 3186 sorte

2424 3225 2676 3270 comme
2721 3203 2802 3271 de
2839 3227 2913 3271 ce
2956 3216 3077 3271 ont
3119 3215 3259 3272 este
3303 3207 3596 3290 charges.
3665 3208 3851 3272 Dont
3893 3226 3967 3271 66
4004 3214 4258 3289 voyant
4292 3228 4386 3290 ny

2425 3294 2767 3357 scaurions
2810 3292 2975 3356 faire
3019 3291 3232 3358 aultre
3277 3294 3468 3357 sinon
3514 3294 3570 3357 si
3616 3291 3818 3358 ledict
3856 3293 4128 3357 maistre
4172 3292 4388 3357 Iehan

2431 3377 2656 3444 Calvia
2718 3377 2999 3460 pretend
3065 3377 3346 3443 aulcune
3411 3377 3605 3443 chose
3687 3378 4067 3443 alencontre
4147 3379 4386 3458 d'eulx,

2426 3464 2599 3547 quilz
2655 3463 2753 3529 les
2818 3485 3067 3546 prenne
3119 3483 3242 3546 par
3297 3465 3536 3547 justice
3561 3465 3620 3545 ⁶)
3678 3485 3765 3528 au
3822 3464 4001 3529 lieux
4059 3485 4145 3529 ou
4200 3464 4388 3531 telles

2422 3549 2709 3632 parolles
2753 3560 2905 3615 sont
2947 3559 3086 3614 este
3130 3549 3356 3626 dictes,
3420 3560 3489 3614 et
3530 3570 3966 3631 procurerons
4010 3571 4138 3633 que
4180 3571 4224 3615 a
4263 3550 4386 3635 luy

2424 3657 2510 3699 en
2553 3643 2691 3700 cest
2743 3635 3038 3701 endroict
3091 3656 3239 3700 sera
3292 3636 3714 3701 administree
3768 3637 3984 3703 bonne
4027 3647 4095 3701 et
4138 3637 4387 3703 briefve

2415 3722 2675 3805 justice.

2596 3806 2942 3871 'Pouchant
2985 3806 3181 3872 Piere
3222 3808 3298 3871 de
3349 3806 3521 3872 Plan
3551 3812 3605 3888 ⁶)
3652 3830 3857 3873 avons
3899 3829 4098 3892 aussy
4145 3807 4384 3873 mande

2424 3915 2465 3957 a
2519 3904 2742 3957 nostre
2787 3891 3052 3957 Balliffz
3113 3891 3194 3957 de
3237 3892 3504 3975 Morges
3559 3893 3829 3959 debvoir
3884 3895 4228 3960 examiner
4285 3895 4382 3960 les

2422 3979 2784 4062 tesmoings
2828 3999 2869 4041 a
2908 3977 3028 4060 luy
3073 3998 3192 4060 par
3234 3999 3354 4043 voz
3398 3982 3670 4044 commis
3715 4001 4032 4058 nommes,
4078 4001 4199 4064 par
4254 3981 4385 4045 les-

2423 4064 2614 4148 quelz
2659 4064 3023 4128 nullement
3065 4086 3148 4128 ne
3192 4085 3262 4129 se
3321 4075 3550 4130 trouve
3597 4066 3844 4150 jcelluy
3892 4068 4081 4131 avoir
4128 4066 4379 4149 profere

2423 4151 2611 4215 telles
2668 4150 2998 4233 alleguees
3056 4148 3352 4233 parolles.
3441 4152 3625 4216 Dont
3685 4173 3768 4216 ne
3833 4154 4171 4218 scaurions
4230 4150 4380 4234 plus

2423 4235 2636 4301 cultre
2681 4236 3058 4301 alencontre
3102 4235 3184 4301 de
3227 4236 3343 4320 luy
3388 4238 3718 4319 proceder.
3768 4239 3932 4303 Aius
3978 4239 4035 4303 si
4079 4259 4244 4302 vous
4289 4258 4378 4301 ou

2423 4320 2622 4387 ledict
2667 4320 2892 4387 Ualvin
2934 4323 3279 4387 n'estoient
3337 4334 3608 4389 content
3664 4323 3746 4388 de
3789 4344 3862 4388 ce
3913 4333 3981 4388 et
4023 4324 4221 4388 esties
4266 4321 4381 4388 de·

2423 4407 2630 4473 libere
2673 4407 2753 4473 de
2789 4427 3071 4490 prouver
3106 4429 3305 4474 encor
3339 4409 3527 4475 telles
3562 4408 3841 4492 parolles
3878 4430 3988 4473 sus
4026 4409 4162 4492 luy,
4211 4428 4380 4475 nous

2431 4493 2730 4559 voullons
2773 4513 2973 4577 aussy
3017 4498 3171 4578 (que
3208 4515 3341 4560 aux
3378 4495 3552 4561 deux
3589 4495 4003 4578 precedente)
4041 4494 4379 4580 oultroyer

2424 4601 2500 4645 ce
2542 4580 2814 4663 pouvoir
2857 4579 3022 4645 faire
3065 4601 3184 4662 par
3216 4583 3473 4664 justice.

2428 4887 2614 4942 2214.
2633 4887 2697 5024 ἐξ
2733 4884 3372 5012 ssssssgdfflm
3404 4886 3568 4942 (ἔκηε
3599 4886 3751 4941 lettre
3784 4886 3853 4941 de
3886 4887 4080 4956 rappel
4108 4889 4335 4956 perduc.
4372 4835 4376 4846 ι

2630 5025 2694 5161 {3
2729 5024 2803 5149 1ζέ
2808 5026 3062 5150 ἓυιιιιοΜιξῃ
3061 5134 3075 5146 .
3087 5027 3343 5093 Gne-rare,
3382 5023 3449 5078 L.
3491 5024 3706 5079 Gorben'l
3737 5031 3832 5079 etc.

2494 5236 2503 5246 ⁶
2557 5235 2568 5247 ·
2632 5162 2693 5230 5)
2722 5164 2833 5246 ‘Ea
2877 5179 2980 5219 m
3023 5158 3520 5244 deaudlne'qapiom
3566 5163 3662 5215 des
3713 5158 3959 5228 inculpe'a
4014 5162 4071 5217 la
4116 5164 4235 5217 vois
4281 5164 4389 5218 ad·

2427 5233 3501 5369 mmgaanfndpimviaeoepmoee
3533 5300 3582 5353 le
3615 5298 3780 5353 meme

2424 5369 2617 5440 appel&
2652 5372 2878 5426 adleuare
2911 5372 2964 5425 le
2998 5379 3297 5424 conatui-ier
3331 5370 3401 5423 de
3434 5369 3591 5424 Rolle
3624 5368 3731 5436 (N.
3765 5367 3832 5421 21
3853 5372 3964 5508 43⁸·

3974 5300 4118 5355 colai
4159 5301 4260 5369 qui
4303 5306 4394 5356 est
