4850 6200
357 441 475 503 653

355 648 477 709 que
520 647 684 692 vous
742 628 1003 710 preniez
1048 648 1246 694 68661
1310 630 1615 715 conraige
1670 649 1836 712 pour
1878 626 2197 706 ladvenir,
2244 636 2311 694 et

354 712 626 796 quelque
690 711 932 798 longne
975 735 1208 797 espace
1270 714 1352 781 de
1417 724 1630 799 temps
1686 736 1815 799 que
1869 735 2031 780 vous
2066 734 2226 800 ayez
2270 737 2311 780 a

354 799 632 883 languir,
676 820 802 882 que
829 819 985 865 vous
1023 801 1346 866 attendiez
1382 802 1706 867 168816818
1740 800 1953 867 bonne
1987 822 2183 885 yssue
2228 801 2310 865 de

354 906 470 949 168
505 885 925 968 perplexitez,
971 907 1084 952 681·
1124 887 1172 951 11
1210 897 1311 952 681
1343 889 1590 953 certain
1626 909 1751 970 686
1771 886 1945 951 Dieu
1983 908 2065 951 en
2111 887 2174 950 la
2219 889 2308 951 fin

354 992 676 1037 exaucera
734 992 854 1037 νον.
912 974 1402 1057 gemissemens,
1460 974 1515 1038 si
1564 995 1727 1038 vous
1771 974 2119 1039 continues
2164 994 2205 1038 a
2246 973 2310 1037 16

354 1058 654 1141 16686111
696 1057 833 1140 6811
890 1079 1054 1124 vous
1099 1058 1293 1124 tende
1337 1060 1402 1124 la
1445 1060 1642 1125 main.
1735 1058 2147 1125 Seullement
2184 1080 2309 1143 que

353 1164 516 1209 vous
558 1164 751 1228 noyez
794 1142 1054 1211 faschee
1098 1143 1179 1209 de
1215 1167 1289 1211 ce
1332 1167 1460 1230 que
1481 1166 1650 1212 vous
1693 1167 1777 1210 ne
1822 1165 2073 1229 pouvez
2117 1147 2310 1211 venir

353 1250 391 1293 a
434 1230 593 1295 11681
635 1229 718 1295 (16
779 1251 944 1295 vous
1001 1232 1339 1317 employer
1405 1230 1495 1296 du
1553 1239 1699 1296 tout
1752 1253 1792 1296 a
1834 1231 2127 1315 glorifici·
2184 1251 2307 1296 8611

352 1336 527 1381 8618.
571 1315 726 1382 Une
770 1316 925 1380 telle
967 1317 1259 1383 facheria
1280 1327 1382 1383 681
1412 1327 1565 1385 6681
1607 1317 1751 1401 foys
1794 1317 1942 1400 plus
1984 1316 2308 1382 desirable

353 1424 482 1485 que
532 1402 596 1467 le
652 1403 780 1468 bon
824 1410 1038 1486 temps
1086 1424 1211 1486 686
1256 1424 1327 1468 86
1373 1402 1669 1469 donnent
1711 1423 1877 1468 ceux
1924 1404 2035 1486 qui
2079 1424 2148 1468 86
2188 1404 2305 1467 fla·

351 1496 495 1553 tent
514 1509 599 1552 en
637 1489 782 1553 leur
812 1501 1145 1573 pouvrete.
1215 1487 1604 1573 Oepandent
1636 1489 1686 1554 il
1722 1511 1885 1555 vous
1921 1490 2087 1554 fault
2128 1498 2306 1554 tous·

350 1575 530 1639 16818
588 1576 803 1658 6811161
859 1578 1081 1640 168168
1137 1576 1235 1640 168
1289 1587 1675 1641 6816118168
1727 1597 1854 1659 que
1913 1574 2089 1641 Dieu
2142 1596 2308 1640 vous

479 1661 493 1673 ‘
618 1680 787 1742 pour
829 1661 1133 1727 marcher
1188 1662 1340 1744 plus
1396 1675 1614 1727 avant.
1696 1661 1857 1727 0681
1899 1661 2053 1726 bien
2099 1661 2307 1727 lofficc

350 1746 429 1812 de
474 1745 653 1813 Dieu
711 1747 792 1813 de
840 1768 1008 1813 nous
1063 1768 1289 1813 mencr
1330 1767 1581 1813 comme
1636 1768 1922 1832 pouvres
1978 1748 2307 1830 aveugles,

348 1846 561 1915 quant
603 1854 771 1899 nous
806 1855 1088 1899 sommes
1122 1855 1206 1898 88
1231 1833 1389 1898 11681
1423 1833 1504 1898 (16
1539 1845 1763 1900 868116
1798 1855 1967 1909 8688,
2013 1845 2081 1897 61
2125 1842 2305 1898 trou-

346 1940 468 1984 ver
510 1918 626 1984 des
671 1939 944 2005 moyens
988 1941 1113 2002 que
1155 1941 1322 1986 nous
1367 1924 1714 1986 1168881688
1749 1920 1978 1985 1818818
2013 1919 2305 1995 81168(18,

347 2027 516 2070 nous
575 2004 823 2071 faisant
887 2018 1268 2071 surmonter
1333 2016 1483 2071 1688
1550 2008 2108 2089 6181168611681688,
2155 2027 2308 2071 86118

347 2112 475 2173 686
520 2111 685 2156 8688
727 2113 773 2176 y
819 2113 1071 2175 voyons
1115 2102 1330 2176 goute.
1418 2092 1578 2158 0681
1625 2113 1823 2177 aussy
1866 2103 2087 2157 nostre
2122 2093 2309 2157 office

347 2179 430 2242 de
494 2178 556 2242 le
613 2178 793 2261 prier
849 2178 987 2261 quil
1047 2178 1161 2262 luy
1223 2178 1427 2262 plaise
1471 2200 1641 2243 nous
1698 2180 1926 2243 ouvrir
1971 2179 2067 2242 les
2109 2200 2304 2261 yeux,

346 2266 478 2328 afin
538 2285 662 2346 686
720 2285 797 2348 sy
843 2274 971 2330 tost
1029 2264 1162 2348 quil
1210 2286 1376 2330 nous
1422 2286 1461 2328 a
1505 2264 1719 2329 donne
1778 2264 2055 2347 quelque
2098 2267 2305 2348 signe,

346 2371 516 2415 8688
560 2349 621 2414 16
665 2351 1003 2435 snyvions.
1069 2351 1168 2415 Ne
1212 2372 1376 2416 vous
1422 2371 1779 2435 espargnes
1822 2352 2013 2434 point
2055 2350 2223 2415 donc
2267 2372 2307 2414 a

346 2456 617 2519 essayer
658 2434 740 2500 de
771 2436 920 2501 iour
964 2457 1045 2501 en
1106 2437 1253 2501 iour
1297 2448 1445 2502 tous
1488 2436 1586 2501 les
1631 2457 1907 2520 moyens
1951 2436 2085 2519 quil
2134 2456 2303 2501 vous

344 2543 494 2588 8618
558 2521 810 2606 pocible
871 2522 950 2587 de
998 2544 1161 2587 vous
1207 2521 1535 2587 advancer
1601 2545 1681 2587 88
1752 2522 1960 2587 droict
2020 2523 2301 2587 chemin.

342 2608 624 2673 Faisant
644 2608 857 2692 ainsy,
882 2609 1173 2674 combien
1201 2629 1329 2691 que
1350 2629 1518 2673 vous
1540 2629 1734 2693 soyez
1758 2630 1989 2674 encore
2012 2609 2194 2692 loing
2218 2607 2303 2671 du

343 2695 482 2773 but,
528 2693 885 2779 toutesfoys
929 2715 1001 2759 86
1046 2716 1128 2759 86
1174 2715 1321 2759 8618
1364 2716 1481 2778 1188
1538 2718 1619 2760 68
1682 2695 1832 2759 vain
1879 2716 2006 2777 que
2054 2717 2213 2759 vous
2257 2717 2301 2777 y

344 2778 644 2857 tendrez‚
697 2802 809 2844 681
869 2792 1091 2845 868116
1145 2802 1377 2846 668166
1434 2790 1537 2845 681
1578 2782 1898 2857 66118186,
1947 2792 2304 2864 moyenant

343 2887 471 2948 686
517 2887 681 2931 8688
718 2868 1035 2949 suyvions
1081 2868 1423 2943 tonsiours‚
1469 2887 1664 2931 encor
1707 2887 1832 2950 686
1874 2888 1944 2931 86
1989 2868 2114 2931 8611
2158 2867 2301 2950 foy-

343 2952 652 3016 blement.
740 2953 830 3016 Et
875 2952 1027 3017 telle
1071 2952 1394 3018 certitudo
1429 2974 1595 3017 nous
1650 2952 1789 3018 doit
1824 2952 2096 3017 fortifier
2140 2974 2302 3035 pour

301 3076 316 3093 ·
342 3045 723 3104 surmonter
776 3047 990 3105 tontes
1034 3039 1409 3104 tentatione.
1501 3038 1634 3105 081
1690 3061 1765 3124 sy
1814 3038 1911 3104 168
1954 3037 2303 3104 mondains

341 3124 729 3190 travaillent
772 3134 918 3190 tant
974 3146 1013 3189 a
1049 3126 1392 3191 laventure
1414 3147 1579 3208 pour
1602 3127 1881 3210 quelque
1903 3127 2118 3209 espoir
2141 3126 2304 3190 dont

343 3211 429 3276 118
472 3223 628 3276 sont
672 3219 957 3276 souvent
1000 3212 1295 3289 frustres,
1354 3234 1482 3296 que
1539 3233 1684 3276 sera
1738 3234 1811 3277 66
1856 3211 1937 3277 (16
1981 3233 2147 3277 8688
2193 3212 2303 3295 681

343 3318 552 3364 avons
590 3297 659 3362 la
696 3318 1098 3380 prommesse
1144 3297 1223 3362 de
1269 3298 1443 3363 Dieu
1482 3319 1645 3380 pour
1689 3320 1854 3363 nous
1899 3320 2198 3364 88868161
2221 3298 2301 3362 (16

343 3391 569 3449 nostre
609 3383 827 3449 salut?
876 3384 1262 3463 Toutesfois,
1319 3383 1636 3460 Madame,
1682 3406 1805 3467 686
1848 3406 2000 3468 secy
2049 3406 2131 3449 86
2175 3385 2304 3449 8611

341 3469 534 3552 116181
596 3490 765 3553 11681
828 3491 993 3536 vous
1049 3470 1402 3548 endormir,
1456 3492 1583 3554 que
1639 3492 1802 3536 vous
1848 3492 1934 3535 ne
1985 3471 2301 3554 regretiez

341 3555 674 3622 168816818
716 3554 785 3621 18
827 3555 1172 3621 miserable
1194 3557 1528 3623 servitude
1563 3576 1649 3621 68
1685 3578 1850 3623 vous
1892 3567 2081 3634 estes,
2127 3577 2300 3622 com-

340 3663 452 3707 me
517 3642 746 3707 deffait
810 3653 949 3708 cest
1012 3644 1074 3706 16
1139 3663 1379 3727 moyen
1442 3664 1610 3725 pour
1673 3654 1847 3708 estre
1891 3642 2176 3708 delivrez
2222 3642 2302 3707 de

339 3729 538 3793 Dieu.
586 3726 814 3809 Quant
836 3750 1002 3793 8688
1040 3738 1310 3794 sentens
1343 3728 1642 3794 combien
1678 3737 1903 3794 nostre
1942 3729 2166 3813 prison
2203 3737 2304 3793 est

341 3814 526 3896 dure.
616 3816 726 3880 Au
770 3816 1113 3890 contraire,
1151 3814 1337 3898 celuy
1366 3817 1570 3898 quise
1614 3814 1813 3898 1118181
1855 3837 1937 3880 68
1986 3837 2101 3881 868
2148 3814 2300 3891 8181,

341 3899 551 3966 ferme
618 3922 827 3985 quasy
869 3901 936 3965 18
979 3911 1164 3984 116116
1208 3921 1249 3964 8
1291 3901 1482 3977 Dieu,
1528 3921 1569 3964 8
1612 3922 1685 3967 66
1728 3901 1865 3984 6811
1909 3909 2075 3984 nayt
2118 3901 2305 3983 point

340 3988 505 4070 111116
550 3985 631 4052 (16
674 3986 806 4071 luy.
898 3985 996 4052 Or
1039 3987 1101 4051 16
1142 4008 1247 4050 me
1282 3988 1364 4051 fie
1401 4009 1484 4052 en
1529 3986 1705 4052 Dieu
1751 4009 1875 4070 686
1922 3996 2064 4051 1681
2110 3987 2301 4070 ainsy

341 4072 481 4155 quil
544 4093 585 4137 8
638 4073 944 4156 imprime
1002 4094 1084 4138 68
1148 4083 1363 4138 vostre
1407 4094 1606 4139 coeur
1641 4094 1773 4138 886
1819 4074 2121 4138 affection
2166 4074 2301 4136 sin-

338 4158 617 4244 gulliere
680 4158 761 4223 de
826 4159 1204 4236 lhonnorer,
1271 4158 1408 4240 quil
1452 4169 1884 4243 augmentera
1928 4170 1993 4223 et
2035 4158 2305 4224 ouvrira

340 4254 556 4328 quant
598 4253 665 4309 61
709 4254 920 4327 68881
958 4245 1021 4309 16
1065 4266 1305 4329 moyen
1342 4265 1509 4327 pour
1543 4254 1782 4311 mettre
1824 4266 1908 4309 en
1953 4245 2303 4310 execusion

338 4330 401 4397 le
446 4331 577 4396 bon
622 4331 880 4396 vouloir
922 4331 1057 4414 quil
1082 4351 1248 4395 vous
1271 4352 1435 4395 aura
1470 4330 1701 4397 donne.
1785 4332 1948 4397 Puis
1994 4352 2121 4414 que
2166 4339 2303 4396 cest

338 4439 378 4482 8
424 4417 540 4501 luy
600 4416 682 4482 (16
737 4438 1147 4482 66188168661
1203 4428 1268 4481 61
1313 4416 1394 4482 (16
1436 4418 1748 4501 perfaire,
1795 4438 2105 4499 esperans
2148 4416 2301 4481 har-

339 4502 635 4568 diement
677 4504 813 4586 quil
859 4515 958 4569 681
992 4503 1315 4587 ,118188881
1348 4523 1515 4585 pour
1561 4511 1788 4569 nostre
1828 4503 2019 4580 salut,
2065 4512 2135 4568 61
2175 4524 2301 4585 686

338 4598 480 4655 6681
521 4590 587 4654 18
631 4609 717 4654 68
760 4589 809 4654 11
855 4590 1035 4655 veult
1074 4588 1418 4674 desployer
1438 4611 1513 4654 sa
1555 4603 1765 4654 vertu.
1853 4590 1959 4654 De
2003 4610 2112 4653 ma
2154 4599 2303 4672 part

337 4675 402 4740 16
445 4676 509 4741 16
552 4675 781 4760 priray
817 4696 1034 4760 aussy,
1071 4674 1397 4754 Madame,
1429 4674 1568 4758 quil
1622 4696 1792 4742 vous
1836 4677 1931 4741 811
1976 4676 2301 4741 168816818

339 4781 429 4827 68
470 4783 548 4828 88
589 4763 840 4827 saincte
898 4760 1279 4844 protection,
1332 4761 1470 4844 quil
1511 4783 1675 4827 vous
1719 4773 2072 4846 augmenta
2109 4772 2178 4826 61
2218 4783 2301 4826 68

336 4849 852 4932 congnoissance
909 4859 977 4913 et
1031 4869 1114 4913 en
1171 4847 1308 4913 zele
1367 4858 1435 4912 61
1478 4869 1562 4913 68
1606 4849 1879 4913 fei-mete
1920 4858 1987 4912 et
2026 4869 2114 4912 en
2158 4856 2303 4912 tout

336 4932 493 4998 bien
558 4955 729 5017 11681
794 4936 1007 4999 servir
1068 4933 1217 5016 plus
1295 4955 1379 4998 en
1439 4933 1589 5016 plus
1655 4955 1694 4998 8
1758 4956 1833 4999 88
1873 4934 2119 5019 gloyre.
2206 4933 2301 4998 06

339 5017 649 5086 diziesme
691 5019 771 5085 de
816 5020 1023 5105 iuing.

1378 5137 1655 5206 01181168
1713 5138 2123 5223 dEppeville.

1112 5439 1175 5445 —-
1242 5437 1437 5444 ----.--——.
1452 5437 1517 5443 -—

2168 444 2329 504 1555
2374 439 2558 506 IUN.

4242 433 4366 493 654

3285 627 3480 697 2227.

2848 799 3458 867 RADZIVILIUS
3504 798 3942 865 GALVINO.

2593 986 2876 1054 Oiviliter
2919 988 3323 1070 &honorifice
3358 989 3681 1070 respondet
3724 989 3808 1052 ad
3858 988 4077 1052 literas
4142 1009 4183 1052 a
4230 985 4372 1051 Cal-

2415 1076 2557 1139 vino
2599 1075 2725 1140 sibi
2777 1077 3027 1140 missae.

2414 1263 2642 1328 (Exstat
2688 1265 2996 1317 cancellarii
3030 1281 3192 1318 manu
3229 1265 3334 1317 scri
3378 1272 3437 1316 18
3483 1265 3540 1316 18
3576 1263 3707 1318 06(1.
3743 1263 3994 1317 Gothano
4030 1261 4149 1327 405,
4186 1263 4276 1317 fol.
4316 1262 4368 1317 8.

2705 1332 2980 1386 Nonnulla
3015 1334 3286 1402 excerpsit
3370 1333 3809 1387 retschneiderns
3842 1350 3894 1401 p.
3930 1330 4079 1398 203.)

2583 1521 3158 1588 Excellentissimo
3226 1543 3300 1588 86
3356 1519 3730 1587 doctissimo
3798 1522 3939 1586 viro
4004 1518 4089 1584 D.
4136 1520 4371 1585 Ioanni

2412 1607 2691 1673 Calvino
2733 1628 2990 1673 summo
3058 1607 3288 1689 [apJud
3330 1608 3677 1673 Helvetios
3742 1608 4077 1691 religionis
4121 1606 4372 1673 01111811

2457 1693 2759 1759 rofessori
2839 1741 3296 1759 ........
3378 1696 3586 1760 881166
3645 1715 3764 1759 886
3838 1690 4236 1779 [θοή-1881816
4302 1703 4370 1758 61

2459 1779 2811 1845 onerando.

2584 1950 2677 2016 Ut
2699 1952 3001 2017 notitiam
3048 1964 3248 2027 tuam,
3297 1952 3400 2017 vir
3433 1952 3809 2026 clarissime,
3835 1972 4091 2017 summo
4110 1972 4369 2035 semper

2414 2035 2737 2102 desiderio
2795 2052 3166 2121 expeterem
3218 2043 3395 2103 fama
3452 2039 3737 2102 nominis
3795 2037 3910 2109 tui,
3956 2057 4123 2120 quae
4168 2039 4367 2103 etiam

2411 2121 2585 2206 apud
2646 2144 2764 2187 nos
2819 2126 2978 2189 88118
3035 2125 3363 2191 6616111818
3419 2134 3535 2199 681,
3593 2124 3824 2189 effecit.
3911 2125 3990 2188 In
4037 2143 4164 2205 686
4208 2145 4366 2207 686-

2410 2209 2589 2272 1118111
2645 2230 2750 2273 me
2809 2211 3082 2292 epistola
3137 2216 3327 2282 tua¹)
3383 2211 3815 2283 antevertisti,
3875 2223 3939 2273 61
3996 2210 4166 2292 quod
4205 2212 4368 2275 mihi

2410 2296 2588 2359 omni
2636 2296 2891 2360 ratione
2950 2308 3333 2380 exoptatum
3378 2310 3520 2360 erat
3574 2308 3835 2379 praeter
3878 2319 4138 2362 omnem
4184 2318 4366 2380 spem

2414 2401 2753 2463 nunquam
2799 2382 2922 2448 sibi
2980 2395 3176 2448 88168
3230 2396 3387 2446 noto
3443 2383 3845 2447 occasionem
3900 2382 4074 2446 81116
4133 2381 4371 2449 (16(11811

2410 2478 2486 2530 81
2531 2475 2599 2530 61
2642 2488 2765 2551 ego
2803 2479 2865 2532 16
2902 2490 3093 2534 86886
3126 2470 3482 2551 inciperem
3521 2480 3588 2532 et
3622 2469 3911 2533 vicissim
3947 2490 4051 2533 me
4094 2468 4215 2533 tibi
4251 2492 4369 2535 no-

2414 2561 2559 2617 tum
2595 2553 2806 2619 facere
2828 2575 3228 2638 magnopere
3266 2555 3520 2630 vellem,
3568 2553 3782 2618 dicere
3820 2575 3951 2617 non
3982 2576 4147 2639 queo
4174 2576 4369 2637 quam

2409 2661 2489 2703 ea
2524 2659 2631 2703 168
2667 2640 2833 2704 mihi
2871 2651 3057 2723 grata
3101 2640 3515 2723 iucundaque
3551 2639 3875 2705 acciderit.
3953 2639 4370 2723 Quapropter

2408 2726 2708 2807 ingentes
2746 2725 2862 2789 11111
2900 2750 2974 2791 66
3010 2728 3274 2792 11618186
3299 2747 3423 2809 ago
3446 2726 3781 2808 habeoque
3804 2726 4074 2809 gratias,
4111 2739 4179 2790 61
4213 2728 4369 2809 quia

2406 2833 2538 2875 non
2585 2822 2976 2894 provocatus
3022 2814 3224 2896 (quod
3283 2813 3511 2895 utique
3555 2811 3717 2876 mihi
3752 2813 4179 2876 constitutum
4226 2822 4370 2877 erat

2406 2907 2484 2961 81
2527 2898 2837 2980 facerem)
2897 2909 3077 2963 tuam
3136 2899 3297 2964 mihi
3360 2898 3653 2963 obtulisti
3700 2897 4249 2977 benevolentiam,
4293 2899 4364 2962 in

2408 2983 2760 3047 amicitiam
2812 2999 2874 3047 te
2918 3006 3132 3050 meam
3189 3006 3468 3061 assum0‚
3515 2992 3791 3067 petoque
3851 2984 3967 3049 abs
4011 2993 4075 3048 te
4119 2985 4214 3049 811
4259 3006 4365 3049 me

2409 3069 2652 3135 abhinc
2694 3070 2825 3136 iam
2873 3071 2990 3136 tibi
3031 3094 3171 3136 6886
3196 3082 3424 3136 notum
3468 3071 3646 3136 sinas
3691 3070 3948 3153 dicique
3990 3070 4156 3136 mihi
4204 3070 4366 3137 velis

2409 3156 2674 3222 amicus.
2736 3156 2931 3237 Quod
2954 3160 3068 3222 fiet
3089 3160 3164 3237 81,
3191 3170 3265 3222 81
3286 3158 3570 3239 coepisti,
3591 3157 3801 3222 literis
3821 3179 3929 3221 me
3951 3159 4084 3222 tuis
4107 3159 4367 3240 saepius

2407 3241 2829 3326 compellabis
2873 3253 2941 3307 61
2961 3264 3158 3327 68881
3203 3253 3268 3308 16
3301 3253 3677 3309 nostrarum
3724 3242 4144 3308 ecclesiarum
4188 3243 4366 3309 solli-

2407 3327 2567 3392 citet
2608 3329 2838 3413 religio
2858 3331 3030 3396 facto
3054 3330 3413 3395 testaberis.
3502 3329 3666 3413 Ego,
3705 3326 3880 3411 quod
3924 3350 4031 3394 me
4074 3331 4368 3394 muneris

2405 3413 2752 3479 christiani
2797 3414 3233 3493 admonueris,
3279 3437 3409 3480 non
3455 3415 3666 3480 solum
3710 3436 3844 3478 non
3890 3414 4012 3479 tuli
4071 3416 4363 3494 moleste,

2406 3521 2639 3564 verum
2708 3502 2908 3566 etiam
2973 3501 3327 3566 maximam
3397 3501 3515 3566 tibi
3585 3501 3785 3565 habui
3825 3502 4126 3585 gratiam.
4216 3503 4365 3568 Etsi

2406 3586 2602 3662 enim,
2627 3597 2946 3669 quantum
2991 3588 3060 3651 in
3106 3609 3211 3652 me
3233 3589 3431 3652 situm
3476 3597 3593 3666 est,
3637 3588 3885 3652 soleam
3906 3588 4045 3670 ipse
4077 3588 4186 3653 ubi
4214 3588 4367 3653 licet

2406 3693 2606 3754 opera
2647 3693 2812 3737 ¹mea
2879 3675 3136 3738 veritati
3205 3673 3564 3750 consulere,
3631 3687 3850 3738 tamen
3896 3674 4141 3737 mirum
4186 3671 4366 3739 dictu

2407 3770 2509 3822 681
2571 3778 2768 3840 quam
2827 3780 2933 3823 me
2993 3760 3380 3825 suavissima
3426 3771 3541 3823 tua
3583 3758 4034 3823 adhortatione
4077 3768 4145 3824 61
4188 3761 4364 3826 61161-

2406 3845 2654 3908 taveris
2721 3853 2788 3909 61
2847 3846 3358 3910 confirmaveris.
3438 3846 3688 3910 Verum
3756 3856 3828 3908 ut
3895 3845 4079 3910 labor
4144 3857 4366 3911 noster

2405 3951 2536 3994 non
2606 3931 2693 3994 sit
2757 3931 3005 4008 irritus,
3072 3943 3275 4013 utque
3342 3932 3641 4015 exemplo
3706 3941 3931 3997 nostro
3997 3933 4232 3996 caeteri
4280 3930 4364 3996 ad

2406 4016 2898 4098 provehendam
2954 4016 3543 4100 illustrandamque
3627 4019 3969 4082 veritatem
4035 4018 4364 4102 evangelii

2407 4102 2857 4186 accingantur,
2904 4111 2974 4167 tu
3035 4124 3154 4186 pro
3213 4113 3343 4176 tuo,
3389 4125 3509 4187 ego
3552 4123 3673 4187 pro
3717 4125 3861 4168 meo
3906 4125 4180 4168 munere
4224 4104 4362 4168 Do-

2406 4189 2664 4252 minum
2704 4189 3135 4272 precabimur.
3203 4190 3482 4254 Interim
3528 4211 3632 4254 me
3677 4191 4014 4272 officiaque
4057 4209 4202 4253 mea
4245 4189 4364 4254 tibi

2408 4272 2761 4358 diligenter
2804 4276 3203 4351 commendo,
3250 4297 3765 4359 persuasumque
3788 4275 3905 4339 tibi
3928 4296 4068 4340 esse
4090 4296 4362 4358 magno-

2406 4380 2561 4442 pere
2608 4360 2773 4438 volo,
2821 4362 2915 4426 sic
2961 4361 3122 4425 mihi
3167 4362 3360 4425 istam
3408 4372 3590 4427 tuam
3627 4372 3764 4426 tam
3803 4363 4153 4445 ingenuam
4202 4361 4362 4425 scri-

2406 4445 2601 4511 bendi
2672 4446 3040 4513 libertatem
3107 4461 3365 4531 gratam
3425 4447 3909 4530 iucundamque
3976 4447 4209 4522 fuisse,
4285 4455 4360 4510 ut

2407 4532 2526 4596 tibi
2585 4534 2725 4598 eius
2793 4533 3056 4599 nomine
3128 4533 3253 4597 sim
3319 4535 3539 4598 omnia
3605 4554 3862 4599 summa
3927 4532 4246 4598 amicitiae
4292 4543 4359 4595 61

2405 4617 2829 4701 gratitudinis
2908 4619 3124 4685 officia
3213 4619 3643 4685 libentissime
3729 4617 4081 4684 debiturus.
4195 4616 4359 4683 Vale

2404 4704 2562 4767 felix
2602 4724 2800 4787 quam
2825 4705 3190 4771 diutissime
3236 4705 3302 4770 in
3348 4705 3475 4769 Dei
3501 4705 3774 4788 gloriam
3799 4714 3864 4768 et
3903 4705 3974 4768 in
4014 4704 4359 4769 universae

2405 4788 2657 4854 christi
2704 4792 3014 4857 666168186
3070 4791 3481 4857 commodum
3529 4812 3603 4856 ac
3648 4790 4018 4855 utilitatem.
4108 4790 4358 4855 Datum

2406 4875 2646 4940 Vilnae
2689 4875 2919 4943 Idibus
2962 4878 3139 4942 Iunii
3195 4880 3393 4943 Anno
3438 4875 3712 4941 Domini
3765 4881 3945 4940 1555.

3069 5013 3309 5080 Vester
3352 5013 3564 5078 bonus
3601 5022 3667 5076 61
3709 5013 3970 5097 integer
4013 5014 4275 5079 8181688.
4298 5011 4356 5099 ²)

2639 5190 2813 5198 ——ss-

2348 5363 2357 5414 Ι
2404 5304 2672 5372 2227.1)
2713 5305 2788 5359 Ν.
2826 5304 2978 5358 2113.

2609 5373 2671 5440 2)
2705 5373 2864 5429 Haec
2897 5388 3067 5427 manu
3093 5373 3342 5441 propria.
