4850 6200
368 437 484 501 5⁷8

364 623 603 689 einen
646 618 729 686 de
767 619 980 687 nihilo
1021 626 1137 688 aut
1174 621 1349 687 futili
1398 619 1735 688 occasione
1777 621 2126 707 fingerent.
2230 618 2307 687 ld

521 715 665 773 tum
709 714 814 773 est
855 727 897 772 a
936 715 1187 774 senatu.
1289 705 1577 773 'l'antum
1619 706 1788 773 mihi
1829 706 2047 774 scriba
2086 705 2308 773 brevi-

465 814 576 860 um
617 814 822 859 manu
879 812 1000 859 sua
1047 793 1367 878 scriptum
1381 796 1445 871 ⁴)
1503 792 1705 873 dedit,
1758 792 1831 859 in
1885 814 2017 878 quo
2068 791 2306 878 gallice

358 881 671 966 scriptum
738 888 913 957 erat,
966 878 1278 946 confundi
1346 898 1582 945 verum
1697 879 1712 894 ⁶
1827 881 1842 895 '
2060 899 2306 959 rerum,

357 966 466 1033 ubi
508 967 906 1033 sacramenti
944 985 1189 1032 nomen
1231 965 1618 1049 simpliciter
1658 985 1782 1050 pro
1813 964 2086 1031 militari
2128 964 2306 1032 iure-

357 1049 631 1119 iurando
674 1050 1011 1137 accipitur,
1054 1072 1258 1137 quum
1377 1052 1509 1118 tius
1549 1052 1944 1137 mysterium
1983 1051 2307 1137 significet

355 1156 430 1205 ao
469 1135 835 1223 spiritualis
888 1137 977 1202 sit·
1029 1136 1207 1204 inter
1331 1156 1485 1204 eum
1541 1147 1612 1202 et
1665 1137 2007 1204 ecclesiam
2065 1138 2303 1220 pactio,

357 1233 549 1308 atque
591 1224 765 1289 hanc
809 1221 1098 1307 Zwenqlu·
1139 1223 1516 1308 opinionem
1550 1224 1844 1290 breviter
1883 1224 1954 1288 in
1999 1243 2146 1289 mea
2187 1223 2306 1289 In-

355 1310 695 1377 stitutione
737 1308 968 1377 refelli.
990 1312 1044 1388 ⁸)
1117 1308 1443 1377 Additum
1486 1319 1632 1375 erat
1673 1309 1900 1391 latine,
1963 1308 2201 1375 falsam
2263 1328 2306 1374 a

354 1418 457 1463 me
501 1397 726 1464 vocari
770 1394 1062 1482 Zuinylo'i
1100 1396 1476 1480 opinionem
1519 1393 1600 1462 de
1641 1395 2089 1476 sacramentis,
2130 1393 2304 1479 quod

357 1503 474 1569 ego
531 1482 930 1567 generaliter
993 1502 1035 1547 a
1087 1501 1197 1548 me
1263 1481 1510 1548 dictum
1578 1501 1722 1548 esse
1786 1503 1919 1547 non
1986 1501 2303 1565 agnosco:

355 1570 508 1654 quin
551 1568 769 1654 potius
813 1575 1037 1635 sancte
1080 1568 1338 1633 affirmo
1380 1587 1720 1651 nunquam
1765 1567 1834 1634 id
1875 1566 2046 1632 mihi
2096 1566 2302 1634 fuisse

736 1653 886 1722 Hoc
927 1660 1153 1720 tamen
1186 1653 1430 1739 effugio
1450 1661 1640 1738 parta
1672 1653 1800 1720 fuit
1839 1650 2154 1738 improbis
2197 1674 2303 1719 ca·

347 1739 856 1808 lumniatoribus
899 1740 1273 1825 impunitas,
1332 1740 1449 1824 qui
1499 1761 1607 1806 me
1662 1761 1783 1824 pro
1825 1746 2164 1825 suggestu,
2228 1739 2301 1805 in

351 1827 530 1908 foris,
595 1828 669 1893 in
731 1827 965 1904 triviis,
1027 1828 1102 1892 in
1166 1827 1446 1905 mensis,
1503 1834 1819 1909 tanquam
1884 1824 2300 1911 pestilentem

350 1912 756 1980 haereticum
797 1911 1268 1998 prosciderunt.
1355 1912 1629 1979 Fratres
1673 1912 1884 1979 nostri
1924 1911 2302 1978 Beruenses

347 2000 551 2085 probe
592 1998 807 2066 officio
849 1999 1056 2065 functi
1097 2007 1267 2078 sunt,
1311 2019 1521 2083 neque
1561 2019 1682 2082 per
1733 2018 1844 2064 eos
1902 1997 2084 2064 stetit
2139 2017 2301 2081 quo-

348 2086 570 2153 minus
629 2084 832 2152 fuerit
894 2084 1127 2152 melior
1192 2085 1429 2151 exitus.
1453 2089 1509 2162 ⁸)
1610 2084 1822 2151 Porro
1935 2084 2048 2150 uia
2119 2083 2301 2149 hunc

349 2171 658 2274 clypeum
702 2171 1009 2256 opposui:
1054 2170 1111 2238 si
1154 2192 1284 2255 qua
1325 2178 1497 2237 esset
1532 2170 1822 2271 offensio,
1876 2256 1889 2272 ο
1997 2190 2114 2237 vos
2130 2189 2299 2269 'ma-

349 2279 525 2411 oengge
532 2351 753 2410 autem
798 2254 2299 2410 ηδεἓὲἕιξιῖωνσῖἓιῖωέἰῗίῗιξιεοῗῧθιῗὲεὼῗιὲ

347 2438 917 2583 ξζὲοέωωωὲἓῇ
960 2428 1521 2599 &afflat
1550 2429 1683 2581 „³3¹2
1726 2429 2137 2601 ὲῗίἑῗὲἑέω
2145 2426 2298 2597 Ἑξῗ

348 2601 548 2669 tabile
591 2622 787 2685 quam
824 2600 1009 2667 vobis
1035 2601 1402 2682 honestum,
1446 2622 1565 2666 vos
1596 2601 1846 2666 medios
1865 2596 2293 2681 intercedere,

345 2710 428 2754 ne
471 2687 692 2755 fallaci
734 2688 1019 2752 nominis
1061 2687 1269 2753 vestri
1310 2695 1658 2772 praetextu
1699 2686 1978 2772 improbi
2022 2686 2294 2752 abutan-

346 2786 476 2855 tur,
521 2794 725 2859 quum
759 2792 883 2839 neo
924 2770 1087 2839 laesi
1130 2774 1294 2851 sitis,
1339 2792 1462 2839 nee
1496 2773 1680 2840 vobis
1723 2771 1805 2839 de
1838 2773 1950 2857 pia
1983 2780 2051 2837 et
2085 2771 2295 2839 amica

345 2859 809 2939 admonitione,
844 2880 975 2943 qua
1005 2858 1256 2924 homini
1291 2866 1449 2924 tunc
1467 2858 1951 2925 inconsiderato
1986 2858 2294 2941 prodesse

337 2947 516 3015 volui
532 2999 553 3027 ,
609 2946 799 3013 litem
858 2954 1090 3014 contra
1142 2966 1248 3011 me
1297 2965 1560 3011 movere
1616 2944 1836 3011 libeat.
1945 2943 2153 3010 Brevi
2208 2965 2292 3009 ex

337 3032 655 3101 nundinis
698 3032 946 3118 aliquid
990 3030 1264 3098 allatum
1327 3032 1412 3096 iri
1478 3051 1685 3118 spero.
1774 3030 1924 3096 'ribi
1968 3029 2291 3116 quidquid

338 3123 462 3187 erit
505 3121 809 3205 protinus
850 3118 1091 3187 curabo
1133 3120 1276 3185 fieri
1321 3139 1681 3186 commune.
1702 3118 1761 3204 ⁷)
1847 3118 2036 3196 Vale,
2101 3138 2293 3185 orna-

337 3208 591 3274 tissime
633 3207 745 3274 vir
786 3215 854 3272 et
907 3207 1074 3272 mihi
1117 3205 1499 3272 honorande
1554 3206 1775 3272 frater.
1871 3203 2292 3289 symmystas

339 3300 488 3360 tuos
531 3292 889 3380 diligenter
932 3293 1150 3359 saluta
1209 3313 1351 3358 meo
1409 3294 1694 3370 nomine,
1756 3311 2028 3357 uxorem
2083 3301 2286 3370 tuam,

333 3399 616 3464 generos
649 3387 719 3444 et
758 3387 965 3444 totam
1008 3378 1340 3445 familiam.
1432 3377 1760 3445 Dominus
1803 3396 2063 3461 semper
2105 3376 2293 3443 vobis

336 3464 527 3617 {⁴2³³}
564 3485 688 3532 vos
732 3472 994 3532 tueatur
1028 3471 1097 3531 et
1136 3464 1478 3550 gubernet
1539 3465 1856 3532 Genevae
1893 3465 1994 3528 20.
2037 3462 2291 3549 Aprilis

1264 3686 1547 3754 Ioannes
1582 3685 1905 3754 Calvinus
1945 3695 2115 3752 tuus.

507 3892 778 3961 Literas
795 3895 855 3977 s)
898 3892 983 3958 D.
1032 3891 1265 3958 chero
1307 3911 1505 3976 quam
1547 3893 1836 3976 primum
1881 3911 2032 3958 cum
2075 3892 2288 3958 multa

334 4002 374 4046 a
415 4001 527 4048 me
567 3979 785 4047 salute
828 3988 978 4063 peto
1022 3986 1100 4044 ut
1145 3975 1508 4044 reddendas
1552 3997 1759 4043 cures.

334 4547 713 4618 insufflando,
761 4549 862 4618 que·
913 4546 1027 4628 Gal.
1076 4549 1217 4618 Auo.
1276 4548 1499 4603 matut·
1550 4543 1814 4627 Roseus.
1869 4491 2101 4601 dicax?
2136 4544 2296 4612 fuit?

346 4618 548 4675 Verum
579 4619 634 4673 is
673 4618 920 4673 Gesonae
953 4632 1253 4685 mpressus
1269 4634 1383 4674 non
1415 4632 1483 4671 ιε
1500 4615 1775 4670 mamus
1807 4614 2121 4681 afferendus
2154 4621 2291 4671 erat.

337 4687 539 4772 Potius
571 4686 639 4743 de
671 4686 831 4743 novis
863 4689 1086 4742 nunciis
1118 4703 1284 4758 quam
1318 4687 1386 4742 de
1418 4685 1556 4742 labro
1583 4683 1791 4740 edendo
1824 4684 1956 4740 haec
1990 4682 2141 4739 dicta
2175 4699 2287 4741 cre·

542 4824 606 4891 8)
642 4823 994 4894 Dalm-dotas.

2091 437 2255 500 1555
2298 430 2609 502 APBIL.

4239 439 4365 501 574

3296 618 3498 691 8188.

2903 773 3391 844 SULZERUS
3435 774 3866 843 OALVINO.

2578 944 2833 1013 ΒΜ
2890 946 3169 1014 Satanas
3217 946 3475 1031 fabulae
3529 951 3714 1014 actor.
3804 946 3995 1016 Liber
4045 950 4124 1014 de
4166 970 4362 1031 pmc-

2405 1032 2818 1099 awannam
2848 1033 3604 1116 nonnisiapravisim
3900 1085 3916 1099 .
3979 1036 4364 1104 Genauam·

2407 1123 2615 1186 status
2656 1119 2900 1185 dubius.
2982 1118 3261 1185 Exsules
3307 1119 3507 1205 Anyli
3546 1122 3893 1204 exspectati.

2694 1292 2805 1353 (Ex
2841 1292 3179 1361 autographo
3215 1290 3345 1346 Ocd.
3381 1290 3619 1346 Gothani
3652 1289 3772 1345 405.
3808 1290 3903 1345 fol.
3937 1290 4051 1358 82)

2406 1463 2572 1530 Viro
2636 1464 3198 1545 praestantissimo
3254 1462 3341 1528 D.
3399 1460 3639 1528 Ioanni
3703 1461 3984 1530 Oalvino
4047 1464 4360 1533 ecclesiae

2462 1549 2881 1615 Genevensis
2916 1570 2997 1614 an
3005 1549 3195 1613 tistiti
3228 1547 3688 1616 colendissimo
3723 1557 4127 1636 symmystae
4162 1573 4299 1619 suo.

2578 1718 2651 1787 S.
2717 1721 2822 1786 De
2865 1728 3108 1787 eventu
3163 1719 3540 1806 tragoediae
3593 1720 3768 1805 apud
3810 1719 4136 1789 Bernates
4177 1743 4361 1791 meos

2403 1806 2730 1874 excitatae
2786 1803 2907 1872 tibi
2946 1804 3278 1873 nihildum
3322 1808 3629 1892 cognovi:
3689 1815 3999 1891 exspecto
4054 1818 4275 1875 tamen
4304 1819 4360 1876 'a

2402 1893 2490 1961 D.
2536 1891 2832 1961 Maxula
2875 1902 3124 1960 certam
3177 1894 3727 1979 significationem
3779 1895 3852 1959 in
3905 1892 4122 1974 horas,
4178 1906 4249 1960 et
4292 1904 4360 1962 te

2404 1998 2658 2063 quoque
2698 1998 2934 2063 precor
2965 1990 3042 2044 ut
3070 1981 3217 2063 quis
3251 1980 3338 2044 sit
3372 2000 3549 2047 nunc
3583 1979 4026 2060 ecclesiarum,
4069 1979 4193 2046 hoc
4237 1989 4356 2060 est,

2403 2074 2557 2132 tuae
2599 2073 2667 2130 et
2722 2067 3094 2132 vicinarum
3147 2074 3359 2132 status
3411 2065 3683 2133 edoceas
3724 2086 3850 2145 me,
3908 2086 3987 2132 eo
4028 2067 4202 2149 quod
4246 2089 4357 2133 ru-

2404 2171 2622 2218 mores
2675 2151 3068 2235 inauspicati
3125 2151 3239 2219 sed
3304 2173 3573 2237 prorsus
3630 2152 3863 2218 incerti
3929 2160 4357 2236 sparguntur,

2405 2247 2476 2303 et
2516 2257 2827 2321 operosus
2870 2244 2971 2303 est
3014 2237 3203 2304 valde
3244 2236 3530 2304 Satanas
3580 2238 3654 2303 in
3698 2236 4130 2305 convellenda
4169 2247 4355 2305 tran-

2405 2322 2730 2407 quillitate
2782 2326 3197 2408 puritateque
3242 2322 3596 2405 doctrinae,
3652 2324 3840 2391 cuius
3884 2345 4002 2390 nos
4057 2324 4355 2391 animad-

2405 2418 2745 2476 vertamus
2801 2411 3078 2475 astutias
3136 2417 3203 2476 et
3256 2410 3641 2476 resistamus
3700 2411 3770 2475 in
3828 2408 3956 2475 fide
4016 2413 4155 2476 eius
4212 2431 4355 2476 ma-

2404 2494 2859 2561 chinamentis.

2573 2582 2861 2648 Miratus
2914 2602 3062 2648 sum
3109 2604 3150 2649 a
3205 2581 3409 2649 semel
3466 2583 3834 2667 iterumque
3891 2580 4060 2648 lecto
4118 2592 4229 2646 tuo
4271 2581 4355 2647 de

2403 2667 2999 2751 praedestinatione
3040 2666 3124 2734 ad
3172 2666 3474 2754 Piyhium
3516 2668 3775 2753 scripto,
3833 2687 3984 2733 mea
4025 2667 4355 2733 sententia

2401 2752 2607 2819 solido
2651 2765 2718 2819 et
2772 2755 3114 2821 sinceriter
3163 2754 3272 2838 pio
3286 2806 3303 2832 ,
3363 2774 3755 2838 quemquam
3812 2752 3965 2818 inde
4017 2764 4245 2820 contra
4286 2764 4354 2820 te

2400 2841 2688 2923 potuisse
2742 2840 3009 2906 irritari.
3096 2839 3232 2906 Sed
3276 2840 3431 2923 quid
3474 2860 3609 2905 non
3650 2850 3868 2924 potest
3922 2859 4164 2923 pravus
4209 2840 4355 2903 ani-

2400 2946 2548 2991 mus
2570 2947 2688 3009 per
2719 2925 2987 3011 linguae
3017 2925 3453 3010 petulantiam
3488 2936 3555 2991 et
3573 2926 3986 2992 veneficium.
4045 2927 4141 2991 At
4176 2926 4354 2991 enim

2398 3012 2726 3078 Dominus
2782 3022 2883 3079 est
2925 3022 2995 3079 et
3051 3012 3203 3079 huic
3256 3011 3432 3077 malo
3490 3011 3855 3077 remedium
3918 3011 4352 3090 adhibiturus,

2397 3120 2593 3183 quem
2637 3100 2809 3166 votis
2866 3098 3268 3186 supplicibus
3313 3120 3432 3183 pro
3488 3097 3795 3167 ecclesiae
3847 3119 4004 3165 suae
4044 3120 4204 3185 pace
4247 3100 4352 3163 in-

2399 3186 2823 3269 terpellcmus
2866 3205 3112 3252 omnes.
3343 3240 3352 3250 .
4178 3213 4183 3219 ·

2572 3272 2973 3338 Germaniae
3026 3281 3237 3338 status
3279 3271 3473 3338 valde
3517 3270 3753 3336 dubius
3797 3279 3915 3351 est,
3946 3275 3997 3348 ¹)
4039 3270 4195 3335 hinc
4240 3291 4352 3335 ur-

2398 3367 2594 3442 gente
2617 3358 3023 3425 Fordinando
3065 3378 3215 3423 cum
3251 3360 3388 3423 suis
3432 3358 3781 3442 pontificiis
3824 3359 4185 3442 speciosam
4230 3357 4350 3421 ali-

2398 3465 2595 3528 quam
2644 3445 2980 3530 religionis
3035 3443 3603 3524 deformationem,
3663 3444 3847 3509 illinc
3892 3465 4047 3512 vero
4104 3445 4352 3529 princi-

2395 3530 2591 3616 pibus
2644 3530 3288 3617 Brandenburgensi,
3352 3531 3719 3609 Saxonicis,
3777 3530 4096 3609 Hassicis,
4156 3531 4353 3596 Pala-

2397 3617 2559 3683 tinis
2613 3628 2683 3683 et
2723 3616 3305 3703 Virtembergense
3357 3638 3509 3685 oum
3548 3617 4027 3702 Argentinensi
4079 3616 4352 3684 civitate

2396 3703 2856 3789 profitentibus
2921 3703 3211 3789 ingenue
3227 3753 3247 3783 ,
3326 3702 3722 3771 confessioni
3786 3705 3893 3770 Au
4019 3709 4215 3769 tanae
4281 3726 4353 3771 se

2396 3809 2516 3873 pro
2557 3810 2741 3855 mere
2795 3799 3107 3871 staturos,
3162 3808 3374 3874 neque
3433 3789 3637 3856 ullam
3693 3792 3761 3855 in
3816 3790 3896 3856 de
3927 3790 4354 3858 'berationem

2396 3895 2828 3942 consensuros
2893 3876 2976 3941 de
3038 3876 3532 3961 quibuscunque
3596 3878 3840 3960 pactis,
3907 3877 4037 3942 nisi
4100 3884 4349 3943 certam

2394 3961 2684 4029 habeant
2738 3963 2811 4026 in
2854 3982 2931 4027 ea
2976 3981 3173 4045 quam
3219 3961 3357 4029 dixi
3404 3963 3810 4028 confessione
3866 3962 4233 4028 libertatem
4281 3975 4350 4029 et

2395 4069 2642 4132 pacem.
2713 4048 2803 4114 Et
2846 4055 3002 4114 sunt
3043 4049 3172 4113 iam
3220 4048 3508 4115 secundo
3543 4049 3757 4114 soluta
3791 4049 4075 4129 comitia,
4110 4071 4347 4115 verum

2394 4142 2473 4198 ut
2525 4135 2713 4200 aiunt
2763 4132 2977 4199 denuo
3027 4134 3407 4219 colligenda.
3498 4134 3872 4201 Cardinalis
3917 4138 4347 4218 Augustanus

2395 4241 2545 4285 cum
2598 4220 2815 4306 legato
2871 4222 3206 4304 pontificio
3261 4243 3379 4306 per
3433 4243 3634 4305 equos
3678 4221 4020 4306 dispositos
4062 4221 4346 4286 Romam

2393 4316 2705 4391 properat
2746 4304 2830 4370 ad
2874 4305 3230 4372 creandum
3274 4307 3504 4372 Iovem
3549 4307 3769 4373 alium.
3797 4311 3856 4385 ⁴²)

2565 4392 2701 4459 Pro
2739 4392 2967 4476 Anglis
3010 4393 3351 4460 exsulibus
3381 4396 3434 4474 8)
3481 4394 3654 4478 apud
3699 4403 3997 4460 senatum
4043 4411 4342 4459 nostrum

2393 4682 2573 4738 2188.
2612 4681 2674 4751 1)
2711 4684 2991 4753 Ayebatur
3044 4692 3175 4739 tunc
3228 4693 3331 4740 ten·
3371 4688 3487 4741 orie
3538 4687 3605 4741 de
3652 4701 3789 4755 pace
3838 4684 3987 4755 reliq.
4032 4684 4193 4740 Steid.
4242 4685 4341 4740 111.

2392 4750 2513 4816 513,
2553 4750 2960 4809 Rankcdtsch.
2996 4751 3119 4820 Bes.
3158 4753 3219 4807 V.
3254 4702 3423 4808 283⁸
3495 4794 3507 4807 .

2597 4819 2660 4889 2)
2698 4820 2921 4877 obierat
2969 4821 3077 4878 lul.
3114 4823 3215 4877 111.
3260 4821 3347 4877 24.
3399 4772 3570 4878 fflrt.
3619 4821 3771 4876 1555.
3857 4823 4095 4878 Veterno
4143 4824 4343 4876 dicitur

2391 4891 2687 4946 interiisse.
2759 4890 2916 4946 Card.
2953 4890 3209 4946 Moronus
3244 4899 3468 4961 accepto
3502 4891 3617 4945 eins
3663 4895 3745 4946 rei
3792 4893 3985 4946 nuncio
4022 4892 4207 4945 Martii
4254 4892 4342 4945 die

2580 4975 2671 5014 ma
2716 4975 2904 5014 rursus
2937 4960 3089 5015 illinc
3143 4960 3374 5016 discedit
3418 4967 3476 5016 et
3520 4978 3627 5014 una
3667 4978 3787 5015 cum
3831 4961 3977 5016 card.
4023 4962 4343 5031 August-ano

2506 5029 2684 5083 cossio
2719 5027 2948 5083 Romam
2971 5030 3252 5085 electionis
3286 5047 3447 5084 causa
3468 5030 3765 5084 contendit.
3816 5030 3920 5097 Qui
3942 5028 4148 5085 Romae
4183 5037 4344 5085 erant

2391 5097 2695 5153 cardinales
2728 5115 2836 5152 non
2872 5114 2967 5153 exs
3127 5099 3201 5152 tis
3245 5098 3366 5153 aliis
3410 5101 3786 5154 accelerabant
3836 5107 3895 5153 et
3942 5099 3993 5153 d.
4040 5099 4089 5153 9.
4137 5099 4183 5152 Α
4225 5100 4345 5154 rili·

2391 5167 2948 5298 Ἦιωωᾶῗῃιιῃοίαυι
3039 5169 3295 5223 arcellam
3331 5169 3447 5225 eius
3482 5169 3714 5224 nominis
3747 5169 4062 5226 secundum.
4148 5171 4167 5237 (
4216 5167 4341 5224 teia.

2484 5274 2500 5291 ·
2598 5303 2660 5370 3)
2698 5303 2911 5375 δῆγμα,
2951 5303 3174 5361 Oranus.
3202 5307 3430 5375 passim.
3501 5304 3657 5378 They
3713 5306 3799 5363 tlte
3835 5309 4029 5375 emko)
4066 5328 4209 5367 were
4258 5331 4339 5367 re-

2393 5372 2582 5427 ceived
2619 5372 2753 5428 with
2788 5374 2948 5428 much
2981 5374 3242 5430 kindness
3277 5374 3385 5430 aud
3421 5374 3529 5430 had
3561 5375 3659 5430 the
3713 5377 3895 5449 iberty
3929 5378 3993 5433 of
4027 5381 4171 5436 their
4216 5383 4339 5436 reli-
