4850 6200
357 411 472 475 49⁷

356 596 483 662 fore
523 593 685 659 mihi
744 594 1081 679 antiquius
1134 614 1330 679 quam
1396 601 1473 661 ut
1537 593 1710 660 istuc
1775 612 1880 659 me
1946 593 2295 674 conseram,

358 682 461 748 ubi
518 688 737 747 tecum
789 681 1167 766 cumprimis
1213 688 1280 746 et
1331 701 1478 746 cum
1537 679 1791 746 civibus
1833 679 1997 745 meis
2135 679 2294 746 ssim

396 765 666 852 uidquid
710 767 886 834 vitae
927 782 1226 851 superest
1267 766 1540 834 Christo
1593 766 1840 832 vivere.
1947 764 2010 828 V
2078 786 2134 843 e,
2192 766 2299 831 vir

356 789 478 919 bei
519 862 720 938 atque
760 852 923 919 mihi
943 853 1245 936 pluribus
1279 852 1653 919 nominibus
1684 850 2292 919 observandissime.

579 941 593 954 ’
686 991 703 1018 ,
776 937 1114 1005 Βῖοἰᾱακυσ
1190 949 1258 1004 et
1323 936 1620 1005 Zanohus
1693 936 2163 1004 officiosioeime
2227 947 2295 1003 te

355 1025 657 1091 salutant.
748 1029 805 1090 8.
853 1024 1082 1090 Martii
1134 1030 1294 1090 1555
1343 1023 1764 1108 Argentinae.

1223 1828 1409 1899 2142

839 1999 1322 2070 TOSSANUS
1367 1998 1802 2067 OALVINO.

528 2176 818 2241 Minisbri
870 2175 1019 2240 olim
1071 2174 1329 2239 dimissi
1393 2174 1525 2237 iam
1588 2176 1978 2238 revertuntur
2045 2177 2100 2237 et
2153 2171 2297 2238 bene

352 2265 768 2347 excipiunw.
861 2260 1022 2326 Sunt
1062 2264 1267 2325 tamen
1307 2258 1588 2323 nonnulli
1628 2259 1706 2324 de
1755 2277 2018 2339 quorum
2061 2257 2294 2323 calum-

351 2345 1829 2432 aiisquerendiloaoeaooeasionondeficit.

676 2521 786 2584 (Ex
824 2517 1159 2588 autographo
1195 2517 1325 2571 Cod.
1362 2516 1523 2571 Goth.
1558 2514 1678 2582 404.
1714 2517 1807 2573 fol.
1845 2515 1991 2584 759.)

526 2691 908 2757 Clarissimo
957 2690 1094 2754 viro
1140 2690 1223 2755 D.
1269 2689 1505 2754 Ioanni
1552 2685 1828 2754 Calvino
1872 2686 2133 2753 domino
2176 2707 2298 2753 sno

346 2790 412 2845 et
459 2779 648 2843 fratri
691 2775 1165 2843 colendissimo,

1794 2876 2123 2943 Genevae.

521 3053 593 3118 S.
662 3046 1136 3117 Colendissime
1183 3050 1304 3116 vir.
1409 3046 1618 3114 Satan
1663 3070 1702 3112 a
1745 3049 2136 3132 sesquianno
2195 3049 2300 3115 vel

348 3138 615 3205 biennio
661 3159 783 3203 nos
824 3137 933 3202 hio
978 3137 1216 3202 mirum
1261 3138 1331 3200 in
1379 3135 1644 3200 modum
1689 3133 2021 3213 cribravit,
2074 3143 2139 3199 et
2184 3157 2300 3200 ne-

345 3225 670 3291 cessarius
714 3232 860 3289 erat
901 3244 1092 3288 casus
1115 3224 1350 3305 aliquis
1394 3221 1475 3287 ad
1507 3241 1627 3285 nos
1673 3221 1738 3284 in
1784 3242 1942 3303 pace
1978 3231 2045 3285 et
2087 3221 2300 3286 officio

346 3308 741 3376 retinendos.
841 3309 1114 3374 Fratres
1156 3309 1406 3373 dimissi
1431 3311 1480 3386 ¹)
1527 3306 1659 3373 huc
1712 3307 1963 3372 reversi
2021 3307 2300 3391 benigne

345 3418 386 3462 a
427 3417 496 3461 m
591 3397 603 3409 ’
646 3405 824 3459 tratu
866 3395 1071 3461 auditi
1114 3405 1287 3470 sunt,
1332 3415 1450 3459 neo
1486 3391 1565 3457 de
1609 3393 1904 3476 principe
1940 3393 2131 3469 (scio)
2178 3414 2298 3459 nec

345 3480 426 3547 de
471 3417 660 3546 affl
705 3489 1209 3564 conqueruntur,
1256 3489 1333 3545 ut
1377 3500 1484 3545 eos
1528 3481 1851 3562 princeps,
1895 3492 1962 3543 et
2004 3499 2123 3544 nos
2165 3499 2294 3543 om·

344 3589 480 3644 nes,
527 3587 917 3650 quocunque
959 3568 1416 3649 pervenerint,
1459 3566 1682 3631 favore
1727 3575 1795 3628 et
1847 3565 2298 3630 benevolentia

345 3655 564 3736 excipi
611 3676 694 3718 ex
739 3652 958 3718 animo
1001 3653 1320 3735 cupimus.
1411 3651 1516 3716 Ad
1557 3651 1718 3716 haec
1754 3649 1945 3716 audio
1980 3650 2298 3733 quosdam

343 3739 507 3805 alios
551 3761 672 3822 per
707 3738 1012 3804 ecclesias
1056 3740 1435 3803 oberrantes
1479 3758 1597 3803 nos
1640 3749 1705 3801 et
1763 3736 2102 3803 ecclesiam
2145 3757 2297 3802 nos-

346 3837 520 3892 tram
567 3825 926 3890 diffamare.
1028 3824 1329 3905 Quorum
1383 3823 1569 3899 alter,
1622 3822 1913 3887 offensus
1960 3820 2130 3904 quod
2192 3822 2298 3888 hic

345 3932 483 3977 non
527 3910 939 3989 eveheretur,
984 3911 1220 3977 Iacobo
1260 3909 1604 3978 Creusam&
1643 3910 1962 3983 ministro,
2008 3907 2117 3990 pio
2141 3928 2298 3972 sene

344 3996 477 4065 huc
523 3996 713 4062 nobis
755 3997 912 4061 olim
961 3997 1330 4080 Argentina
1383 4016 1533 4061 cum
1590 3994 2050 4060 honestissimo
2111 3993 2297 4059 testi-

346 4084 572 4149 monio
609 4084 727 4148 abs
771 4090 836 4148 te
879 4085 1104 4160 misse,
1147 4082 1341 4147 malis
1383 4081 1632 4145 artibus
1675 4081 1744 4144 in
1789 4078 2298 4162 disputationem

347 4176 680 4252 pertracto
725 4178 790 4233 et
810 4179 1130 4244 accusato,
1175 4168 1576 4234 occasionem
1609 4167 1781 4249 cepit
1821 4186 1942 4231 nos
1985 4166 2158 4231 inter
2180 4186 2300 4231 nos

345 4252 802 4321 committendi
870 4277 947 4322 ac
1013 4251 1317 4320 turbandi
1384 4253 1554 4318 hauc
1627 4251 1986 4318 ecclesiam.
2109 4252 2300 4317 Alter

344 4363 523 4420 vero,
568 4342 787 4406 nescio
830 4361 959 4424 qua
1003 4339 1085 4406 de
1126 4359 1341 4414 causa,
1393 4359 1596 4421 quum
1649 4339 1773 4402 sim
1831 4358 1985 4403 eum
2042 4357 2300 4420 semper

341 4429 528 4493 omni
571 4428 787 4492 officio
823 4447 898 4494 ac
934 4427 1344 4492 humanitate
1367 4434 1820 4508 prosequutus.
1879 4422 2014 4489 Sed
2036 4422 2300 4489 obsecro

341 4522 417 4577 te
483 4535 601 4596 per
666 4510 1026 4579 Dominum
1090 4511 1334 4589 Iesum,
1399 4510 1853 4576 colendissimo
1918 4509 2151 4585 frater,
2219 4530 2300 4574 ne

343 4598 503 4665 ullis
545 4597 731 4664 falsis
772 4596 1204 4665 delationibus
1237 4598 1317 4663 ab
1360 4617 1437 4662 eo
1473 4596 1775 4662 alieneris
1856 4596 1924 4660 ui
1971 4603 2036 4659 te
2079 4615 2300 4660 amore

343 4705 607 4750 nummo
663 4705 740 4750 ao
795 4683 1219 4751 veneratione
1273 4683 1703 4782 prosequitur.
1871 4682 2074 4763 ptime
2132 4681 2295 4746 vale.

342 4770 887 4855 Honbelgardiae
939 4776 1032 4836 10.
1079 4769 1306 4837 Martii
1359 4774 1536 4834 1555.

347 4948 418 4954 -.--
461 4948 482 4953 s
509 4947 614 4954 *00-
627 4946 724 4952 .—.——

343 5061 534 5118 ⁸¹⁴⁸'
555 5064 621 5196 i}
656 5061 749 5185 ²132
767 5059 1076 5198 when
1112 5128 1261 5184 wc
1295 5128 1612 5183 mandor
1651 5125 1726 5180 N.
1763 5125 1915 5180 ωε.
1988 5126 2101 5182 Ηεο
2134 5141 2296 5183 sem

566 5209 660 5255 mr
705 5205 757 5255 et
799 5201 870 5255 ab
915 5200 1037 5266 ipso
1078 5196 1307 5253 Galo-'m
1354 5198 1493 5263 (eius
1604 5194 1940 5265 acceptorem
1985 5196 2112 5250 olim
2158 5212 2295 5251 oom-

341 5271 651 5324 mdam.
724 5268 1004 5324 cmm
1049 5267 1138 5322 6110
1181 5282 1337 5338 quem
1381 5266 1469 5321 Mo
1557 5279 1792 5320 oceanus
1824 5269 1979 5319 notat
2020 5266 2140 5335 ipos
2176 5264 2296 5319 Ale·

339 5338 565 5394 eander
594 5339 770 5404 finisse
799 5337 1031 5392 videtur.

557 5423 775 5478 odoini
801 5437 983 5493 opera.
1066 5422 1180 5477 Vol.
1216 5419 1270 5474 X
1287 5421 1345 5476 V.

2135 407 2295 469 1555
2340 403 2623 477 MART.

2574 593 2809 661 Saluta
2892 595 3090 677 mihi,
3171 596 3469 676 obsecro,
3546 620 3734 671 reve·

2399 689 2627 748 tenter
2668 690 3068 767 symmystas
3122 690 3271 751 tuos
3315 683 3613 753 dominos
3669 693 3737 752 et

2398 767 2635 833 fratres
2678 766 2845 833 mihi
2890 769 2957 833 in
2995 768 3263 836 Christo
3307 769 3738 853 venerandos,

2398 873 2677 936 quorum
2734 854 2983 921 sanctis
3040 854 3373 938 precibus,
3429 855 3543 921 sed
3603 858 3736 924 tuis

2399 939 2735 1039 inprimis,
2802 960 2909 1005 me
2988 939 3516 1007 commendatum
3595 963 3737 1010 esse

2397 1045 2606 1108 euplo·
3613 1112 3792 1181 Tuus
3833 1134 3918 1179 ex
3961 1117 4181 1183 animo

3667 1215 3741 1281 P.
3788 1216 4140 1285 Tossanus.

3168 1543 3587 1557 ——ffl

3277 1795 3474 1869 2144.

2587 1948 2760 2015 ΒΕΘ
2806 1949 3564 2021 AMBASSADEURS
3610 1950 3737 2017 nn
3784 1938 4168 2021 GnNnvn

3131 2053 3257 2119 ΑΗ
3294 2038 3617 2120 SENAT.

2577 2223 2683 2289 Ils
2705 2224 3040 2307 informent
3056 2223 3112 2288 le
3140 2222 3385 2292 Gonseiz
3419 2247 3537 2308 que
3571 2226 3710 2293 leur
3736 2229 4047 2309 premiere
4069 2236 4361 2298 entrevue

2401 2329 2548 2375 avec
2590 2308 2856 2394 l'avoyer
2899 2310 2976 2375 de
3020 2308 3230 2375 Berne
3272 2310 3379 2376 n’a
3411 2332 3542 2393 pas
3583 2334 3661 2377 eu
3702 2314 3777 2378 cle
3817 2313 4099 2381 resultat.
4131 2316 4178 2401 ι)

2402 2480 2691 2545 (At-chive·
2726 2481 2794 2534 do
2829 2478 3060 2534 Geneve.
3115 2480 3301 2534 Piecen
3338 2480 3528 2534 histori
3572 2498 3685 2537 nes.
3720 2483 3788 2536 N.
3828 2482 3976 2538 1567.
4023 2485 4191 2555 Oopie
4227 2504 4361 2542 oon·

3187 2551 3540 2619 tempor-aine.

2576 2723 2731 2786 Aux
2798 2722 3229 2804 magnifiques
3310 2724 3641 2805 puissantz
3720 2735 3788 2789 et
3861 2745 4028 2792 nous
4106 2734 4355 2794 tresre-

2403 2804 2625 2872 doctes
2660 2805 3017 2891 Seigneurs
3052 2806 3408 2873 Messicurs
3440 2807 3537 2873 les
3572 2807 3963 2893 Scindiques
3997 2821 4065 2876 et
4106 2814 4356 2879 conseil

2404 2892 2486 2957 de
2530 2893 2817 2958 Geneve.

3778 2983 3840 3047 A
3883 2982 4176 3049 Geneve.

2578 3151 3022 3234 Magnifiques
3098 3153 3435 3235 puissantz
3513 3161 3581 3217 et
3665 3174 3832 3218 nous
3921 3155 4357 3223 tresredoctes

2405 3234 2766 3321 Seigneurs
2844 3246 2990 3302 tant
3070 3238 3522 3302 humblement
3591 3260 3715 3321 que
3780 3239 3941 3305 faire
4010 3262 4176 3306 nous
4254 3253 4357 3309 est

2405 3322 2689 3406 possible
2733 3345 2773 3387 a
2816 3344 2981 3389 vous
3021 3322 3267 3389 bonnes
3313 3345 3536 3404 graces
3580 3345 3747 3390 nous
3792 3325 4353 3394 recommandons.

2575 3409 3015 3492 Magnifiques
3059 3407 3419 3493 Seigneurs
3464 3431 3628 3475 nous
3675 3431 3839 3477 vous
3882 3412 4151 3495 faysons
4210 3435 4353 3480 sca·

2402 3495 2551 3559 voir
2586 3515 2710 3577 que
2754 3493 3232 3577 auljourdhuitz
3278 3516 3483 3561 avons
3529 3504 3698 3561 estes
3743 3518 3825 3563 ou
3876 3519 3907 3563 s
3963 3518 4046 3562 en
4104 3499 4353 3565 conseil

2403 3588 2470 3645 et
2514 3600 2717 3645 avons
2760 3599 3036 3664 propose
3071 3583 3261 3663 juxte
3306 3590 3526 3648 nostre
3562 3581 3802 3666 charge
3863 3604 3932 3648 es
3967 3583 4225 3649 affaires
4272 3582 4353 3650 de

2402 3664 2693 3750 lesglise:
2739 3686 2877 3731 mes
2923 3686 3115 3750 apres
3173 3666 3358 3731 diner
3416 3688 3586 3731 nous
3642 3688 3682 3730 a
3725 3677 3864 3734 este
3918 3668 4154 3733 baillec
4213 3692 4353 3736 res-

2402 3772 2605 3835 poncc
2665 3770 2783 3834 par
2826 3751 3060 3817 Monsr
3118 3751 3445 3816 Ladvoier
3501 3752 3734 3817 Mousr
3792 3753 4126 3837 Neyyuille
4143 3757 4202 3831 2)
4270 3755 4354 3822 de

2404 3859 2569 3903 nous
2625 3857 2707 3901 en
2765 3845 3061 3902 retorner
3114 3859 3232 3902 san
3302 3837 3672 3903 conclution
3731 3839 3918 3904 sinon
3989 3860 4115 3922 que
4174 3842 4352 3908 Mes-

2403 3926 2742 4008 seigneurs
2802 3933 3072 4008 estoyen
3126 3924 3294 4005 petit
3348 3925 3618 3988 nombre
3689 3933 3758 3989 et
3814 3946 3940 4008 que
3994 3925 4057 3990 la
4112 3927 4355 3993 chouse

2404 4009 2598 4074 estoit
2640 4017 2912 4091 pesante
2956 4018 3025 4073 et
3068 4029 3195 4091 que
3239 4018 3442 4092 quant
3485 4010 3580 4074 les
3616 4009 3975 4095 Seigneurs
4012 4019 4357 4097 sceroyent

2403 4115 2613 4161 venus
2657 4095 2767 4158 lon
2814 4115 2976 4160 vous
3011 4096 3421 4180 rescriproyt.
3505 4095 3605 4161 Or
3641 4096 3936 4163 redoctes
3972 4096 4352 4182 Seigneurs,

2405 4181 2587 4247 avoir
2623 4201 2788 4265 ouys
2831 4178 3001 4246 dicte
3046 4202 3353 4263 responce
3409 4190 3475 4246 et
3529 4182 3949 4248 considerant
3991 4184 4056 4249 la
4109 4183 4352 4269 charge

2403 4287 2525 4351 par
2568 4288 2728 4332 vous
2774 4287 2814 4331 a
2856 4288 3019 4332 nous
3065 4266 3319 4332 donnee
3377 4289 3459 4332 ne
3501 4288 3668 4332 nous
3712 4289 3993 4334 sommes
4037 4290 4152 4334 seu
4195 4291 4353 4336 con-

2404 4362 2645 4430 tenter,
2705 4374 2846 4418 mes
2897 4373 3106 4418 avons
3164 4354 3381 4437 requis
3441 4352 3640 4417 ledict
3698 4351 4028 4437 Seigneur
4084 4353 4357 4420 advoier

2405 4459 2571 4505 nous
2617 4458 2783 4524 ouyr
2826 4459 2865 4503 a
2908 4438 3188 4504 demein.
3291 4440 3544 4522 Loquel
3603 4438 3739 4506 dict
3793 4448 4012 4505 nostre
4068 4440 4356 4523 possible

2394 4526 2669 4609 jusques
2736 4546 2774 4588 a
2804 4573 2809 4580 .
2842 4524 3157 4590 mercredi
3181 4529 3232 4608 8)
3300 4545 3372 4589 ce
3453 4547 3579 4608 que
3651 4545 3819 4590 nous
3896 4532 4161 4591 trouver
4222 4528 4352 4593 bon

2402 4781 2589 4836 2144.
2615 4781 2671 4847 1)
2710 4781 2797 4835 Ila
2827 4780 3029 4835 §taient
3058 4782 3241 4849 partis
3275 4782 3340 4835 de
3363 4781 3575 4836 Genhve
3611 4782 3659 4835 le
3690 4780 3725 4835 6
3760 4787 3810 4835 et
3844 4782 4149 4837 arrives-ent
4182 4785 4231 4836 le
4267 4783 4352 4837 10.

2400 4853 2439 4906 ὰ
2474 4850 2668 4904 Berua.
2744 4848 2839 4903 En
2872 4849 3039 4904 meme
3070 4856 3241 4918 temps
3275 4852 3581 4905 affluerent
3620 4851 3768 4905 Vivet
3803 4857 3855 4906 et
3886 4849 4034 4904 Jean
4070 4851 4136 4906 do
4182 4852 4357 4906 Tour-

2398 4915 3037 5043 ”fflffifffflm
3086 4918 3275 5042 2¹⁸..ss
3313 4920 3960 5055 {ffffissfflssffw
3986 4919 4059 5044 «ιέ
4064 4921 4160 5044 '³1⁶⁶'
4177 4923 4357 5048 “ive-‘¹⁶

3682 5030 3695 5041 .
3917 5028 3931 5043 .
4294 5008 4356 5046 π.

2406 5055 2589 5125 Gomp.
2612 5084 2673 5106 -,-
2698 5055 2855 5120 Has,
2892 5056 2983 5109 Bu
3024 5096 3040 5111 .
3074 5056 3145 5111 11.
3177 5055 3297 5111 248.
3372 5056 3553 5125 Gomp.
3589 5059 3748 5111 aussi
3778 5059 3835 5113 la
3939 5065 4019 5112 ere
4053 5058 4121 5113 de
4154 5059 4356 5115 Hauc?

2403 5125 2480 5180 N.
2514 5123 2655 5178 2184
2688 5123 2766 5179 du
2802 5123 2883 5178 15.
2919 5124 3120 5192 Ans-2⁸1.)

2606 5193 2662 5262 2)
2699 5191 2845 5248 «ἶσαι
2895 5192 3172 5262 franceis
3217 5192 3451 5262 Naeqoli
3569 5195 3596 5248 i
3652 5193 3787 5249 &tait
3835 5192 4187 5251 &vianne-ot
4238 5197 4358 5252 nal

2398 5259 2690 5397 disponis?
2699 5261 2931 5385 ιῑὲέρῖἦά
2963 5263 3030 5317 de
3068 5262 3278 5328 Calvia,
3324 5269 3372 5315 et
3406 5278 3492 5317 vm
3569 5264 3615 5317 it
3658 5265 3735 5317 les
3776 5279 4008 5333 envoyer
4047 5280 4363 5332 protum.

2769 5372 2781 5384 .
2888 5346 3002 5387 an.

3876 5415 3944 5470 32
