4850 6200
505 440 586 505 39
986 429 994 438 “
1996 433 2522 502 EPISTOLAE
2575 439 2985 501 1909-1911
4419 438 4502 499 40

500 627 831 713 'Pigurum
851 632 1047 711 petat,
1093 626 1309 703 libere,
1347 632 1422 691 ut
1466 644 1672 709 spero,
1718 625 1841 690 tibi
1876 632 2175 709 exponet.
2244 623 2458 688 Aiunt

509 715 755 796 ipsum,
834 713 955 778 sub
1028 715 1206 797 Rege
1269 711 1578 777 Eduardo
1656 710 1911 776 fidelem
1990 720 2454 791 strenuamque

508 818 768 881 operam
805 799 885 863 ab
921 820 997 864 eo
1018 804 1072 877 ²)
1117 808 1427 863 navatam
1463 817 1621 871 esse,
1667 819 1866 880 quum
1904 797 2171 862 docendi
2209 816 2454 860 munus

500 884 728 949 obiret.
818 884 988 950 Mihi
1055 904 1188 947 non
1246 883 1509 949 vacavit
1549 903 1700 948 eum
1772 893 1846 947 ut
1897 892 2217 966 optassem
2277 882 2454 945 exci-

506 990 674 1052 pere.
746 970 995 1034 Verum
1019 966 1192 1051 quod
1214 988 1391 1033 nunc
1435 968 1647 1035 officio
1668 989 1812 1033 meo
1858 968 2080 1047 defuit,
2125 970 2195 1031 in
2235 965 2452 1030 reditu

486 1056 837 1121 ·sarcietur.
910 1055 1257 1120 Fratribus
1281 1054 1528 1137 Anglis,
1569 1055 1682 1134 qui
1719 1055 1866 1118 istic
1908 1053 2212 1119 habitant
2247 1053 2452 1134 pluri-

506 1162 679 1205 mam
725 1142 991 1205 nomine
1014 1160 1159 1205 meo
1185 1141 1464 1206 salutem
1495 1139 1689 1216 dices,
1731 1140 2055 1222 simulque
2085 1138 2449 1218 nunciabis,

504 1227 716 1291 nullas
763 1225 841 1290 de
885 1227 1161 1309 pecunia
1203 1227 1428 1291 literas
1467 1225 1629 1289 mihi
1676 1226 1878 1290 fuisse
1921 1226 2225 1290 redditae.
2305 1224 2451 1289 Imo

506 1311 660 1394 quid
702 1311 824 1377 hoc
866 1320 1039 1378 esset
1076 1312 1321 1396 negotii
1376 1310 1458 1375 ad
1514 1312 1690 1376 hunc
1733 1332 1941 1394 usque
1986 1311 2156 1377 diem
2202 1332 2308 1374 me
2352 1310 2448 1373 la-

504 1398 645 1462 tuit.
734 1396 1040 1463 Absurde
1094 1405 1161 1463 et
1216 1398 1663 1462 inhumaniter
1723 1397 1858 1480 egit
1910 1397 2163 1462 Nicolai
2222 1395 2450 1460 Feraei

505 1483 699 1562 filius,
760 1484 931 1566 quod
973 1484 1132 1549 istac
1176 1485 1501 1548 transiens
1546 1504 1675 1546 non
1732 1504 1842 1548 eos
1886 1482 2117 1547 saltem
2163 1481 2452 1546 reddidit

504 1570 829 1635 certiores.
930 1569 1127 1634 Nunc
1192 1576 1534 1652 postquam
1593 1568 1967 1633 admonitus
2036 1590 2211 1645 sum,
2285 1566 2447 1630 mihi

504 1672 700 1721 curae
745 1656 888 1731 erit,
946 1664 1021 1720 ut
1064 1656 1340 1736 pecunia
1382 1653 1711 1736 extemplo
1766 1665 2169 1719 numeretur.
2258 1652 2447 1731 Vale,

504 1741 745 1823 optime
788 1750 854 1805 et
896 1742 1317 1822 integerrime
1374 1739 1596 1815 frater,
1657 1761 1804 1805 cum
1852 1739 1935 1804 D.
1984 1740 2163 1806 Beza
2205 1748 2445 1817 nostro,

504 1847 727 1904 uxore,
784 1825 1002 1892 filiolis
1061 1834 1126 1891 et
1182 1826 1404 1891 amicis
1464 1826 1781 1890 omnibus.
1880 1828 2204 1891 Dominus
2262 1826 2448 1890 vobis

505 1931 763 1994 semper
797 1911 983 1990 adsit,
1031 1922 1096 1975 et
1138 1932 1255 1977 vos
1292 1913 1627 1996 gubernet.
1697 1911 2012 1977 Genevae
2041 1917 2097 1977 7.
2145 1910 2448 1976 calendas

502 1996 727 2061 Martii
781 2000 1034 2081 15513)

1410 2115 1692 2181 Ioannes
1738 2115 2055 2182 Calvinus
2101 2126 2269 2182 tuus.

1385 2647 1408 2708 1
1423 2645 1565 2715 910.

894 2799 1364 2868 CALVINUS
1409 2802 2043 2869 BULLINGERO.

675 2972 920 3038 Statum
964 2975 1245 3039 ecclesiae
1286 2972 1661 3038 Genevevwis
1702 2974 1981 3057 depinyit
2008 2997 2134 3058 pro
2178 2982 2442 3057 tempore

498 3060 748 3140 quidem
781 3063 1079 3142 pacatum
1124 3078 1336 3124 verum
1380 3061 1717 3124 etimnnum
1753 3061 2149 3140 fluctuantem
2193 3068 2249 3128 et
2281 3082 2441 3145 pro-

496 3145 669 3210 cellis
712 3145 1141 3210 obnubilatum.
1673 3193 1684 3224 a

498 3317 686 3376 (Manu
725 3317 929 3384 scripta
978 3333 1085 3369 non
1131 3323 1324 3369 exstat.
1397 3317 1586 3371 Edidit
1620 3317 1760 3370 Beza
1796 3318 1996 3373 Geuev.
2036 3336 2086 3386 p.
2122 3318 2239 3382 385,
2279 3320 2438 3374 Laus.

496 3402 545 3452 p.
588 3382 702 3448 289,
743 3385 950 3438 Hauon
987 3403 1038 3454 p.
1064 3383 1439 3466 ‘323,.Ohouet
1462 3402 1525 3507 ἓ.
1553 3385 1678 3468 ἰ628,
1718 3388 1886 3440 Amst.
1924 3405 1974 3456 p.
2011 3385 2130 3439 241.
2211 3390 2441 3458 Anglice

972 3456 1169 3523 legitur
1202 3471 1259 3507 111
1297 3454 1424 3507 edit.
1509 3456 1677 3509 hilad.
1715 3454 1808 3509 111.
1848 3455 1958 3520 19.)

671 3624 959 3690 Puderet
1002 3647 1125 3702 me,
1173 3628 1412 3691 eximie
1458 3629 1561 3691 vir
1605 3637 1671 3690 et
1706 3626 1969 3696 colende
2003 3630 2224 3708 frater,
2271 3630 2445 3713 quod

496 3712 627 3775 iam
676 3713 844 3776 binis
889 3715 1019 3778 tuis
1065 3712 1270 3777 literis
1296 3718 1344 3788 ¹)
1391 3712 1555 3777 nihil
1601 3713 2064 3795 responderim,
2120 3717 2247 3780 nisi
2290 3718 2445 3799 quia

498 3799 625 3860 iuit
670 3798 883 3879 aliqua
928 3796 1183 3862 tacendi
1226 3801 1409 3862 ratio,
1502 3799 1820 3863 Nolebam
1858 3801 2032 3864 enim
2076 3801 2202 3865 nisi
2250 3803 2443 3869 rebus

500 3884 872 3964 compositis
916 3885 1301 3961 scribere,²)
1362 3905 1444 3948 ne
1504 3895 1570 3948 te
1629 3887 1985 3950 certamina
2028 3898 2251 3952 nostra
2298 3910 2441 3970 per-

498 3969 763 4050 plexum
810 3981 1001 4050 atque
1046 3972 1317 4034 anxium
1376 3978 1707 4048 tenerent,
1769 3992 1935 4054 quae
1978 3973 2276 4038 molestia
2321 3975 2443 4039 tibi

498 4076 643 4118 cum
690 4054 954 4137 optimis
998 4069 1063 4118 et
1116 4053 1511 4121 fidelissimis
1570 4059 1813 4122 nostris
1868 4058 2178 4123 fratribus
2222 4061 2443 4124 futura

495 4149 635 4203 erat
679 4143 1058 4206 communis.
1148 4142 1241 4206 Et
1282 4140 1556 4207 subinde
1599 4145 1667 4207 in
1711 4153 1899 4208 tanta
1942 4145 2258 4209 varietate
2302 4147 2441 4229 agi-

493 4225 613 4288 tati
660 4246 902 4302 sumus,
952 4236 1024 4291 ut
1069 4226 1291 4292 nullus
1336 4227 1474 4292 dies
1508 4228 1697 4293 nobis
1744 4228 2093 4309 affulserit,
2150 4234 2258 4312 qui
2304 4253 2440 4298 non

494 4333 533 4373 a
577 4313 860 4376 crastino
906 4311 1233 4394 penderet.
1323 4313 1614 4379 Tandem
1673 4315 1804 4381 huc
1864 4327 2136 4380 ventum
2180 4326 2306 4397 est,
2369 4327 2443 4382 ut

492 4399 667 4461 inter
703 4419 772 4463 se
808 4419 1033 4463 omnes
1068 4400 1660 4467 reconciliarentur.
1730 4401 1900 4466 Nam
1924 4413 2189 4467 senatus
2224 4403 2440 4486 palam

496 4484 564 4547 in
620 4484 932 4549 factiones
986 4485 1235 4551 divisus
1292 4499 1460 4551 erat:
1534 4487 1752 4570 sicque
1815 4487 2033 4570 palam
2088 4498 2444 4571 eruperant

494 4569 660 4647 odia,
740 4581 813 4635 ut
871 4571 1148 4654 improbi
1205 4573 1341 4637 suis
1400 4573 1758 4639 cervicibus
1817 4575 2137 4638 sentirent
2191 4576 2442 4640 instare

496 4657 623 4720 Dei
706 4657 1037 4721 ultionem.
1142 4657 1369 4741 Neque
1434 4671 1654 4724 tamen
1719 4658 1906 4725 bonis
1984 4669 2239 4724 tantum
2318 4661 2444 4726 fuit

497 4743 726 4812 animi,
794 4753 871 4805 ut
915 4752 1160 4807 statum
1219 4743 1554 4821 eeclesiae,
1616 4745 1697 4809 de
1740 4765 1867 4828 quo
1906 4755 2041 4809 tam
2087 4747 2257 4811 acris
2301 4757 2443 4812 erat

498 4826 843 4902 dimicatio,
883 4849 1270 4912 componere
1307 4830 1665 4895 studerent.
1736 4832 2017 4896 Tantum
2057 4830 2247 4898 datae
2283 4844 2442 4897 sunt

696 5085 965 5206 1{)ipstun
1002 5129 1013 5139 .
1104 5127 1115 5139 .
1151 5089 1270 5169 ‚pb
1306 5103 1387 5152 60,
1423 5089 1517 5142 cic.

494 5221 666 5276 1⁹10.
694 5158 758 5286 l))
788 5157 1246 5290 When
1279 5172 1462 5212 mmo
1492 5173 1605 5226 qua
1638 5157 1702 5210 de
1737 5172 1907 5211 cauea
1931 5157 1980 5210 9.
2008 5158 2178 5213 Mart.
2212 5160 2438 5215 anthabet.

700 5289 759 5359 2)
797 5290 880 5360 ΟΥ.
921 5292 995 5348 N.
1034 5290 1170 5346 1906
1214 5292 1446 5349 Rvet-at.
1498 5294 1595 5348 VI.
1635 5292 1751 5347 115.
1831 5294 1961 5365 Ray.
2001 5296 2077 5350 du
2104 5295 2321 5351 Gon-sea
2350 5295 2437 5351 27.

488 5358 624 5414 ‚Ian-
659 5362 721 5413 in
756 5361 1066 5416 Annah'bue
1098 5364 1319 5416 nosti-is.

2557 623 2864 689 dexterae
2878 675 2893 703 ,
2949 624 3369 690 iureiurando
3425 625 3829 708 interposite,
3889 645 3974 689 ne
4028 622 4171 707 quis
4225 625 4500 706 posthac

2555 709 2747 774 malis
2790 712 3005 776 causis
3048 711 3316 775 faveret.
3383 714 3604 795 Atque
3648 711 3770 776 hoc
3812 708 4068 792 quidem
4105 709 4504 793 praeiudicio

2555 816 2625 860 se
2667 815 2820 878 pars
2878 797 3158 861 adversa
3191 798 3388 861 tacite
3434 796 3790 862 damnavit.
3887 796 4135 859 Verum
4172 795 4504 878 plausibili

2557 882 2732 963 pacis
2774 882 2985 947 colore
3029 881 3270 947 factum
3328 894 3456 956 est,
3515 892 3590 948 ut
3647 882 3980 967 legitimus
4024 881 4210 957 ordo,
4268 883 4503 948 unicus

2555 968 2733 1048 pacis
2770 978 3004 1043 custos,
3041 969 3384 1053 neglectus
3417 969 3634 1046 fuerit,
3672 970 3781 1034 vel
3806 967 4036 1033 saltem
4073 967 4498 1049 posthabitus.

2556 1054 2699 1136 Ego
2743 1064 3010 1119 vocatus
3051 1055 3122 1118 in
3167 1056 3413 1120 curiam
3459 1056 3791 1137 professus
3849 1074 3991 1117 sum
4051 1073 4156 1116 me
4199 1053 4501 1120 omnibus

2555 1139 2894 1222 ignoscere
2916 1142 3027 1221 qui
3051 1162 3132 1205 ex
3158 1141 3378 1205 animo
3410 1141 3902 1224 resipiscerent:
3924 1158 4030 1202 me
4051 1149 4271 1205 tamen
4292 1161 4501 1205 unum

2555 1225 2880 1289 duntaxat
2920 1246 3060 1291 esse
3115 1246 3197 1290 ex
3253 1226 3660 1292 consistorio:
3722 1226 3966 1293 centies
4024 1226 4227 1308 igitur
4278 1228 4499 1309 potius

2553 1313 2972 1389 moriturum,
3031 1332 3223 1393 quam
3285 1321 3359 1375 ut
3416 1312 3579 1376 mihi
3636 1331 4008 1395 arrogarem
4068 1311 4237 1392 quod
4299 1314 4498 1377 totius

2552 1396 2858 1462 ecclesiae
2901 1418 3244 1462 commune
3287 1406 3444 1462 erat.
3535 1397 3680 1463 Hoc
3725 1419 3763 1463 a
3807 1397 3993 1462 nobis
4038 1398 4163 1461 fuit
4204 1397 4498 1463 animad-

2556 1504 2838 1559 versum,
2864 1482 3182 1548 Satanam
3207 1483 3373 1547 nihil
3417 1485 3628 1567 magis
3673 1504 3908 1567 cupere
3948 1502 4142 1564 quam
4186 1493 4261 1548 ut
4303 1483 4497 1550 rebus

2554 1568 2765 1634 dubiis
2797 1572 2802 1579 ’
2832 1580 2898 1633 et
2961 1570 3296 1651 suspensis
3362 1568 3581 1651 aliqua
3643 1572 3712 1634 in
3788 1577 4116 1653 posterum
4193 1568 4498 1635 turbandi

2551 1656 2804 1720 occasio
2845 1663 3166 1738 suppetat.
3255 1654 3459 1719 Nobis
3504 1664 3720 1720 autem
3781 1658 3848 1720 in
3906 1656 4123 1719 animo
4168 1663 4269 1720 est
4312 1669 4498 1721 ante-

2550 1748 2827 1804 vertere.
2896 1741 3036 1805 Etsi
3085 1750 3301 1806 autem
3346 1743 3598 1806 minore
3632 1744 3800 1807 forte
3845 1739 4257 1807 vehementia
4298 1763 4498 1825 quam

2551 1828 2732 1908 prius
2789 1825 3371 1891 tumultuabuntur
3426 1825 3673 1903 hostes,
3748 1827 3929 1893 brevi
3990 1837 4209 1891 tamen
4267 1849 4497 1895 rursus

2549 1911 2932 1977 certandum
2985 1914 3126 1977 erit.
3153 1915 3209 1981 3)
3299 1912 3505 1976 Vides
3561 1916 3846 1996 apertius
3906 1933 4168 1979 causam
4229 1914 4495 1991 silentii,

2550 1998 2723 2079 quod
2768 1996 3196 2064 domesticum
3241 2008 3462 2081 tegere
3522 1998 3799 2065 dedecus
3841 2011 4152 2083 optarem.
4243 1998 4354 2065 Sic
4399 2011 4497 2064 ta-

2550 2103 2703 2147 men
2749 2083 2949 2148 habe:
2999 2085 3298 2167 quamvis
3343 2085 3582 2166 ubique
3630 2085 3807 2150 varie
3851 2088 4128 2149 iactetur
4170 2086 4495 2163 eccclesia,

2551 2169 2864 2234 Genevae
2921 2178 3138 2234 tamen
3196 2192 3328 2235 non
3390 2192 3575 2236 secus
3635 2180 3830 2253 atque
3874 2173 3942 2234 in
3988 2169 4231 2236 diluvio
4278 2193 4497 2237 arcam

2550 2255 2742 2320 Noah
2785 2257 3106 2320 fluctuari.
3175 2257 3351 2321 Hinc
3397 2257 3592 2321 etiam
3635 2255 3863 2339 collige
3899 2268 4296 2341 quantopere
4333 2258 4498 2322 mihi

2550 2340 2917 2424 displiceat,
2997 2341 3431 2407 clarissimum
3496 2354 3796 2408 senatum
3872 2353 4168 2408 vestrum
4236 2344 4498 2428 fatigari

2549 2428 3054 2511 quaestionibus.
3168 2425 3358 2507 Quod
3427 2436 3649 2493 tamen
3715 2429 4046 2495 luculento
4111 2430 4496 2494 documento

2551 2533 2758 2595 nuper
2793 2512 2980 2576 vobis
3023 2522 3336 2578 testatum
3379 2513 3522 2589 fuit,
3569 2536 3767 2596 quum
3806 2514 3887 2579 de
3932 2515 4254 2598 spirituali
4294 2517 4496 2582 eccle-

2551 2601 2683 2664 siae
2739 2599 3209 2682 gubernatione
3267 2622 3397 2665 non
3451 2601 3708 2664 fueritis
3763 2602 4059 2666 consulti.
4150 2602 4295 2685 Ego
4341 2623 4497 2669 vero

2549 2683 2704 2769 quid
2726 2685 3025 2757 facerem,
3063 2686 3165 2750 cui
3197 2685 3351 2750 boni
3376 2706 3601 2750 omnes
3637 2686 4095 2770 ingemiscunt,
4134 2688 4498 2752 remedium

2548 2792 2705 2835 vero
2768 2780 3099 2853 nequeunt
3156 2772 3440 2837 afferre?
3531 2773 3714 2836 Bene
3775 2781 3995 2837 tamen
4069 2774 4265 2838 habet
4323 2773 4495 2857 quod

2546 2857 2730 2922 nobis
2775 2856 3100 2938 praesidet
3140 2859 3503 2933 nauclerus,
3568 2859 3688 2924 sub
3733 2880 3858 2939 quo
3908 2862 4030 2922 tuti
4075 2880 4114 2922 a
4158 2862 4496 2945 naufragio

2545 2944 2819 3007 erimus:
2869 2942 3102 3011 deinde
3144 2944 3312 3026 quod
3372 2965 3505 3008 non
3551 2945 3776 3028 procul
3838 2945 4156 3011 distamus
4202 2966 4242 3009 a
4284 2960 4493 3029 portu.

2547 3028 2821 3093 Interim
2867 3029 3173 3094 discenda
3216 3039 3313 3095 est
3356 3051 3582 3094 eorum
3628 3030 3931 3110 conditio,
3989 3032 4222 3115 quibus
4267 3031 4495 3098 eadem

2545 3117 2879 3198 navigatio
2924 3114 3263 3179 subeunda
3308 3127 3421 3182 est.

2718 3200 3099 3267 Serveticae
3154 3203 3510 3284 impietatis
3564 3204 3869 3269 refutatio
3913 3206 4093 3288 prius
4139 3207 4254 3271 tibi
4298 3209 4498 3272 missa

2547 3287 2690 3364 erit,
2729 3297 2805 3350 ut
2839 3307 3046 3369 spere,
3086 3309 3279 3369 quam
3318 3288 3401 3353 ad
3426 3297 3492 3353 te
3528 3288 3756 3354 literae
3791 3310 3976 3355 meae
4012 3294 4414 3374 perveniant.
4439 3293 4492 3378 ⁴)

2545 3372 2841 3438 Libellus
2921 3371 3136 3437 brevis
3216 3381 3315 3439 est
3408 3397 3481 3440 ac
3561 3376 3987 3441 tumultuarie
4065 3378 4489 3460 conscriptus.

2546 3458 2922 3523 Praestabit
2951 3471 3189 3537 tamen,
3228 3459 3401 3542 quod
3439 3461 3732 3526 continet
3766 3463 4077 3544 scriptum
4117 3484 4263 3528 esse
4297 3485 4494 3546 quam

2545 3544 2729 3608 nihil.
2811 3544 3092 3627 Angliae
3137 3556 3354 3611 motus
3396 3546 3528 3611 iam
3573 3548 3721 3613 istic
3767 3556 3954 3612 notos
3998 3569 4139 3614 esse
4182 3551 4491 3615 arbitror:

2545 3641 2612 3693 et
2654 3631 2916 3694 interim
2965 3630 3119 3695 dum
3165 3635 3234 3696 in
3279 3633 3512 3697 itinere
3556 3634 3770 3699 adhuc
3814 3636 3939 3697 erit
3983 3636 4272 3716 epistola,
4328 3637 4494 3701 forte

2546 3715 2790 3798 aliquid
2832 3717 3070 3781 certius
3116 3720 3240 3781 erit
3284 3718 3576 3783 allatum.
3666 3719 3862 3794 Vale,
3924 3722 4332 3786 ornatissime
4391 3723 4495 3787 vir

2545 3813 2611 3865 et
2654 3802 2819 3866 mihi
2863 3803 3220 3883 plurimum
3269 3804 3539 3869 colende
3582 3808 3801 3870 frater.
3872 3805 4104 3871 Saluta
4143 3807 4493 3891 diligenter

2543 3908 2690 3952 meo
2750 3890 3014 3953 nomine
3073 3890 3156 3954 D.
3227 3891 3671 3968 Gualtherum‚
3747 3913 4019 3974 generos
4087 3907 4152 3957 et
4208 3894 4492 3977 reliquos

2545 3973 2796 4038 fratres.
2885 3976 2966 4039 D.
3015 3975 3315 4040 Marchio
3366 3975 3750 4056 Caraciolm,
3792 3977 4099 4044 Budaeus
4140 3995 4378 4054 noster,
4425 3987 4492 4045 et

2544 4059 2829 4142 collegae
2872 4060 3004 4126 mei
3060 4070 3126 4126 te
3176 4062 3431 4127 salvere
3475 4073 3720 4144 optant.
3813 4062 4142 4130 Dominus
4185 4087 4300 4131 vos
4344 4081 4492 4129 tue-

2543 4155 2695 4209 atur
2736 4165 2936 4210 manu
2979 4167 3119 4225 sua,
3166 4161 3231 4212 et
3273 4150 3507 4231 spiritu
3551 4169 3669 4213 suo
3705 4161 3891 4233 regat
3925 4149 4302 4233 laboresque
4345 4174 4492 4217 ves-

2545 4241 2680 4297 tros
2728 4231 3083 4306 benedicat,
3130 4238 3363 4298 Amen.
3434 4233 3765 4312 Geneme,
3817 4241 3872 4299 7.
3900 4235 4222 4302 Calendas
4242 4237 4487 4302 Martii.

3466 4404 3740 4471 Ioannes
3784 4407 4108 4473 Calvinus
4153 4419 4317 4475 tuus.

2748 4625 2808 4760 ἓξ
2921 4627 3395 4752 odNettl‘a9vgssevenil
3424 4629 3612 4697 pridie
3651 4628 3763 4683 Cal.
3805 4629 4012 4684 Maiae.
4094 4631 4255 4700 (Rey.
4294 4632 4368 4684 du
4410 4631 4491 4696 0.)
