<?xml version="1.0" encoding="UTF-8"?>
<!DOCTYPE html PUBLIC "-//W3C//DTD XHTML 1.0 Transitional//EN"
    "http://www.w3.org/TR/xhtml1/DTD/xhtml1-transitional.dtd">
<html xmlns="http://www.w3.org/1999/xhtml" xml:lang="en" lang="en">
 <head>
  <title>
</title>
<meta http-equiv="Content-Type" content="text/html;charset=utf-8" />
  <meta name='ocr-system' content='tesseract 3.04.00' />
  <meta name='ocr-capabilities' content='ocr_page ocr_carea ocr_par ocr_line ocrx_word'/>
</head>
<body>
  <div class='ocr_page' id='page_1' title='image "./ioanniscalvinio09unkngoog_0298.png"; bbox 0 0 4850 6200; ppageno 0'>
   <div class='ocr_carea' id='block_1_1' title="bbox 410 401 546 465">
    <p class='ocr_par' dir='ltr' id='par_1_1' title="bbox 410 401 546 465">
     <span class='ocr_line' id='line_1_1' title="bbox 410 401 546 465; baseline 0 0"><span class='ocrx_word' id='word_1_1' title='bbox 410 401 546 465; x_wconf 67' lang='lat'>595</span> 
     </span>
    </p>
   </div>
   <div class='ocr_carea' id='block_1_2' title="bbox 405 581 2377 4973">
    <p class='ocr_par' dir='ltr' id='par_1_2' title="bbox 416 581 2372 671">
     <span class='ocr_line' id='line_1_2' title="bbox 416 581 2372 671; baseline -0.002 -19"><span class='ocrx_word' id='word_1_2' title='bbox 416 606 549 671; x_wconf 75' lang='lat' dir='ltr'>pro·</span> <span class='ocrx_word' id='word_1_3' title='bbox 582 584 794 652; x_wconf 81' lang='lat' dir='ltr'>servis</span> <span class='ocrx_word' id='word_1_4' title='bbox 834 582 1126 649; x_wconf 82' lang='lat' dir='ltr'><strong>Domini.</strong></span> <span class='ocrx_word' id='word_1_5' title='bbox 1205 581 1402 664; x_wconf 75' lang='lat' dir='ltr'>Quod</span> <span class='ocrx_word' id='word_1_6' title='bbox 1444 584 1502 648; x_wconf 88' lang='lat' dir='ltr'>si</span> <span class='ocrx_word' id='word_1_7' title='bbox 1545 585 1713 650; x_wconf 86' lang='lat' dir='ltr'>votis</span> <span class='ocrx_word' id='word_1_8' title='bbox 1752 590 1974 666; x_wconf 86' lang='lat' dir='ltr'>posset</span> <span class='ocrx_word' id='word_1_9' title='bbox 2013 583 2257 668; x_wconf 88' lang='lat' dir='ltr'>aliquid</span> <span class='ocrx_word' id='word_1_10' title='bbox 2300 584 2372 650; x_wconf 90' lang='lat' dir='ltr'>in</span> 
     </span>
    </p>

    <p class='ocr_par' dir='ltr' id='par_1_3' title="bbox 405 668 2377 4973">
     <span class='ocr_line' id='line_1_3' title="bbox 573 668 2373 754; baseline -0.001 -17"><span class='ocrx_word' id='word_1_11' title='bbox 573 671 700 737; x_wconf 83' lang='lat' dir='ltr'>&#39;am</span> <span class='ocrx_word' id='word_1_12' title='bbox 750 668 1027 736; x_wconf 73' lang='lat' dir='ltr'>Temni</span> <span class='ocrx_word' id='word_1_13' title='bbox 1068 679 1135 735; x_wconf 89' lang='lat' dir='ltr'>et</span> <span class='ocrx_word' id='word_1_14' title='bbox 1178 669 1281 734; x_wconf 84' lang='lat' dir='ltr'>sui</span> <span class='ocrx_word' id='word_1_15' title='bbox 1326 669 1677 735; x_wconf 85' lang='lat' dir='ltr'>ministerii</span> <span class='ocrx_word' id='word_1_16' title='bbox 1721 677 1789 735; x_wconf 91' lang='lat' dir='ltr'>et</span> <span class='ocrx_word' id='word_1_17' title='bbox 1847 669 2027 754; x_wconf 89' lang='lat' dir='ltr'>pacis</span> <span class='ocrx_word' id='word_1_18' title='bbox 2070 669 2373 738; x_wconf 86' lang='lat' dir='ltr'>ecelesia-</span> 
     </span>
     <span class='ocr_line' id='line_1_4' title="bbox 417 754 2373 838; baseline -0.002 -13"><span class='ocrx_word' id='word_1_19' title='bbox 417 778 589 837; x_wconf 85' lang='lat' dir='ltr'>rum,</span> <span class='ocrx_word' id='word_1_20' title='bbox 631 755 703 823; x_wconf 90' lang='lat' dir='ltr'>id</span> <span class='ocrx_word' id='word_1_21' title='bbox 747 754 1006 822; x_wconf 82' lang='lat' dir='ltr'>vellem.</span> <span class='ocrx_word' id='word_1_22' title='bbox 1094 754 1379 838; x_wconf 86' lang='lat' dir='ltr'>Oportet</span> <span class='ocrx_word' id='word_1_23' title='bbox 1420 757 1594 820; x_wconf 90' lang='lat' dir='ltr'>enim</span> <span class='ocrx_word' id='word_1_24' title='bbox 1641 754 1951 834; x_wconf 82' lang='lat' dir='ltr'>alterum,</span> <span class='ocrx_word' id='word_1_25' title='bbox 2011 767 2129 823; x_wconf 89' lang='lat' dir='ltr'>aut</span> <span class='ocrx_word' id='word_1_26' title='bbox 2182 756 2373 822; x_wconf 88' lang='lat' dir='ltr'>inno-</span> 
     </span>
     <span class='ocr_line' id='line_1_5' title="bbox 417 840 2373 927; baseline -0.002 -15"><span class='ocrx_word' id='word_1_27' title='bbox 417 852 640 912; x_wconf 85' lang='lat' dir='ltr'>eentes</span> <span class='ocrx_word' id='word_1_28' title='bbox 682 861 828 908; x_wconf 88' lang='lat' dir='ltr'>esse</span> <span class='ocrx_word' id='word_1_29' title='bbox 869 848 988 906; x_wconf 92' lang='lat' dir='ltr'>aut</span> <span class='ocrx_word' id='word_1_30' title='bbox 1028 840 1201 906; x_wconf 89' lang='lat' dir='ltr'>iuste</span> <span class='ocrx_word' id='word_1_31' title='bbox 1244 840 1595 926; x_wconf 77' lang='lat' dir='ltr'><strong>ablegatos,</strong></span> <span class='ocrx_word' id='word_1_32' title='bbox 1661 841 1878 907; x_wconf 81' lang='lat' dir='ltr'><strong>Aliter</strong></span> <span class='ocrx_word' id='word_1_33' title='bbox 1918 843 2223 927; x_wconf 91' lang='lat' dir='ltr'>componi</span> <span class='ocrx_word' id='word_1_34' title='bbox 2266 862 2373 908; x_wconf 89' lang='lat' dir='ltr'>res</span> 
     </span>
     <span class='ocr_line' id='line_1_6' title="bbox 418 926 2372 1013; baseline -0.001 -19"><span class='ocrx_word' id='word_1_35' title='bbox 418 949 557 994; x_wconf 78' lang='lat' dir='ltr'>non</span> <span class='ocrx_word' id='word_1_36' title='bbox 600 935 835 1013; x_wconf 88' lang='lat' dir='ltr'>potest,</span> <span class='ocrx_word' id='word_1_37' title='bbox 879 947 1004 992; x_wconf 91' lang='lat' dir='ltr'>nec</span> <span class='ocrx_word' id='word_1_38' title='bbox 1046 933 1224 992; x_wconf 89' lang='lat' dir='ltr'>stare</span> <span class='ocrx_word' id='word_1_39' title='bbox 1258 926 1439 992; x_wconf 77' lang='lat' dir='ltr'>valet</span> <span class='ocrx_word' id='word_1_40' title='bbox 1479 926 1638 992; x_wconf 90' lang='lat' dir='ltr'>ordo</span> <span class='ocrx_word' id='word_1_41' title='bbox 1673 927 1923 994; x_wconf 75' lang='lat' dir='ltr'>Christi</span> <span class='ocrx_word' id='word_1_42' title='bbox 1968 929 2040 993; x_wconf 92' lang='lat' dir='ltr'>in</span> <span class='ocrx_word' id='word_1_43' title='bbox 2081 928 2372 1008; x_wconf 89' lang='lat' dir='ltr'>ecclesia,</span> 
     </span>
     <span class='ocr_line' id='line_1_7' title="bbox 417 1010 2377 1101; baseline 0 -21"><span class='ocrx_word' id='word_1_44' title='bbox 417 1016 530 1099; x_wconf 75' lang='lat' dir='ltr'>qui</span> <span class='ocrx_word' id='word_1_45' title='bbox 568 1010 930 1101; x_wconf 63' lang='lat' dir='ltr'>[noylems]</span> <span class='ocrx_word' id='word_1_46' title='bbox 967 1013 1317 1079; x_wconf 86' lang='lat' dir='ltr'>innumera</span> <span class='ocrx_word' id='word_1_47' title='bbox 1350 1011 1566 1078; x_wconf 78' lang='lat' dir='ltr'><strong>adfert</strong></span> <span class='ocrx_word' id='word_1_48' title='bbox 1596 1013 1791 1093; x_wconf 78' lang='lat' dir='ltr'>mala,</span> <span class='ocrx_word' id='word_1_49' title='bbox 1838 1012 1993 1079; x_wconf 90' lang='lat' dir='ltr'>dum</span> <span class='ocrx_word' id='word_1_50' title='bbox 2029 1014 2203 1098; x_wconf 90' lang='lat' dir='ltr'>quod</span> <span class='ocrx_word' id='word_1_51' title='bbox 2240 1034 2377 1080; x_wconf 89' lang='lat' dir='ltr'>una</span> 
     </span>
     <span class='ocr_line' id='line_1_8' title="bbox 418 1097 2374 1184; baseline 0 -18"><span class='ocrx_word' id='word_1_52' title='bbox 418 1100 598 1167; x_wconf 90' lang='lat' dir='ltr'>eiioit</span> <span class='ocrx_word' id='word_1_53' title='bbox 653 1099 863 1164; x_wconf 86' lang='lat' dir='ltr'>altera</span> <span class='ocrx_word' id='word_1_54' title='bbox 904 1097 1164 1182; x_wconf 85' lang='lat' dir='ltr'>excipit.</span> <span class='ocrx_word' id='word_1_55' title='bbox 1252 1099 1335 1163; x_wconf 90' lang='lat' dir='ltr'>In</span> <span class='ocrx_word' id='word_1_56' title='bbox 1390 1119 1523 1184; x_wconf 88' lang='lat' dir='ltr'>qua</span> <span class='ocrx_word' id='word_1_57' title='bbox 1579 1119 1652 1163; x_wconf 86' lang='lat' dir='ltr'>re</span> <span class='ocrx_word' id='word_1_58' title='bbox 1709 1112 1966 1182; x_wconf 81' lang='lat' dir='ltr'>oportet</span> <span class='ocrx_word' id='word_1_59' title='bbox 2006 1111 2072 1166; x_wconf 91' lang='lat' dir='ltr'>te</span> <span class='ocrx_word' id='word_1_60' title='bbox 2116 1110 2186 1165; x_wconf 89' lang='lat' dir='ltr'>et</span> <span class='ocrx_word' id='word_1_61' title='bbox 2230 1099 2374 1166; x_wconf 72' lang='lat' dir='ltr'>Sul-</span> 
     </span>
     <span class='ocr_line' id='line_1_9' title="bbox 414 1180 2372 1272; baseline -0.001 -19"><span class='ocrx_word' id='word_1_62' title='bbox 414 1205 625 1253; x_wconf 75' lang='lat' dir='ltr'>oerum</span> <span class='ocrx_word' id='word_1_63' title='bbox 684 1206 820 1251; x_wconf 90' lang='lat' dir='ltr'>non</span> <span class='ocrx_word' id='word_1_64' title='bbox 888 1180 1187 1272; x_wconf 65' lang='lat' dir='ltr'>[mm]</span> <span class='ocrx_word' id='word_1_65' title='bbox 1256 1184 1371 1249; x_wconf 92' lang='lat' dir='ltr'>uni</span> <span class='ocrx_word' id='word_1_66' title='bbox 1446 1185 1817 1269; x_wconf 75' lang='lat' dir='ltr'>prospicere</span> <span class='ocrx_word' id='word_1_67' title='bbox 1882 1187 2192 1253; x_wconf 86' lang='lat' dir='ltr'>eeclesiae</span> <span class='ocrx_word' id='word_1_68' title='bbox 2257 1186 2372 1253; x_wconf 87' lang='lat' dir='ltr'>sed</span> 
     </span>
     <span class='ocr_line' id='line_1_10' title="bbox 416 1268 2370 1354; baseline 0 -16"><span class='ocrx_word' id='word_1_69' title='bbox 416 1273 741 1338; x_wconf 86' lang='lat' dir='ltr'>omnibus.</span> <span class='ocrx_word' id='word_1_70' title='bbox 807 1268 904 1337; x_wconf 89' lang='lat' dir='ltr'>Ut</span> <span class='ocrx_word' id='word_1_71' title='bbox 937 1278 1237 1336; x_wconf 81' lang='lat' dir='ltr'>vestrum</span> <span class='ocrx_word' id='word_1_72' title='bbox 1270 1271 1717 1354; x_wconf 87' lang='lat' dir='ltr'>unusquisque</span> <span class='ocrx_word' id='word_1_73' title='bbox 1752 1271 1988 1337; x_wconf 91' lang='lat' dir='ltr'>melius</span> <span class='ocrx_word' id='word_1_74' title='bbox 2022 1294 2130 1338; x_wconf 91' lang='lat' dir='ltr'>me</span> <span class='ocrx_word' id='word_1_75' title='bbox 2166 1274 2370 1351; x_wconf 81' lang='lat' dir='ltr'>novit,</span> 
     </span>
     <span class='ocr_line' id='line_1_11' title="bbox 416 1354 2372 1445; baseline -0.001 -19"><span class='ocrx_word' id='word_1_76' title='bbox 416 1358 475 1426; x_wconf 84' lang='lat' dir='ltr'>si</span> <span class='ocrx_word' id='word_1_77' title='bbox 520 1358 643 1425; x_wconf 91' lang='lat' dir='ltr'>hoc</span> <span class='ocrx_word' id='word_1_78' title='bbox 700 1357 846 1424; x_wconf 84' lang='lat' dir='ltr'>fieri</span> <span class='ocrx_word' id='word_1_79' title='bbox 902 1354 1121 1421; x_wconf 90' lang='lat' dir='ltr'>debite</span> <span class='ocrx_word' id='word_1_80' title='bbox 1162 1356 1464 1438; x_wconf 89' lang='lat' dir='ltr'>potuerit,</span> <span class='ocrx_word' id='word_1_81' title='bbox 1529 1354 1720 1445; x_wconf 75' lang='lat' dir='ltr'>[alia]</span> <span class='ocrx_word' id='word_1_82' title='bbox 1768 1358 1955 1425; x_wconf 85' lang='lat' dir='ltr'>facile</span> <span class='ocrx_word' id='word_1_83' title='bbox 1999 1360 2177 1425; x_wconf 86' lang='lat' dir='ltr'>fient.</span> <span class='ocrx_word' id='word_1_84' title='bbox 2267 1359 2372 1425; x_wconf 90' lang='lat' dir='ltr'>De</span> 
     </span>
     <span class='ocr_line' id='line_1_12' title="bbox 414 1440 2371 1525; baseline -0.001 -14"><span class='ocrx_word' id='word_1_85' title='bbox 414 1443 832 1511; x_wconf 73' lang='lat' dir='ltr'>restitutione</span> <span class='ocrx_word' id='word_1_86' title='bbox 907 1451 1142 1525; x_wconf 88' lang='lat' dir='ltr'>potens</span> <span class='ocrx_word' id='word_1_87' title='bbox 1215 1453 1318 1508; x_wconf 90' lang='lat' dir='ltr'>est</span> <span class='ocrx_word' id='word_1_88' title='bbox 1380 1440 1728 1509; x_wconf 89' lang='lat' dir='ltr'>Dominus.</span> <span class='ocrx_word' id='word_1_89' title='bbox 1838 1444 2159 1513; x_wconf 87' lang='lat' dir='ltr'>Oousulet</span> <span class='ocrx_word' id='word_1_90' title='bbox 2235 1447 2371 1511; x_wconf 90' lang='lat' dir='ltr'>suis</span> 
     </span>
     <span class='ocr_line' id='line_1_13' title="bbox 416 1525 2367 1614; baseline -0.001 -17"><span class='ocrx_word' id='word_1_91' title='bbox 416 1531 629 1597; x_wconf 82' lang='lat' dir='ltr'>servis</span> <span class='ocrx_word' id='word_1_92' title='bbox 672 1540 741 1595; x_wconf 92' lang='lat' dir='ltr'>et</span> <span class='ocrx_word' id='word_1_93' title='bbox 793 1526 1098 1595; x_wconf 84' lang='lat' dir='ltr'>eeclesiis.</span> <span class='ocrx_word' id='word_1_94' title='bbox 1188 1525 1371 1593; x_wconf 83' lang='lat' dir='ltr'>Satis</span> <span class='ocrx_word' id='word_1_95' title='bbox 1426 1538 1703 1611; x_wconf 80' lang='lat' dir='ltr'>possunt</span> <span class='ocrx_word' id='word_1_96' title='bbox 1756 1532 2015 1614; x_wconf 80' lang='lat' dir='ltr'>assequi</span> <span class='ocrx_word' id='word_1_97' title='bbox 2067 1532 2179 1614; x_wconf 90' lang='lat' dir='ltr'>qui</span> <span class='ocrx_word' id='word_1_98' title='bbox 2237 1532 2367 1597; x_wconf 90' lang='lat' dir='ltr'>iam</span> 
     </span>
     <span class='ocr_line' id='line_1_14' title="bbox 415 1612 2369 1703; baseline 0 -21"><span class='ocrx_word' id='word_1_99' title='bbox 415 1612 717 1703; x_wconf 59' lang='lat' dir='ltr'>nostum]</span> <span class='ocrx_word' id='word_1_100' title='bbox 757 1614 1101 1680; x_wconf 73' lang='lat' dir='ltr'>Tessanum</span> <span class='ocrx_word' id='word_1_101' title='bbox 1135 1614 1419 1697; x_wconf 87' lang='lat' dir='ltr'>propius,</span> <span class='ocrx_word' id='word_1_102' title='bbox 1456 1634 1609 1680; x_wconf 88' lang='lat' dir='ltr'>eum</span> <span class='ocrx_word' id='word_1_103' title='bbox 1645 1636 1985 1700; x_wconf 89' lang='lat' dir='ltr'>nunquam</span> <span class='ocrx_word' id='word_1_104' title='bbox 2020 1637 2369 1699; x_wconf 84' lang='lat' dir='ltr'>passurum</span> 
     </span>
     <span class='ocr_line' id='line_1_15' title="bbox 415 1699 2369 1802; baseline 0 -34"><span class='ocrx_word' id='word_1_105' title='bbox 415 1711 493 1768; x_wconf 91' lang='lat' dir='ltr'>ut</span> <span class='ocrx_word' id='word_1_106' title='bbox 529 1703 985 1802; x_wconf 75' lang='lat' dir='ltr'>restituantur.</span> <span class='ocrx_word' id='word_1_107' title='bbox 1070 1699 1242 1799; x_wconf 78' lang='lat' dir='ltr'>Nam</span> <span class='ocrx_word' id='word_1_108' title='bbox 1302 1711 1378 1800; x_wconf 80' lang='lat' dir='ltr'>ut</span> <span class='ocrx_word' id='word_1_109' title='bbox 1432 1721 1550 1766; x_wconf 85' lang='lat' dir='ltr'>sua</span> <span class='ocrx_word' id='word_1_110' title='bbox 1608 1709 1776 1768; x_wconf 91' lang='lat' dir='ltr'>teste</span> <span class='ocrx_word' id='word_1_111' title='bbox 1828 1703 2231 1769; x_wconf 88' lang='lat' dir='ltr'>conscientia</span> <span class='ocrx_word' id='word_1_112' title='bbox 2273 1703 2369 1768; x_wconf 89' lang='lat' dir='ltr'>la-</span> 
     </span>
     <span class='ocr_line' id='line_1_16' title="bbox 415 1782 2365 1959; baseline 0.002 -21"><span class='ocrx_word' id='word_1_113' title='bbox 415 1810 571 1939; x_wconf 67' lang='lat' dir='ltr'>dum</span> <span class='ocrx_word' id='word_1_114' title='bbox 616 1809 662 1938; x_wconf 61' lang='grc' dir='ltr'><strong><em>ἔ</em></strong></span> <span class='ocrx_word' id='word_1_115' title='bbox 699 1796 1036 1938; x_wconf 40' lang='lat' dir='ltr'>ffissgff</span> <span class='ocrx_word' id='word_1_116' title='bbox 1055 1782 1283 1937; x_wconf 42' lang='lat' dir='ltr'>altit-[se</span> <span class='ocrx_word' id='word_1_117' title='bbox 1325 1784 1689 1957; x_wconf 56' lang='lat' dir='ltr'>cogendum</span> <span class='ocrx_word' id='word_1_118' title='bbox 1731 1791 2365 1959; x_wconf 45' lang='lat' dir='ltr'>hlgsabngagritflajffi:</span> 
     </span>
     <span class='ocr_line' id='line_1_17' title="bbox 410 1956 2368 2048; baseline 0.001 -23"><span class='ocrx_word' id='word_1_119' title='bbox 410 1958 590 2025; x_wconf 83' lang='lat' dir='ltr'>rexit</span> <span class='ocrx_word' id='word_1_120' title='bbox 629 1958 790 2041; x_wconf 79' lang='lat' dir='ltr'>ipsis</span> <span class='ocrx_word' id='word_1_121' title='bbox 833 1956 1095 2035; x_wconf 79' lang='lat' dir='ltr'>auditis,</span> <span class='ocrx_word' id='word_1_122' title='bbox 1157 1965 1358 2041; x_wconf 84' lang='lat' dir='ltr'>utque</span> <span class='ocrx_word' id='word_1_123' title='bbox 1401 1958 1555 2023; x_wconf 92' lang='lat' dir='ltr'>olim</span> <span class='ocrx_word' id='word_1_124' title='bbox 1610 1956 1832 2046; x_wconf 78' lang='lat' dir='ltr'>iu[stis</span> <span class='ocrx_word' id='word_1_125' title='bbox 1873 1959 2104 2048; x_wconf 69' lang='lat' dir='ltr'>motus]</span> <span class='ocrx_word' id='word_1_126' title='bbox 2150 1962 2368 2028; x_wconf 90' lang='lat' dir='ltr'>causis</span> 
     </span>
     <span class='ocr_line' id='line_1_18' title="bbox 410 2042 2367 2131; baseline 0.002 -21"><span class='ocrx_word' id='word_1_127' title='bbox 410 2045 641 2110; x_wconf 78' lang='lat' dir='ltr'>volens</span> <span class='ocrx_word' id='word_1_128' title='bbox 704 2043 1045 2110; x_wconf 88' lang='lat' dir='ltr'>consulere</span> <span class='ocrx_word' id='word_1_129' title='bbox 1109 2042 1422 2110; x_wconf 89' lang='lat' dir='ltr'>ecclcsiae</span> <span class='ocrx_word' id='word_1_130' title='bbox 1487 2047 1769 2123; x_wconf 81' lang='lat' dir='ltr'>(ratione</span> <span class='ocrx_word' id='word_1_131' title='bbox 1827 2066 2024 2128; x_wconf 89' lang='lat' dir='ltr'>quam</span> <span class='ocrx_word' id='word_1_132' title='bbox 2091 2046 2367 2131; x_wconf 85' lang='lat' dir='ltr'>probare</span> 
     </span>
     <span class='ocr_line' id='line_1_19' title="bbox 412 2129 2369 2220; baseline 0.002 -24"><span class='ocrx_word' id='word_1_133' title='bbox 412 2150 754 2212; x_wconf 90' lang='lat' dir='ltr'>nunquam</span> <span class='ocrx_word' id='word_1_134' title='bbox 801 2130 1002 2212; x_wconf 90' lang='lat' dir='ltr'>potui,</span> <span class='ocrx_word' id='word_1_135' title='bbox 1065 2130 1369 2212; x_wconf 86' lang='lat' dir='ltr'>quamvis</span> <span class='ocrx_word' id='word_1_136' title='bbox 1424 2129 1700 2196; x_wconf 77' lang='lat' dir='ltr'>feliciter</span> <span class='ocrx_word' id='word_1_137' title='bbox 1755 2134 2026 2199; x_wconf 87' lang='lat' dir='ltr'>cesserit</span> <span class='ocrx_word' id='word_1_138' title='bbox 2076 2130 2369 2220; x_wconf 76' lang='lat' dir='ltr'>seces[su</span> 
     </span>
     <span class='ocr_line' id='line_1_20' title="bbox 409 2213 2365 2303; baseline 0.001 -22"><span class='ocrx_word' id='word_1_139' title='bbox 409 2216 490 2281; x_wconf 80' lang='lat' dir='ltr'>ab</span> <span class='ocrx_word' id='word_1_140' title='bbox 532 2213 849 2303; x_wconf 68' lang='lat' dir='ltr'>eoeUesia)</span> <span class='ocrx_word' id='word_1_141' title='bbox 894 2216 989 2279; x_wconf 89' lang='lat' dir='ltr'>ita</span> <span class='ocrx_word' id='word_1_142' title='bbox 1030 2237 1165 2281; x_wconf 91' lang='lat' dir='ltr'>non</span> <span class='ocrx_word' id='word_1_143' title='bbox 1209 2214 1436 2280; x_wconf 89' lang='lat' dir='ltr'>dubito</span> <span class='ocrx_word' id='word_1_144' title='bbox 1490 2217 1823 2284; x_wconf 87' lang='lat' dir='ltr'>secederet</span> <span class='ocrx_word' id='word_1_145' title='bbox 1875 2219 1934 2285; x_wconf 90' lang='lat' dir='ltr'>si</span> <span class='ocrx_word' id='word_1_146' title='bbox 1977 2238 2365 2286; x_wconf 84' lang='lat' dir='ltr'>revocaren-</span> 
     </span>
     <span class='ocr_line' id='line_1_21' title="bbox 411 2299 2364 2384; baseline 0.002 -18"><span class='ocrx_word' id='word_1_147' title='bbox 411 2312 525 2367; x_wconf 85' lang='lat' dir='ltr'>tur</span> <span class='ocrx_word' id='word_1_148' title='bbox 565 2302 834 2368; x_wconf 83' lang='lat' dir='ltr'>fratres:</span> <span class='ocrx_word' id='word_1_149' title='bbox 880 2301 1009 2366; x_wconf 84' lang='lat' dir='ltr'>nisi</span> <span class='ocrx_word' id='word_1_150' title='bbox 1044 2299 1372 2367; x_wconf 87' lang='lat' dir='ltr'>Dominus</span> <span class='ocrx_word' id='word_1_151' title='bbox 1413 2300 1609 2384; x_wconf 89' lang='lat' dir='ltr'>plene</span> <span class='ocrx_word' id='word_1_152' title='bbox 1652 2305 1959 2369; x_wconf 85' lang='lat' dir='ltr'>immutet</span> <span class='ocrx_word' id='word_1_153' title='bbox 2000 2325 2111 2371; x_wconf 92' lang='lat' dir='ltr'>cor</span> <span class='ocrx_word' id='word_1_154' title='bbox 2155 2306 2364 2370; x_wconf 90' lang='lat' dir='ltr'>homi·</span> 
     </span>
     <span class='ocr_line' id='line_1_22' title="bbox 412 2384 2363 2474; baseline 0.002 -22"><span class='ocrx_word' id='word_1_155' title='bbox 412 2388 534 2466; x_wconf 89' lang='lat' dir='ltr'>nis,</span> <span class='ocrx_word' id='word_1_156' title='bbox 577 2397 654 2452; x_wconf 93' lang='lat' dir='ltr'>ut</span> <span class='ocrx_word' id='word_1_157' title='bbox 696 2384 932 2474; x_wconf 56' lang='grc' dir='ltr'>ὀίομαι</span> <span class='ocrx_word' id='word_1_158' title='bbox 968 2385 1119 2474; x_wconf 62' lang='lat' dir='ltr'>sibu]</span> <span class='ocrx_word' id='word_1_159' title='bbox 1166 2388 1304 2453; x_wconf 79' lang='lat' dir='ltr'>vim</span> <span class='ocrx_word' id='word_1_160' title='bbox 1346 2388 1579 2467; x_wconf 87' lang='lat' dir='ltr'>facere,</span> <span class='ocrx_word' id='word_1_161' title='bbox 1627 2397 1712 2467; x_wconf 89' lang='lat' dir='ltr'>et,</span> <span class='ocrx_word' id='word_1_162' title='bbox 1758 2389 1931 2473; x_wconf 91' lang='lat' dir='ltr'>quod</span> <span class='ocrx_word' id='word_1_163' title='bbox 1976 2392 2205 2457; x_wconf 88' lang='lat' dir='ltr'>scribis</span> <span class='ocrx_word' id='word_1_164' title='bbox 2250 2388 2363 2455; x_wconf 88' lang='lat' dir='ltr'>ad·</span> 
     </span>
     <span class='ocr_line' id='line_1_23' title="bbox 410 2471 2362 2561; baseline 0.001 -23"><span class='ocrx_word' id='word_1_165' title='bbox 410 2471 677 2539; x_wconf 89' lang='lat' dir='ltr'>modum</span> <span class='ocrx_word' id='word_1_166' title='bbox 720 2475 845 2556; x_wconf 88' lang='lat' dir='ltr'>pie,</span> <span class='ocrx_word' id='word_1_167' title='bbox 887 2494 1055 2555; x_wconf 90' lang='lat' dir='ltr'>quae</span> <span class='ocrx_word' id='word_1_168' title='bbox 1097 2483 1251 2539; x_wconf 90' lang='lat' dir='ltr'>suut</span> <span class='ocrx_word' id='word_1_169' title='bbox 1285 2471 1438 2540; x_wconf 89' lang='lat' dir='ltr'>Iesu</span> <span class='ocrx_word' id='word_1_170' title='bbox 1474 2473 1725 2541; x_wconf 79' lang='lat' dir='ltr'>Christi</span> <span class='ocrx_word' id='word_1_171' title='bbox 1772 2486 2030 2542; x_wconf 86' lang='lat' dir='ltr'>tantum</span> <span class='ocrx_word' id='word_1_172' title='bbox 2072 2485 2362 2561; x_wconf 86' lang='lat' dir='ltr'>quaerat.</span> 
     </span>
     <span class='ocr_line' id='line_1_24' title="bbox 411 2559 2363 2649; baseline 0.003 -27"><span class='ocrx_word' id='word_1_173' title='bbox 411 2559 664 2625; x_wconf 87' lang='lat' dir='ltr'>Verum</span> <span class='ocrx_word' id='word_1_174' title='bbox 700 2579 905 2643; x_wconf 91' lang='lat' dir='ltr'>quum</span> <span class='ocrx_word' id='word_1_175' title='bbox 940 2580 1074 2625; x_wconf 90' lang='lat' dir='ltr'>non</span> <span class='ocrx_word' id='word_1_176' title='bbox 1118 2560 1189 2624; x_wconf 91' lang='lat' dir='ltr'>in</span> <span class='ocrx_word' id='word_1_177' title='bbox 1224 2560 1527 2626; x_wconf 89' lang='lat' dir='ltr'>omnibus</span> <span class='ocrx_word' id='word_1_178' title='bbox 1570 2559 1640 2626; x_wconf 92' lang='lat' dir='ltr'>id</span> <span class='ocrx_word' id='word_1_179' title='bbox 1676 2559 1921 2649; x_wconf 75' lang='lat' dir='ltr'>[facile]</span> <span class='ocrx_word' id='word_1_180' title='bbox 1968 2563 2363 2640; x_wconf 79' lang='lat' dir='ltr'>inveniatur,</span> 
     </span>
     <span class='ocr_line' id='line_1_25' title="bbox 409 2643 2365 2733; baseline 0.001 -22"><span class='ocrx_word' id='word_1_181' title='bbox 409 2654 479 2711; x_wconf 89' lang='lat' dir='ltr'>et</span> <span class='ocrx_word' id='word_1_182' title='bbox 520 2645 771 2712; x_wconf 86' lang='lat' dir='ltr'>sensim</span> <span class='ocrx_word' id='word_1_183' title='bbox 810 2643 1146 2711; x_wconf 86' lang='lat' dir='ltr'>Dominus</span> <span class='ocrx_word' id='word_1_184' title='bbox 1188 2646 1257 2710; x_wconf 92' lang='lat' dir='ltr'>in</span> <span class='ocrx_word' id='word_1_185' title='bbox 1301 2646 1633 2730; x_wconf 87' lang='lat' dir='ltr'>plerisque</span> <span class='ocrx_word' id='word_1_186' title='bbox 1674 2658 2000 2732; x_wconf 84' lang='lat' dir='ltr'>operetur,</span> <span class='ocrx_word' id='word_1_187' title='bbox 2044 2669 2178 2715; x_wconf 91' lang='lat' dir='ltr'>non</span> <span class='ocrx_word' id='word_1_188' title='bbox 2221 2656 2365 2733; x_wconf 85' lang='lat' dir='ltr'>pot-</span> 
     </span>
     <span class='ocr_line' id='line_1_26' title="bbox 409 2731 2364 2819; baseline -0.001 -20"><span class='ocrx_word' id='word_1_189' title='bbox 409 2740 512 2799; x_wconf 88' lang='lat' dir='ltr'>est</span> <span class='ocrx_word' id='word_1_190' title='bbox 587 2731 825 2799; x_wconf 88' lang='lat' dir='ltr'>melius</span> <span class='ocrx_word' id='word_1_191' title='bbox 898 2731 1152 2799; x_wconf 88' lang='lat' dir='ltr'>consuli</span> <span class='ocrx_word' id='word_1_192' title='bbox 1230 2731 1545 2799; x_wconf 90' lang='lat' dir='ltr'>ecclesiae</span> <span class='ocrx_word' id='word_1_193' title='bbox 1624 2742 1689 2798; x_wconf 90' lang='lat' dir='ltr'>et</span> <span class='ocrx_word' id='word_1_194' title='bbox 1766 2733 1957 2800; x_wconf 82' lang='lat' dir='ltr'>fratri</span> <span class='ocrx_word' id='word_1_195' title='bbox 2034 2755 2232 2819; x_wconf 91' lang='lat' dir='ltr'>quam</span> <span class='ocrx_word' id='word_1_196' title='bbox 2308 2736 2364 2799; x_wconf 91' lang='lat' dir='ltr'>si</span> 
     </span>
     <span class='ocr_line' id='line_1_27' title="bbox 406 2815 2364 2905; baseline 0.002 -23"><span class='ocrx_word' id='word_1_197' title='bbox 406 2815 727 2905; x_wconf 73' lang='lat' dir='ltr'>id[oneus]</span> <span class='ocrx_word' id='word_1_198' title='bbox 774 2816 835 2882; x_wconf 90' lang='lat' dir='ltr'>ei</span> <span class='ocrx_word' id='word_1_199' title='bbox 878 2817 1283 2901; x_wconf 89' lang='lat' dir='ltr'>adiungatur</span> <span class='ocrx_word' id='word_1_200' title='bbox 1324 2818 1590 2903; x_wconf 89' lang='lat' dir='ltr'>collega,</span> <span class='ocrx_word' id='word_1_201' title='bbox 1653 2821 1762 2902; x_wconf 91' lang='lat' dir='ltr'>qui</span> <span class='ocrx_word' id='word_1_202' title='bbox 1806 2842 1957 2887; x_wconf 90' lang='lat' dir='ltr'>cum</span> <span class='ocrx_word' id='word_1_203' title='bbox 2003 2822 2149 2886; x_wconf 82' lang='lat' dir='ltr'>viro</span> <span class='ocrx_word' id='word_1_204' title='bbox 2191 2829 2364 2905; x_wconf 89' lang='lat' dir='ltr'>agat,</span> 
     </span>
     <span class='ocr_line' id='line_1_28' title="bbox 409 2903 2365 2988; baseline 0.002 -19"><span class='ocrx_word' id='word_1_205' title='bbox 409 2912 488 2969; x_wconf 91' lang='lat' dir='ltr'>ut</span> <span class='ocrx_word' id='word_1_206' title='bbox 549 2911 807 2988; x_wconf 88' lang='lat' dir='ltr'>oportet</span> <span class='ocrx_word' id='word_1_207' title='bbox 821 2953 838 2980; x_wconf 92' lang='lat'>,</span> <span class='ocrx_word' id='word_1_208' title='bbox 916 2903 1134 2969; x_wconf 84' lang='lat' dir='ltr'>multa</span> <span class='ocrx_word' id='word_1_209' title='bbox 1209 2903 1580 2988; x_wconf 89' lang='lat' dir='ltr'>prudentia.</span> <span class='ocrx_word' id='word_1_210' title='bbox 1692 2903 1926 2972; x_wconf 84' lang='lat' dir='ltr'>Sentio</span> <span class='ocrx_word' id='word_1_211' title='bbox 1991 2909 2167 2974; x_wconf 90' lang='lat' dir='ltr'>enim</span> <span class='ocrx_word' id='word_1_212' title='bbox 2234 2928 2365 2972; x_wconf 93' lang='lat' dir='ltr'>non</span> 
     </span>
     <span class='ocr_line' id='line_1_29' title="bbox 410 2986 2365 3078; baseline 0.001 -22"><span class='ocrx_word' id='word_1_213' title='bbox 410 2986 714 3077; x_wconf 64' lang='grc' dir='ltr'>[ραναπο]</span> <span class='ocrx_word' id='word_1_214' title='bbox 753 2987 930 3055; x_wconf 83' lang='lat' dir='ltr'>affici</span> <span class='ocrx_word' id='word_1_215' title='bbox 963 2988 1045 3055; x_wconf 89' lang='lat' dir='ltr'>ab</span> <span class='ocrx_word' id='word_1_216' title='bbox 1087 2989 1171 3055; x_wconf 88' lang='lat' dir='ltr'>iis</span> <span class='ocrx_word' id='word_1_217' title='bbox 1213 3009 1365 3056; x_wconf 91' lang='lat' dir='ltr'>cum</span> <span class='ocrx_word' id='word_1_218' title='bbox 1401 2989 1639 3073; x_wconf 88' lang='lat' dir='ltr'>quibus</span> <span class='ocrx_word' id='word_1_219' title='bbox 1684 2992 1841 3076; x_wconf 88' lang='lat' dir='ltr'>agit.</span> <span class='ocrx_word' id='word_1_220' title='bbox 1907 2993 2142 3078; x_wconf 86' lang='lat' dir='ltr'>Longe</span> <span class='ocrx_word' id='word_1_221' title='bbox 2187 2993 2365 3059; x_wconf 90' lang='lat' dir='ltr'>enim</span> 
     </span>
     <span class='ocr_line' id='line_1_30' title="bbox 405 3073 2364 3162; baseline 0.001 -18"><span class='ocrx_word' id='word_1_222' title='bbox 405 3075 612 3143; x_wconf 86' lang='lat' dir='ltr'>alium</span> <span class='ocrx_word' id='word_1_223' title='bbox 648 3095 734 3142; x_wconf 83' lang='lat' dir='ltr'>ex</span> <span class='ocrx_word' id='word_1_224' title='bbox 817 3081 967 3140; x_wconf 89' lang='lat' dir='ltr'>rtus</span> <span class='ocrx_word' id='word_1_225' title='bbox 1000 3094 1149 3141; x_wconf 89' lang='lat' dir='ltr'>sum</span> <span class='ocrx_word' id='word_1_226' title='bbox 1184 3095 1226 3141; x_wconf 93' lang='lat' dir='ltr'>a</span> <span class='ocrx_word' id='word_1_227' title='bbox 1258 3073 1512 3143; x_wconf 86' lang='lat' dir='ltr'>duobus</span> <span class='ocrx_word' id='word_1_228' title='bbox 1546 3084 1663 3143; x_wconf 88' lang='lat' dir='ltr'>aut</span> <span class='ocrx_word' id='word_1_229' title='bbox 1695 3076 1906 3145; x_wconf 88' lang='lat' dir='ltr'>tribus</span> <span class='ocrx_word' id='word_1_230' title='bbox 1941 3080 2133 3146; x_wconf 91' lang='lat' dir='ltr'>annis</span> <span class='ocrx_word' id='word_1_231' title='bbox 2168 3100 2364 3162; x_wconf 89' lang='lat' dir='ltr'>quam</span> 
     </span>
     <span class='ocr_line' id='line_1_31' title="bbox 405 3095 2366 3248; baseline 0.003 -21"><span class='ocrx_word' id='word_1_232' title='bbox 405 3163 609 3247; x_wconf 88' lang='lat' dir='ltr'>prius,</span> <span class='ocrx_word' id='word_1_233' title='bbox 673 3095 817 3248; x_wconf 49' lang='lat' dir='ltr'>[eff³</span> <span class='ocrx_word' id='word_1_234' title='bbox 833 3166 910 3226; x_wconf 91' lang='lat' dir='ltr'>ut</span> <span class='ocrx_word' id='word_1_235' title='bbox 960 3160 1159 3226; x_wconf 85' lang='lat' dir='ltr'>audio</span> <span class='ocrx_word' id='word_1_236' title='bbox 1200 3161 1508 3227; x_wconf 88' lang='lat' dir='ltr'>nonnihil</span> <span class='ocrx_word' id='word_1_237' title='bbox 1565 3163 1814 3248; x_wconf 85' lang='lat' dir='ltr'>gentile</span> <span class='ocrx_word' id='word_1_238' title='bbox 1855 3166 2117 3248; x_wconf 88' lang='lat' dir='ltr'>patitur.</span> <span class='ocrx_word' id='word_1_239' title='bbox 2207 3163 2366 3232; x_wconf 90' lang='lat' dir='ltr'>Ideo</span> 
     </span>
     <span class='ocr_line' id='line_1_32' title="bbox 406 3245 2364 3421; baseline 0.001 -21"><span class='ocrx_word' id='word_1_240' title='bbox 406 3255 721 3400; x_wconf 56' lang='grc' dir='ltr'>8ψεῖξέ</span> <span class='ocrx_word' id='word_1_241' title='bbox 762 3246 907 3400; x_wconf 63' lang='grc' dir='ltr'>’ἓιῗ</span> <span class='ocrx_word' id='word_1_242' title='bbox 947 3245 1895 3421; x_wconf 50' lang='grc' dir='ltr'>ῧωρἔἓῶῗέἐῖξῗέἒζ)</span> <span class='ocrx_word' id='word_1_243' title='bbox 1919 3250 2364 3404; x_wconf 58' lang='grc' dir='ltr'>ἐὲἓῖἒοὲἷέζ</span> 
     </span>
     <span class='ocr_line' id='line_1_33' title="bbox 405 3419 2368 3520; baseline 0.002 -34"><span class='ocrx_word' id='word_1_244' title='bbox 405 3426 670 3520; x_wconf 87' lang='lat' dir='ltr'>menter</span> <span class='ocrx_word' id='word_1_245' title='bbox 757 3506 771 3520; x_wconf 46' lang='lat'><strong>·</strong></span> <span class='ocrx_word' id='word_1_246' title='bbox 864 3427 1075 3485; x_wconf 83' lang='lat' dir='ltr'>oveat.</span> <span class='ocrx_word' id='word_1_247' title='bbox 1234 3419 1465 3486; x_wconf 90' lang='lat' dir='ltr'>uriam</span> <span class='ocrx_word' id='word_1_248' title='bbox 1498 3441 1813 3507; x_wconf 87' lang='lat' dir='ltr'>magnam</span> <span class='ocrx_word' id='word_1_249' title='bbox 1855 3423 2014 3490; x_wconf 83' lang='lat' dir='ltr'>facit</span> <span class='ocrx_word' id='word_1_250' title='bbox 2055 3422 2368 3489; x_wconf 86' lang='lat' dir='ltr'>fratribus</span> 
     </span>
     <span class='ocr_line' id='line_1_34' title="bbox 406 3502 2372 3680; baseline 0.001 -21"><span class='ocrx_word' id='word_1_251' title='bbox 406 3502 815 3659; x_wconf 41' lang='lat' dir='ltr'>ms&amp;</span> <span class='ocrx_word' id='word_1_252' title='bbox 882 3525 1085 3658; x_wconf 58' lang='lat' dir='ltr'>iffi*</span> <span class='ocrx_word' id='word_1_253' title='bbox 1124 3503 1392 3672; x_wconf 55' lang='lat' dir='ltr'>m?</span> <span class='ocrx_word' id='word_1_254' title='bbox 1420 3528 1597 3677; x_wconf 58' lang='lat'>3333</span> <span class='ocrx_word' id='word_1_255' title='bbox 1610 3509 2027 3678; x_wconf 52' lang='lat' dir='ltr'>qssaiffiiss</span> <span class='ocrx_word' id='word_1_256' title='bbox 2047 3508 2372 3680; x_wconf 54' lang='lat'>3320‘31‘32?</span> 
     </span>
     <span class='ocr_line' id='line_1_35' title="bbox 410 3613 2369 3765; baseline 0.003 -23"><span class='ocrx_word' id='word_1_257' title='bbox 410 3678 493 3745; x_wconf 89' lang='lat' dir='ltr'>de</span> <span class='ocrx_word' id='word_1_258' title='bbox 534 3698 611 3744; x_wconf 90' lang='lat' dir='ltr'>eo</span> <span class='ocrx_word' id='word_1_259' title='bbox 658 3675 965 3765; x_wconf 78' lang='lat' dir='ltr'>[confecta</span> <span class='ocrx_word' id='word_1_260' title='bbox 997 3613 1141 3765; x_wconf 43' lang='grc' dir='ltr'>’Ἓξ</span> <span class='ocrx_word' id='word_1_261' title='bbox 1180 3686 1248 3744; x_wconf 90' lang='lat' dir='ltr'>et</span> <span class='ocrx_word' id='word_1_262' title='bbox 1290 3681 1515 3763; x_wconf 87' lang='lat' dir='ltr'>spargi</span> <span class='ocrx_word' id='word_1_263' title='bbox 1557 3680 1854 3747; x_wconf 86' lang='lat' dir='ltr'>fecerunt</span> <span class='ocrx_word' id='word_1_264' title='bbox 1885 3703 2006 3765; x_wconf 89' lang='lat' dir='ltr'>per</span> <span class='ocrx_word' id='word_1_265' title='bbox 2038 3681 2369 3747; x_wconf 87' lang='lat' dir='ltr'>famulum</span> 
     </span>
     <span class='ocr_line' id='line_1_36' title="bbox 410 3761 2371 3852; baseline 0.002 -22"><span class='ocrx_word' id='word_1_266' title='bbox 410 3763 711 3847; x_wconf 89' lang='lat' dir='ltr'>hospitis.</span> <span class='ocrx_word' id='word_1_267' title='bbox 815 3761 1035 3845; x_wconf 80' lang='lat' dir='ltr'>Quam</span> <span class='ocrx_word' id='word_1_268' title='bbox 1100 3763 1339 3830; x_wconf 78' lang='lat' dir='ltr'>vellem</span> <span class='ocrx_word' id='word_1_269' title='bbox 1403 3767 1870 3852; x_wconf 88' lang='lat' dir='ltr'>cogitaremus,</span> <span class='ocrx_word' id='word_1_270' title='bbox 1938 3789 2059 3834; x_wconf 91' lang='lat' dir='ltr'>nos</span> <span class='ocrx_word' id='word_1_271' title='bbox 2116 3768 2371 3833; x_wconf 86' lang='lat' dir='ltr'>Romae</span> 
     </span>
     <span class='ocr_line' id='line_1_37' title="bbox 409 3848 2367 3938; baseline 0.001 -21"><span class='ocrx_word' id='word_1_272' title='bbox 409 3872 549 3917; x_wconf 91' lang='lat' dir='ltr'>non</span> <span class='ocrx_word' id='word_1_273' title='bbox 583 3869 744 3929; x_wconf 88' lang='lat' dir='ltr'>esse,</span> <span class='ocrx_word' id='word_1_274' title='bbox 780 3848 897 3915; x_wconf 92' lang='lat' dir='ltr'>ubi</span> <span class='ocrx_word' id='word_1_275' title='bbox 963 3849 1314 3938; x_wconf 66' lang='lat' dir='ltr'>nunqnam]</span> <span class='ocrx_word' id='word_1_276' title='bbox 1362 3851 1477 3930; x_wconf 87' lang='lat' dir='ltr'>fui,</span> <span class='ocrx_word' id='word_1_277' title='bbox 1513 3851 1630 3920; x_wconf 89' lang='lat' dir='ltr'>sed</span> <span class='ocrx_word' id='word_1_278' title='bbox 1664 3853 1734 3919; x_wconf 92' lang='lat' dir='ltr'>in</span> <span class='ocrx_word' id='word_1_279' title='bbox 1769 3853 2044 3920; x_wconf 88' lang='lat' dir='ltr'>ecclesia</span> <span class='ocrx_word' id='word_1_280' title='bbox 2065 3854 2367 3920; x_wconf 88' lang='lat' dir='ltr'>Domini:</span> 
     </span>
     <span class='ocr_line' id='line_1_38' title="bbox 412 3935 2371 4024; baseline 0.001 -21"><span class='ocrx_word' id='word_1_281' title='bbox 412 3956 536 4003; x_wconf 88' lang='lat' dir='ltr'>nos</span> <span class='ocrx_word' id='word_1_282' title='bbox 569 3957 708 4002; x_wconf 92' lang='lat' dir='ltr'>non</span> <span class='ocrx_word' id='word_1_283' title='bbox 747 3935 882 4020; x_wconf 90' lang='lat' dir='ltr'>digl</span> <span class='ocrx_word' id='word_1_284' title='bbox 970 3936 1095 4001; x_wconf 87' lang='lat' dir='ltr'>iari</span> <span class='ocrx_word' id='word_1_285' title='bbox 1126 3956 1247 4020; x_wconf 90' lang='lat' dir='ltr'>pro</span> <span class='ocrx_word' id='word_1_286' title='bbox 1281 3938 1690 4021; x_wconf 80' lang='lat' dir='ltr'>praebendis,</span> <span class='ocrx_word' id='word_1_287' title='bbox 1735 3938 1852 4006; x_wconf 87' lang='lat' dir='ltr'>sed</span> <span class='ocrx_word' id='word_1_288' title='bbox 1873 3939 1958 4004; x_wconf 86' lang='lat' dir='ltr'>ad</span> <span class='ocrx_word' id='word_1_289' title='bbox 1980 3940 2371 4024; x_wconf 85' lang='lat' dir='ltr'>sanguinem</span> 
     </span>
     <span class='ocr_line' id='line_1_39' title="bbox 414 4019 2372 4109; baseline 0.001 -21"><span class='ocrx_word' id='word_1_290' title='bbox 414 4044 623 4107; x_wconf 80' lang='lat' dir='ltr'>usque</span> <span class='ocrx_word' id='word_1_291' title='bbox 658 4023 831 4087; x_wconf 88' lang='lat' dir='ltr'>tueri</span> <span class='ocrx_word' id='word_1_292' title='bbox 868 4019 1137 4109; x_wconf 77' lang='lat' dir='ltr'>[debere]</span> <span class='ocrx_word' id='word_1_293' title='bbox 1173 4023 1594 4108; x_wconf 81' lang='lat' dir='ltr'>evangelium</span> <span class='ocrx_word' id='word_1_294' title='bbox 1628 4035 1698 4091; x_wconf 89' lang='lat' dir='ltr'>et</span> <span class='ocrx_word' id='word_1_295' title='bbox 1730 4027 2078 4092; x_wconf 86' lang='lat' dir='ltr'>veritatem</span> <span class='ocrx_word' id='word_1_296' title='bbox 2101 4026 2372 4106; x_wconf 72' lang='lat' dir='ltr'>Christi,</span> 
     </span>
     <span class='ocr_line' id='line_1_40' title="bbox 414 4107 2371 4194; baseline 0.001 -19"><span class='ocrx_word' id='word_1_297' title='bbox 414 4109 604 4176; x_wconf 86' lang='lat' dir='ltr'>nobis</span> <span class='ocrx_word' id='word_1_298' title='bbox 638 4107 722 4194; x_wconf 86' lang='lat'>¹¹)</span> <span class='ocrx_word' id='word_1_299' title='bbox 765 4129 899 4173; x_wconf 90' lang='lat' dir='ltr'>non</span> <span class='ocrx_word' id='word_1_300' title='bbox 941 4126 1165 4173; x_wconf 90' lang='lat' dir='ltr'>coram</span> <span class='ocrx_word' id='word_1_301' title='bbox 1207 4108 1530 4175; x_wconf 90' lang='lat' dir='ltr'>iudicibus</span> <span class='ocrx_word' id='word_1_302' title='bbox 1569 4111 1783 4178; x_wconf 86' lang='lat' dir='ltr'>Rotae</span> <span class='ocrx_word' id='word_1_303' title='bbox 1825 4111 1942 4177; x_wconf 89' lang='lat' dir='ltr'>sed</span> <span class='ocrx_word' id='word_1_304' title='bbox 1986 4131 2209 4177; x_wconf 89' lang='lat' dir='ltr'>coram</span> <span class='ocrx_word' id='word_1_305' title='bbox 2250 4113 2371 4177; x_wconf 87' lang='lat' dir='ltr'>tri-</span> 
     </span>
     <span class='ocr_line' id='line_1_41' title="bbox 414 4190 2374 4283; baseline -0.001 -21"><span class='ocrx_word' id='word_1_306' title='bbox 414 4194 640 4262; x_wconf 90' lang='lat' dir='ltr'>bunali</span> <span class='ocrx_word' id='word_1_307' title='bbox 708 4192 963 4259; x_wconf 84' lang='lat' dir='ltr'>Christi</span> <span class='ocrx_word' id='word_1_308' title='bbox 1029 4190 1540 4283; x_wconf 63' lang='lat' dir='ltr'>[compar-ituros]</span> <span class='ocrx_word' id='word_1_309' title='bbox 1557 4246 1575 4277; x_wconf 89' lang='lat'>‚</span> <span class='ocrx_word' id='word_1_310' title='bbox 1639 4206 1707 4263; x_wconf 89' lang='lat' dir='ltr'>et</span> <span class='ocrx_word' id='word_1_311' title='bbox 1770 4197 1918 4263; x_wconf 92' lang='lat' dir='ltr'>ideo</span> <span class='ocrx_word' id='word_1_312' title='bbox 1985 4198 2242 4264; x_wconf 88' lang='lat' dir='ltr'>sobrius</span> <span class='ocrx_word' id='word_1_313' title='bbox 2306 4207 2374 4262; x_wconf 88' lang='lat' dir='ltr'>et</span> 
     </span>
     <span class='ocr_line' id='line_1_42' title="bbox 416 4279 2372 4364; baseline 0.001 -16"><span class='ocrx_word' id='word_1_314' title='bbox 416 4282 641 4348; x_wconf 79' lang='lat' dir='ltr'>verius</span> <span class='ocrx_word' id='word_1_315' title='bbox 697 4301 1058 4364; x_wconf 89' lang='lat' dir='ltr'>ageremus.</span> <span class='ocrx_word' id='word_1_316' title='bbox 1160 4279 1339 4363; x_wconf 83' lang='lat' dir='ltr'>Quid</span> <span class='ocrx_word' id='word_1_317' title='bbox 1393 4283 1659 4348; x_wconf 90' lang='lat' dir='ltr'>mentiri</span> <span class='ocrx_word' id='word_1_318' title='bbox 1719 4284 1815 4349; x_wconf 89' lang='lat' dir='ltr'>ita</span> <span class='ocrx_word' id='word_1_319' title='bbox 1871 4283 2058 4351; x_wconf 80' lang='lat' dir='ltr'>iuvat</span> <span class='ocrx_word' id='word_1_320' title='bbox 2114 4292 2183 4349; x_wconf 91' lang='lat' dir='ltr'>et</span> <span class='ocrx_word' id='word_1_321' title='bbox 2235 4305 2372 4349; x_wconf 89' lang='lat' dir='ltr'>nou</span> 
     </span>
     <span class='ocr_line' id='line_1_43' title="bbox 417 4364 2375 4454; baseline 0.001 -21"><span class='ocrx_word' id='word_1_322' title='bbox 417 4365 667 4451; x_wconf 80' lang='lat' dir='ltr'>pudet?</span> <span class='ocrx_word' id='word_1_323' title='bbox 756 4367 999 4431; x_wconf 85' lang='lat' dir='ltr'>Annon</span> <span class='ocrx_word' id='word_1_324' title='bbox 1040 4364 1477 4454; x_wconf 75' lang='lat' dir='ltr'>prius[quam]</span> <span class='ocrx_word' id='word_1_325' title='bbox 1533 4369 1769 4435; x_wconf 86' lang='lat' dir='ltr'>fratres</span> <span class='ocrx_word' id='word_1_326' title='bbox 1815 4370 1970 4437; x_wconf 91' lang='lat' dir='ltr'>hine</span> <span class='ocrx_word' id='word_1_327' title='bbox 2023 4369 2375 4438; x_wconf 81' lang='lat' dir='ltr'>solvissent</span> 
     </span>
     <span class='ocr_line' id='line_1_44' title="bbox 419 4450 2371 4540; baseline 0.001 -21"><span class='ocrx_word' id='word_1_328' title='bbox 419 4460 487 4520; x_wconf 89' lang='lat' dir='ltr'>et</span> <span class='ocrx_word' id='word_1_329' title='bbox 542 4450 895 4519; x_wconf 86' lang='lat' dir='ltr'>rediissent</span> <span class='ocrx_word' id='word_1_330' title='bbox 949 4451 1519 4538; x_wconf 78' lang='lat' dir='ltr'>Mombelgardum</span> <span class='ocrx_word' id='word_1_331' title='bbox 1582 4476 1813 4540; x_wconf 86' lang='lat' dir='ltr'>sparsa</span> <span class='ocrx_word' id='word_1_332' title='bbox 1875 4466 2067 4522; x_wconf 88' lang='lat' dir='ltr'>erant</span> <span class='ocrx_word' id='word_1_333' title='bbox 2130 4456 2371 4534; x_wconf 90' lang='lat' dir='ltr'>omnia,</span> 
     </span>
     <span class='ocr_line' id='line_1_45' title="bbox 419 4537 2370 4628; baseline 0.001 -23"><span class='ocrx_word' id='word_1_334' title='bbox 419 4540 719 4605; x_wconf 88' lang='lat' dir='ltr'>omnium</span> <span class='ocrx_word' id='word_1_335' title='bbox 773 4539 1060 4604; x_wconf 87' lang='lat' dir='ltr'>maximo</span> <span class='ocrx_word' id='word_1_336' title='bbox 1117 4537 1608 4628; x_wconf 78' lang='lat' dir='ltr'>offendi[culo?]</span> <span class='ocrx_word' id='word_1_337' title='bbox 1701 4539 1891 4624; x_wconf 63' lang='lat' dir='ltr'>‚Quid</span> <span class='ocrx_word' id='word_1_338' title='bbox 1947 4562 2136 4608; x_wconf 90' lang='lat' dir='ltr'>rasus</span> <span class='ocrx_word' id='word_1_339' title='bbox 2192 4541 2370 4619; x_wconf 88' lang='lat' dir='ltr'>olim,</span> 
     </span>
     <span class='ocr_line' id='line_1_46' title="bbox 421 4623 2373 4710; baseline 0.001 -20"><span class='ocrx_word' id='word_1_340' title='bbox 421 4633 490 4690; x_wconf 92' lang='lat' dir='ltr'>et</span> <span class='ocrx_word' id='word_1_341' title='bbox 552 4623 768 4691; x_wconf 82' lang='lat' dir='ltr'>adhuc</span> <span class='ocrx_word' id='word_1_342' title='bbox 832 4623 1089 4691; x_wconf 89' lang='lat' dir='ltr'>culinae</span> <span class='ocrx_word' id='word_1_343' title='bbox 1152 4626 1522 4710; x_wconf 85' lang='lat' dir='ltr'>pontificiae</span> <span class='ocrx_word' id='word_1_344' title='bbox 1584 4626 1903 4706; x_wconf 87' lang='lat' dir='ltr'>addictus,</span> <span class='ocrx_word' id='word_1_345' title='bbox 1970 4626 2127 4693; x_wconf 90' lang='lat' dir='ltr'>dum</span> <span class='ocrx_word' id='word_1_346' title='bbox 2192 4628 2373 4693; x_wconf 79' lang='lat' dir='ltr'>cives</span> 
     </span>
     <span class='ocr_line' id='line_1_47' title="bbox 421 4709 2371 4801; baseline 0.001 -24"><span class='ocrx_word' id='word_1_347' title='bbox 421 4719 857 4793; x_wconf 86' lang='lat' dir='ltr'>quererentur</span> <span class='ocrx_word' id='word_1_348' title='bbox 898 4711 1073 4775; x_wconf 88' lang='lat' dir='ltr'>inter</span> <span class='ocrx_word' id='word_1_349' title='bbox 1115 4732 1186 4778; x_wconf 90' lang='lat' dir='ltr'>se</span> <span class='ocrx_word' id='word_1_350' title='bbox 1229 4711 1312 4777; x_wconf 90' lang='lat' dir='ltr'>de</span> <span class='ocrx_word' id='word_1_351' title='bbox 1355 4709 1703 4799; x_wconf 78' lang='lat' dir='ltr'>ablega[tis</span> <span class='ocrx_word' id='word_1_352' title='bbox 1730 4712 1813 4801; x_wconf 80' lang='lat' dir='ltr'>et]</span> <span class='ocrx_word' id='word_1_353' title='bbox 1853 4711 1935 4779; x_wconf 91' lang='lat' dir='ltr'>de</span> <span class='ocrx_word' id='word_1_354' title='bbox 1969 4734 2046 4780; x_wconf 90' lang='lat' dir='ltr'>eo</span> <span class='ocrx_word' id='word_1_355' title='bbox 2080 4713 2193 4796; x_wconf 91' lang='lat' dir='ltr'>qui</span> <span class='ocrx_word' id='word_1_356' title='bbox 2234 4720 2371 4778; x_wconf 88' lang='lat' dir='ltr'>tam</span> 
     </span>
     <span class='ocr_line' id='line_1_48' title="bbox 422 4793 2375 4973; baseline 0.002 -25"><span class='ocrx_word' id='word_1_357' title='bbox 422 4797 624 4949; x_wconf 61' lang='lat' dir='ltr'>³5:1¹5}ss</span> <span class='ocrx_word' id='word_1_358' title='bbox 651 4796 1286 4966; x_wconf 55' lang='lat' dir='ltr'>‹is‘ssssfflpffiffi’</span> <span class='ocrx_word' id='word_1_359' title='bbox 1310 4795 1705 4969; x_wconf 47' lang='lat'>..22132333</span> <span class='ocrx_word' id='word_1_360' title='bbox 1710 4793 2375 4973; x_wconf 54' lang='grc' dir='ltr'>[ῧοῖἓῖῗῃέἓῖἐὲῗ</span> 
     </span>
    </p>
   </div>
   <div class='ocr_carea' id='block_1_3' title="bbox 597 5119 2163 5397">
    <p class='ocr_par' dir='ltr' id='par_1_4' title="bbox 597 5119 2163 5397">
     <span class='ocr_line' id='line_1_49' title="bbox 629 5119 2163 5262; baseline 0.002 -20"><span class='ocrx_word' id='word_1_361' title='bbox 629 5119 693 5255; x_wconf 49' lang='grc' dir='ltr'>ἐξ</span> <span class='ocrx_word' id='word_1_362' title='bbox 727 5187 820 5247; x_wconf 72' lang='grc' dir='ltr'>Βίο</span> <span class='ocrx_word' id='word_1_363' title='bbox 848 5119 1138 5246; x_wconf 48' lang='lat' dir='ltr'>sgrtg&#39;mus</span> <span class='ocrx_word' id='word_1_364' title='bbox 1171 5205 1238 5245; x_wconf 65' lang='grc' dir='ltr'>σε</span> <span class='ocrx_word' id='word_1_365' title='bbox 1270 5194 1597 5249; x_wconf 62' lang='lat' dir='ltr'>cauma.</span> <span class='ocrx_word' id='word_1_366' title='bbox 1679 5193 1736 5247; x_wconf 86' lang='lat' dir='ltr'>T.</span> <span class='ocrx_word' id='word_1_367' title='bbox 1766 5193 2017 5262; x_wconf 76' lang='lat' dir='ltr'>praebet.-</span> <span class='ocrx_word' id='word_1_368' title='bbox 2052 5194 2163 5248; x_wconf 86' lang='lat' dir='ltr'>illo.</span> 
     </span>
     <span class='ocr_line' id='line_1_50' title="bbox 597 5256 990 5325; baseline 0.005 -16"><span class='ocrx_word' id='word_1_369' title='bbox 597 5256 691 5325; x_wconf 88' lang='lat'>10)</span> <span class='ocrx_word' id='word_1_370' title='bbox 726 5259 990 5314; x_wconf 73' lang='lat' dir='ltr'>confictu?</span> 
     </span>
     <span class='ocr_line' id='line_1_51' title="bbox 600 5325 1017 5397; baseline 0.014 -19"><span class='ocrx_word' id='word_1_371' title='bbox 600 5325 697 5394; x_wconf 80' lang='lat'>11)</span> <span class='ocrx_word' id='word_1_372' title='bbox 728 5328 867 5397; x_wconf 60' lang='lat' dir='ltr'>lm.-</span> <span class='ocrx_word' id='word_1_373' title='bbox 901 5343 1017 5383; x_wconf 69' lang='grc'><strong>1108.</strong></span> 
     </span>
    </p>
   </div>
   <div class='ocr_carea' id='block_1_4' title="bbox 1929 394 2922 463">
    <p class='ocr_par' dir='ltr' id='par_1_5' title="bbox 1929 394 2922 463">
     <span class='ocr_line' id='line_1_52' title="bbox 1929 394 2922 463; baseline -0.006 -2"><span class='ocrx_word' id='word_1_374' title='bbox 1929 394 2456 463; x_wconf 74' lang='lat' dir='ltr'>BPISTOLAE</span> <span class='ocrx_word' id='word_1_375' title='bbox 2498 402 2922 462; x_wconf 44' lang='lat'>2197—-2193</span> 
     </span>
    </p>
   </div>
   <div class='ocr_carea' id='block_1_5' title="bbox 2422 592 2430 5368">
    <p class='ocr_par' dir='ltr' id='par_1_6' title="bbox 2422 592 2430 5368">
     <span class='ocr_line' id='line_1_53' title="bbox 2422 592 2430 5368; baseline 0 0"><span class='ocrx_word' id='word_1_376' title='bbox 2422 592 2430 5368; x_wconf 95' lang='lat' dir='ltr'> </span> 
     </span>
    </p>
   </div>
   <div class='ocr_carea' id='block_1_6' title="bbox 4305 397 4429 458">
    <p class='ocr_par' dir='ltr' id='par_1_7' title="bbox 4305 397 4429 458">
     <span class='ocr_line' id='line_1_54' title="bbox 4305 397 4429 458; baseline 0 0"><span class='ocrx_word' id='word_1_377' title='bbox 4305 397 4429 458; x_wconf 76' lang='lat'>596</span> 
     </span>
    </p>
   </div>
   <div class='ocr_carea' id='block_1_7' title="bbox 2466 580 4433 4801">
    <p class='ocr_par' dir='ltr' id='par_1_8' title="bbox 2466 580 4433 4801">
     <span class='ocr_line' id='line_1_55' title="bbox 2477 580 4430 669; baseline -0.003 -17"><span class='ocrx_word' id='word_1_378' title='bbox 2477 586 2710 652; x_wconf 89' lang='lat' dir='ltr'>bamus</span> <span class='ocrx_word' id='word_1_379' title='bbox 2766 583 3079 663; x_wconf 79' lang='lat' dir='ltr'>dicerent,</span> <span class='ocrx_word' id='word_1_380' title='bbox 3117 586 3198 663; x_wconf 65' lang='grc' dir='ltr'>ι’3)</span> <span class='ocrx_word' id='word_1_381' title='bbox 3264 605 3501 668; x_wconf 88' lang='lat' dir='ltr'>nempe</span> <span class='ocrx_word' id='word_1_382' title='bbox 3564 592 3862 669; x_wconf 78' lang='lat' dir='ltr'>oportere</span> <span class='ocrx_word' id='word_1_383' title='bbox 3919 585 4189 649; x_wconf 81' lang='lat' dir='ltr'>missam</span> <span class='ocrx_word' id='word_1_384' title='bbox 4247 580 4430 648; x_wconf 84' lang='lat' dir='ltr'>adire</span> 
     </span>
     <span class='ocr_line' id='line_1_56' title="bbox 2478 667 4429 754; baseline -0.002 -18"><span class='ocrx_word' id='word_1_385' title='bbox 2478 680 2545 736; x_wconf 90' lang='lat' dir='ltr'>et</span> <span class='ocrx_word' id='word_1_386' title='bbox 2606 673 2719 754; x_wconf 89' lang='lat' dir='ltr'>qui</span> <span class='ocrx_word' id='word_1_387' title='bbox 2783 694 2863 737; x_wconf 85' lang='lat' dir='ltr'>ex</span> <span class='ocrx_word' id='word_1_388' title='bbox 2930 672 3175 737; x_wconf 86' lang='lat' dir='ltr'>nostris</span> <span class='ocrx_word' id='word_1_389' title='bbox 3244 682 3467 737; x_wconf 90' lang='lat' dir='ltr'>essent</span> <span class='ocrx_word' id='word_1_390' title='bbox 3487 668 3520 733; x_wconf 86' lang='lat'><strong>?</strong></span> <span class='ocrx_word' id='word_1_391' title='bbox 3622 670 3797 736; x_wconf 86' lang='lat' dir='ltr'>Ecce</span> <span class='ocrx_word' id='word_1_392' title='bbox 3861 668 4120 736; x_wconf 77' lang='lat' dir='ltr'>adsunt.</span> <span class='ocrx_word' id='word_1_393' title='bbox 4221 667 4429 751; x_wconf 79' lang='lat' dir='ltr'>quue</span> 
     </span>
     <span class='ocr_line' id='line_1_57' title="bbox 2480 754 4430 844; baseline -0.002 -21"><span class='ocrx_word' id='word_1_394' title='bbox 2480 754 2726 844; x_wconf 78' lang='lat' dir='ltr'>[pleno]</span> <span class='ocrx_word' id='word_1_395' title='bbox 2773 759 2934 836; x_wconf 84' lang='lat' dir='ltr'>vico,</span> <span class='ocrx_word' id='word_1_396' title='bbox 2981 757 3092 823; x_wconf 91' lang='lat' dir='ltr'>ubi</span> <span class='ocrx_word' id='word_1_397' title='bbox 3135 757 3391 823; x_wconf 88' lang='lat' dir='ltr'>circiter</span> <span class='ocrx_word' id='word_1_398' title='bbox 3425 756 3899 841; x_wconf 81' lang='lat' dir='ltr'>quinquaginta</span> <span class='ocrx_word' id='word_1_399' title='bbox 3942 755 4237 821; x_wconf 88' lang='lat' dir='ltr'>aderant.</span> <span class='ocrx_word' id='word_1_400' title='bbox 4302 754 4430 820; x_wconf 82' lang='lat' dir='ltr'>Est</span> 
     </span>
     <span class='ocr_line' id='line_1_58' title="bbox 2475 841 4428 909; baseline -0.001 -2"><span class='ocrx_word' id='word_1_401' title='bbox 2475 863 2664 908; x_wconf 89' lang='lat' dir='ltr'>rasus</span> <span class='ocrx_word' id='word_1_402' title='bbox 2722 842 2834 908; x_wconf 82' lang='lat' dir='ltr'>ille</span> <span class='ocrx_word' id='word_1_403' title='bbox 2889 843 3239 909; x_wconf 86' lang='lat' dir='ltr'>canonicus</span> <span class='ocrx_word' id='word_1_404' title='bbox 3282 842 3776 909; x_wconf 89' lang='lat' dir='ltr'>Rancurieusis.</span> <span class='ocrx_word' id='word_1_405' title='bbox 3861 841 4177 906; x_wconf 82' lang='lat' dir='ltr'>Fratrum</span> <span class='ocrx_word' id='word_1_406' title='bbox 4237 860 4428 906; x_wconf 89' lang='lat' dir='ltr'>nemo</span> 
     </span>
     <span class='ocr_line' id='line_1_59' title="bbox 2475 927 4425 1017; baseline -0.002 -24"><span class='ocrx_word' id='word_1_407' title='bbox 2475 927 2740 1017; x_wconf 77' lang='lat' dir='ltr'>ad[lmc]</span> <span class='ocrx_word' id='word_1_408' title='bbox 2787 929 3033 1012; x_wconf 86' lang='lat' dir='ltr'>aliquid</span> <span class='ocrx_word' id='word_1_409' title='bbox 3076 929 3392 994; x_wconf 86' lang='lat' dir='ltr'>audierat.</span> <span class='ocrx_word' id='word_1_410' title='bbox 3473 929 3564 994; x_wconf 88' lang='lat' dir='ltr'>Et</span> <span class='ocrx_word' id='word_1_411' title='bbox 3608 936 3866 994; x_wconf 88' lang='lat' dir='ltr'>tantum</span> <span class='ocrx_word' id='word_1_412' title='bbox 3910 927 4095 993; x_wconf 86' lang='lat' dir='ltr'>abest</span> <span class='ocrx_word' id='word_1_413' title='bbox 4147 938 4219 993; x_wconf 83' lang='lat' dir='ltr'>ut·</span> <span class='ocrx_word' id='word_1_414' title='bbox 4270 945 4425 991; x_wconf 88' lang='lat' dir='ltr'>con-</span> 
     </span>
     <span class='ocr_line' id='line_1_60' title="bbox 2475 1011 4427 1099; baseline -0.001 -19"><span class='ocrx_word' id='word_1_415' title='bbox 2475 1015 2789 1081; x_wconf 86' lang='lat' dir='ltr'>finxerint</span> <span class='ocrx_word' id='word_1_416' title='bbox 2845 1036 3047 1098; x_wconf 90' lang='lat' dir='ltr'>quum</span> <span class='ocrx_word' id='word_1_417' title='bbox 3104 1017 3173 1079; x_wconf 89' lang='lat' dir='ltr'>in</span> <span class='ocrx_word' id='word_1_418' title='bbox 3226 1016 3589 1081; x_wconf 80' lang='lat' dir='ltr'>diversorio</span> <span class='ocrx_word' id='word_1_419' title='bbox 3645 1025 3796 1099; x_wconf 86' lang='lat' dir='ltr'>post</span> <span class='ocrx_word' id='word_1_420' title='bbox 3849 1014 4170 1078; x_wconf 89' lang='lat' dir='ltr'>seminata</span> <span class='ocrx_word' id='word_1_421' title='bbox 4224 1011 4427 1078; x_wconf 77' lang='lat' dir='ltr'>verbs</span> 
     </span>
     <span class='ocr_line' id='line_1_61' title="bbox 2479 1098 4428 1188; baseline -0.002 -20"><span class='ocrx_word' id='word_1_422' title='bbox 2479 1098 2805 1188; x_wconf 64' lang='lat' dir='ltr'>Glaufflii]</span> <span class='ocrx_word' id='word_1_423' title='bbox 2851 1101 3158 1166; x_wconf 86' lang='lat' dir='ltr'>audirent</span> <span class='ocrx_word' id='word_1_424' title='bbox 3200 1122 3240 1166; x_wconf 91' lang='lat' dir='ltr'>a</span> <span class='ocrx_word' id='word_1_425' title='bbox 3281 1102 3556 1179; x_wconf 83' lang='lat' dir='ltr'>famulo,</span> <span class='ocrx_word' id='word_1_426' title='bbox 3615 1101 3830 1184; x_wconf 87' lang='lat' dir='ltr'>ipsum</span> <span class='ocrx_word' id='word_1_427' title='bbox 3875 1098 4240 1184; x_wconf 78' lang='lat' dir='ltr'>arguebant</span> <span class='ocrx_word' id='word_1_428' title='bbox 4279 1107 4428 1164; x_wconf 81' lang='lat' dir='ltr'>tan-</span> 
     </span>
     <span class='ocr_line' id='line_1_62' title="bbox 2475 1184 4426 1270; baseline -0.001 -19"><span class='ocrx_word' id='word_1_429' title='bbox 2475 1207 2668 1270; x_wconf 89' lang='lat' dir='ltr'>quam</span> <span class='ocrx_word' id='word_1_430' title='bbox 2726 1187 3039 1252; x_wconf 87' lang='lat' dir='ltr'>iniurium</span> <span class='ocrx_word' id='word_1_431' title='bbox 3091 1185 3375 1253; x_wconf 75' lang='lat' dir='ltr'>Claudio.</span> <span class='ocrx_word' id='word_1_432' title='bbox 3465 1187 3614 1251; x_wconf 89' lang='lat' dir='ltr'>Non</span> <span class='ocrx_word' id='word_1_433' title='bbox 3675 1186 3849 1251; x_wconf 89' lang='lat' dir='ltr'>enim</span> <span class='ocrx_word' id='word_1_434' title='bbox 3906 1187 3999 1250; x_wconf 85' lang='lat' dir='ltr'>ita</span> <span class='ocrx_word' id='word_1_435' title='bbox 4054 1184 4426 1268; x_wconf 89' lang='lat' dir='ltr'>improbum</span> 
     </span>
     <span class='ocr_line' id='line_1_63' title="bbox 2477 1270 4429 1360; baseline -0.002 -23"><span class='ocrx_word' id='word_1_436' title='bbox 2477 1293 2766 1355; x_wconf 86' lang='lat' dir='ltr'>unquam</span> <span class='ocrx_word' id='word_1_437' title='bbox 2827 1270 3215 1360; x_wconf 77' lang='lat' dir='ltr'>[putassent]</span> <span class='ocrx_word' id='word_1_438' title='bbox 3234 1325 3250 1351; x_wconf 91' lang='lat'>,</span> <span class='ocrx_word' id='word_1_439' title='bbox 3308 1296 3429 1339; x_wconf 91' lang='lat' dir='ltr'>nec</span> <span class='ocrx_word' id='word_1_440' title='bbox 3492 1274 3844 1338; x_wconf 77' lang='lat' dir='ltr'>Tossanum</span> <span class='ocrx_word' id='word_1_441' title='bbox 3899 1293 3976 1337; x_wconf 91' lang='lat' dir='ltr'>eo</span> <span class='ocrx_word' id='word_1_442' title='bbox 4038 1271 4300 1337; x_wconf 84' lang='lat' dir='ltr'>venisse</span> <span class='ocrx_word' id='word_1_443' title='bbox 4353 1280 4429 1334; x_wconf 88' lang='lat' dir='ltr'>ut</span> 
     </span>
     <span class='ocr_line' id='line_1_64' title="bbox 2476 1357 4429 1442; baseline -0.002 -18"><span class='ocrx_word' id='word_1_444' title='bbox 2476 1357 2678 1424; x_wconf 89' lang='lat' dir='ltr'>talem</span> <span class='ocrx_word' id='word_1_445' title='bbox 2722 1358 3012 1442; x_wconf 89' lang='lat' dir='ltr'>eligeret.</span> <span class='ocrx_word' id='word_1_446' title='bbox 3105 1360 3356 1424; x_wconf 88' lang='lat' dir='ltr'>Verum</span> <span class='ocrx_word' id='word_1_447' title='bbox 3400 1359 3685 1425; x_wconf 88' lang='lat' dir='ltr'>famulus</span> <span class='ocrx_word' id='word_1_448' title='bbox 3730 1367 4103 1424; x_wconf 88' lang='lat' dir='ltr'>constanter</span> <span class='ocrx_word' id='word_1_449' title='bbox 4147 1357 4429 1423; x_wconf 86' lang='lat' dir='ltr'>affirma-</span> 
     </span>
     <span class='ocr_line' id='line_1_65' title="bbox 2478 1442 4427 1532; baseline -0.002 -23"><span class='ocrx_word' id='word_1_450' title='bbox 2478 1446 2604 1510; x_wconf 84' lang='lat' dir='ltr'>bat.</span> <span class='ocrx_word' id='word_1_451' title='bbox 2677 1445 2770 1509; x_wconf 86' lang='lat' dir='ltr'>Et</span> <span class='ocrx_word' id='word_1_452' title='bbox 2849 1445 3105 1511; x_wconf 88' lang='lat' dir='ltr'>uamvis</span> <span class='ocrx_word' id='word_1_453' title='bbox 3147 1443 3534 1532; x_wconf 73' lang='lat' dir='ltr'>[Tessanus]</span> <span class='ocrx_word' id='word_1_454' title='bbox 3581 1445 3703 1515; x_wconf 87' lang='lat' dir='ltr'>hoc</span> <span class='ocrx_word' id='word_1_455' title='bbox 3747 1444 4126 1528; x_wconf 85' lang='lat' dir='ltr'>intelligens</span> <span class='ocrx_word' id='word_1_456' title='bbox 4168 1444 4296 1507; x_wconf 84' lang='lat' dir='ltr'>iam</span> <span class='ocrx_word' id='word_1_457' title='bbox 4344 1442 4427 1507; x_wconf 85' lang='lat' dir='ltr'>ab</span> 
     </span>
     <span class='ocr_line' id='line_1_66' title="bbox 2475 1527 4427 1614; baseline -0.002 -19"><span class='ocrx_word' id='word_1_458' title='bbox 2475 1531 2754 1614; x_wconf 88' lang='lat' dir='ltr'>hospitio</span> <span class='ocrx_word' id='word_1_459' title='bbox 2919 1533 3143 1596; x_wconf 73' lang='lat' dir='ltr'>adium</span> <span class='ocrx_word' id='word_1_460' title='bbox 3186 1545 3520 1598; x_wconf 83' lang='lat' dir='ltr'>evocasset</span> <span class='ocrx_word' id='word_1_461' title='bbox 3562 1554 3646 1596; x_wconf 89' lang='lat' dir='ltr'>ne</span> <span class='ocrx_word' id='word_1_462' title='bbox 3704 1533 3758 1596; x_wconf 85' lang='lat' dir='ltr'>is</span> <span class='ocrx_word' id='word_1_463' title='bbox 3813 1531 4042 1596; x_wconf 86' lang='lat' dir='ltr'>testari</span> <span class='ocrx_word' id='word_1_464' title='bbox 4098 1530 4304 1612; x_wconf 87' lang='lat' dir='ltr'>possit</span> <span class='ocrx_word' id='word_1_465' title='bbox 4346 1527 4427 1593; x_wconf 89' lang='lat' dir='ltr'>de</span> 
     </span>
     <span class='ocr_line' id='line_1_67' title="bbox 2473 1613 4426 1704; baseline -0.002 -22"><span class='ocrx_word' id='word_1_466' title='bbox 2473 1618 2753 1682; x_wconf 77' lang='lat' dir='ltr'>fratrum</span> <span class='ocrx_word' id='word_1_467' title='bbox 2814 1616 3126 1693; x_wconf 79' lang='lat' dir='ltr'>candore,</span> <span class='ocrx_word' id='word_1_468' title='bbox 3189 1628 3408 1683; x_wconf 87' lang='lat' dir='ltr'>tamen</span> <span class='ocrx_word' id='word_1_469' title='bbox 3469 1616 3743 1704; x_wconf 81' lang='lat' dir='ltr'>hos[pes</span> <span class='ocrx_word' id='word_1_470' title='bbox 3790 1613 4015 1702; x_wconf 72' lang='lat' dir='ltr'>potest]</span> <span class='ocrx_word' id='word_1_471' title='bbox 4073 1616 4194 1682; x_wconf 90' lang='lat' dir='ltr'>hoc</span> <span class='ocrx_word' id='word_1_472' title='bbox 4237 1614 4426 1698; x_wconf 85' lang='lat' dir='ltr'>plene</span> 
     </span>
     <span class='ocr_line' id='line_1_68' title="bbox 2472 1701 4428 1785; baseline -0.002 -17"><span class='ocrx_word' id='word_1_473' title='bbox 2472 1703 2806 1768; x_wconf 85' lang='lat' dir='ltr'>testificari</span> <span class='ocrx_word' id='word_1_474' title='bbox 2854 1714 2921 1768; x_wconf 90' lang='lat' dir='ltr'>et</span> <span class='ocrx_word' id='word_1_475' title='bbox 2965 1724 3083 1768; x_wconf 86' lang='lat' dir='ltr'>nos</span> <span class='ocrx_word' id='word_1_476' title='bbox 3126 1725 3352 1768; x_wconf 87' lang='lat' dir='ltr'>omnes</span> <span class='ocrx_word' id='word_1_477' title='bbox 3396 1726 3436 1767; x_wconf 88' lang='lat' dir='ltr'>a</span> <span class='ocrx_word' id='word_1_478' title='bbox 3480 1706 3807 1770; x_wconf 89' lang='lat' dir='ltr'>calumnia</span> <span class='ocrx_word' id='word_1_479' title='bbox 3867 1718 3997 1767; x_wconf 85' lang='lat' dir='ltr'>tam</span> <span class='ocrx_word' id='word_1_480' title='bbox 4060 1701 4428 1785; x_wconf 87' lang='lat' dir='ltr'>impudenti</span> 
     </span>
     <span class='ocr_line' id='line_1_69' title="bbox 2471 1784 4425 1875; baseline -0.001 -23"><span class='ocrx_word' id='word_1_481' title='bbox 2471 1787 2712 1854; x_wconf 87' lang='lat' dir='ltr'>fratres</span> <span class='ocrx_word' id='word_1_482' title='bbox 2748 1787 3104 1868; x_wconf 84' lang='lat' dir='ltr'>vindicare,</span> <span class='ocrx_word' id='word_1_483' title='bbox 3152 1811 3351 1873; x_wconf 86' lang='lat' dir='ltr'>quum</span> <span class='ocrx_word' id='word_1_484' title='bbox 3400 1790 3480 1855; x_wconf 82' lang='lat' dir='ltr'>ab</span> <span class='ocrx_word' id='word_1_485' title='bbox 3525 1790 3669 1855; x_wconf 85' lang='lat' dir='ltr'>aliis</span> <span class='ocrx_word' id='word_1_486' title='bbox 3713 1790 3841 1856; x_wconf 89' lang='lat' dir='ltr'>fide</span> <span class='ocrx_word' id='word_1_487' title='bbox 3885 1785 4136 1875; x_wconf 77' lang='lat' dir='ltr'>dig[nis</span> <span class='ocrx_word' id='word_1_488' title='bbox 4176 1784 4274 1874; x_wconf 70' lang='lat' dir='ltr'>id]</span> <span class='ocrx_word' id='word_1_489' title='bbox 4320 1787 4425 1851; x_wconf 90' lang='lat' dir='ltr'>in·</span> 
     </span>
     <span class='ocr_line' id='line_1_70' title="bbox 2470 1873 4428 1960; baseline -0.001 -21"><span class='ocrx_word' id='word_1_490' title='bbox 2470 1875 2935 1940; x_wconf 87' lang='lat' dir='ltr'>tellexerimus.</span> <span class='ocrx_word' id='word_1_491' title='bbox 3005 1873 3184 1956; x_wconf 79' lang='lat' dir='ltr'>Quid</span> <span class='ocrx_word' id='word_1_492' title='bbox 3220 1879 3430 1960; x_wconf 85' lang='lat' dir='ltr'>egerit</span> <span class='ocrx_word' id='word_1_493' title='bbox 3465 1897 3616 1941; x_wconf 92' lang='lat' dir='ltr'>cum</span> <span class='ocrx_word' id='word_1_494' title='bbox 3653 1877 3896 1941; x_wconf 85' lang='lat' dir='ltr'>famulo</span> <span class='ocrx_word' id='word_1_495' title='bbox 3929 1874 4063 1952; x_wconf 82' lang='lat' dir='ltr'>illo,</span> <span class='ocrx_word' id='word_1_496' title='bbox 4110 1875 4428 1938; x_wconf 70' lang='lat' dir='ltr'>Tossanue</span> 
     </span>
     <span class='ocr_line' id='line_1_71' title="bbox 2470 1955 4424 2045; baseline -0.001 -20"><span class='ocrx_word' id='word_1_497' title='bbox 2470 1960 2728 2025; x_wconf 82' lang='lat' dir='ltr'>viderit.</span> <span class='ocrx_word' id='word_1_498' title='bbox 2811 1961 3076 2027; x_wconf 88' lang='lat' dir='ltr'>Veritas</span> <span class='ocrx_word' id='word_1_499' title='bbox 3119 1962 3245 2027; x_wconf 89' lang='lat' dir='ltr'>erit</span> <span class='ocrx_word' id='word_1_500' title='bbox 3291 1963 3532 2027; x_wconf 84' lang='lat' dir='ltr'>veritas</span> <span class='ocrx_word' id='word_1_501' title='bbox 3573 1974 3640 2026; x_wconf 92' lang='lat' dir='ltr'>et</span> <span class='ocrx_word' id='word_1_502' title='bbox 3683 1961 4093 2027; x_wconf 77' lang='lat' dir='ltr'>mendacium</span> <span class='ocrx_word' id='word_1_503' title='bbox 4139 1955 4424 2045; x_wconf 76' lang='lat' dir='ltr'>tan[dem</span> 
     </span>
     <span class='ocr_line' id='line_1_72' title="bbox 2468 2040 4426 2196; baseline -0.002 -84"><span class='ocrx_word' id='word_1_504' title='bbox 2468 2040 2824 2196; x_wconf 49' lang='lat' dir='ltr'>ddeyetuff.</span> <span class='ocrx_word' id='word_1_505' title='bbox 2917 2049 3024 2111; x_wconf 88' lang='lat' dir='ltr'>An</span> <span class='ocrx_word' id='word_1_506' title='bbox 3069 2058 3261 2130; x_wconf 88' lang='lat' dir='ltr'>putes</span> <span class='ocrx_word' id='word_1_507' title='bbox 3313 2050 3560 2113; x_wconf 86' lang='lat' dir='ltr'>frustra</span> <span class='ocrx_word' id='word_1_508' title='bbox 3602 2048 3853 2113; x_wconf 88' lang='lat' dir='ltr'>moveri</span> <span class='ocrx_word' id='word_1_509' title='bbox 3899 2069 4008 2111; x_wconf 85' lang='lat' dir='ltr'>eos</span> <span class='ocrx_word' id='word_1_510' title='bbox 4054 2047 4165 2129; x_wconf 93' lang='lat' dir='ltr'>qui</span> <span class='ocrx_word' id='word_1_511' title='bbox 4220 2065 4426 2128; x_wconf 89' lang='lat' dir='ltr'>quum</span> 
     </span>
     <span class='ocr_line' id='line_1_73' title="bbox 2470 2132 4427 2205; baseline -0.002 -7"><span class='ocrx_word' id='word_1_512' title='bbox 2470 2134 2684 2198; x_wconf 84' lang='lat' dir='ltr'>sciant</span> <span class='ocrx_word' id='word_1_513' title='bbox 2792 2133 3006 2197; x_wconf 73' lang='lat' dir='ltr'>einum</span> <span class='ocrx_word' id='word_1_514' title='bbox 3041 2138 3126 2205; x_wconf 78' lang='lat'>¹³)</span> <span class='ocrx_word' id='word_1_515' title='bbox 3189 2135 3284 2199; x_wconf 88' lang='lat' dir='ltr'>ita</span> <span class='ocrx_word' id='word_1_516' title='bbox 3328 2135 3545 2199; x_wconf 85' lang='lat' dir='ltr'>efferri</span> <span class='ocrx_word' id='word_1_517' title='bbox 3593 2155 3632 2199; x_wconf 89' lang='lat' dir='ltr'>a</span> <span class='ocrx_word' id='word_1_518' title='bbox 3683 2135 3961 2199; x_wconf 73' lang='lat' dir='ltr'>Tossano</span> <span class='ocrx_word' id='word_1_519' title='bbox 4010 2142 4080 2197; x_wconf 89' lang='lat' dir='ltr'>ut</span> <span class='ocrx_word' id='word_1_520' title='bbox 4125 2132 4427 2196; x_wconf 89' lang='lat' dir='ltr'>omnium</span> 
     </span>
     <span class='ocr_line' id='line_1_74' title="bbox 2470 2217 4424 2307; baseline -0.001 -25"><span class='ocrx_word' id='word_1_521' title='bbox 2470 2218 2759 2302; x_wconf 88' lang='lat' dir='ltr'>optimus</span> <span class='ocrx_word' id='word_1_522' title='bbox 2814 2217 3159 2305; x_wconf 67' lang='lat' dir='ltr'>hab[ea0ur</span> <span class='ocrx_word' id='word_1_523' title='bbox 3201 2219 3286 2307; x_wconf 77' lang='lat' dir='ltr'>et]</span> <span class='ocrx_word' id='word_1_524' title='bbox 3339 2220 3757 2286; x_wconf 75' lang='lat' dir='ltr'>Castalionem</span> <span class='ocrx_word' id='word_1_525' title='bbox 3813 2230 3881 2285; x_wconf 93' lang='lat' dir='ltr'>et</span> <span class='ocrx_word' id='word_1_526' title='bbox 3935 2240 4044 2283; x_wconf 89' lang='lat' dir='ltr'>eos</span> <span class='ocrx_word' id='word_1_527' title='bbox 4102 2220 4213 2300; x_wconf 90' lang='lat' dir='ltr'>qui</span> <span class='ocrx_word' id='word_1_528' title='bbox 4273 2237 4424 2282; x_wconf 90' lang='lat' dir='ltr'>cum</span> 
     </span>
     <span class='ocr_line' id='line_1_75' title="bbox 2470 2302 4425 2388; baseline -0.002 -19"><span class='ocrx_word' id='word_1_529' title='bbox 2470 2326 2546 2369; x_wconf 95' lang='lat' dir='ltr'>eo</span> <span class='ocrx_word' id='word_1_530' title='bbox 2599 2304 2847 2370; x_wconf 85' lang='lat' dir='ltr'>faciunt</span> <span class='ocrx_word' id='word_1_531' title='bbox 2905 2307 2999 2370; x_wconf 90' lang='lat' dir='ltr'>ita</span> <span class='ocrx_word' id='word_1_532' title='bbox 3056 2304 3236 2371; x_wconf 83' lang='lat' dir='ltr'>cordi</span> <span class='ocrx_word' id='word_1_533' title='bbox 3292 2327 3433 2372; x_wconf 88' lang='lat' dir='ltr'>esse</span> <span class='ocrx_word' id='word_1_534' title='bbox 3485 2308 3784 2385; x_wconf 75' lang='lat' dir='ltr'>Tessano,</span> <span class='ocrx_word' id='word_1_535' title='bbox 3843 2302 4158 2388; x_wconf 88' lang='lat' dir='ltr'>quidquid</span> <span class='ocrx_word' id='word_1_536' title='bbox 4218 2305 4425 2386; x_wconf 84' lang='lat' dir='ltr'>fingat</span> 
     </span>
     <span class='ocr_line' id='line_1_76' title="bbox 2469 2387 4425 2479; baseline -0.002 -24"><span class='ocrx_word' id='word_1_537' title='bbox 2469 2388 2642 2475; x_wconf 90' lang='lat' dir='ltr'>apud</span> <span class='ocrx_word' id='word_1_538' title='bbox 2677 2389 2856 2467; x_wconf 89' lang='lat' dir='ltr'>alios,</span> <span class='ocrx_word' id='word_1_539' title='bbox 2894 2391 3121 2456; x_wconf 86' lang='lat' dir='ltr'>favore</span> <span class='ocrx_word' id='word_1_540' title='bbox 3160 2390 3473 2479; x_wconf 76' lang='lat' dir='ltr'>[illorum]</span> <span class='ocrx_word' id='word_1_541' title='bbox 3513 2392 3722 2457; x_wconf 90' lang='lat' dir='ltr'>multa</span> <span class='ocrx_word' id='word_1_542' title='bbox 3758 2413 3970 2476; x_wconf 87' lang='lat' dir='ltr'>agere.</span> <span class='ocrx_word' id='word_1_543' title='bbox 4004 2394 4084 2468; x_wconf 83' lang='lat'>¹⁴)</span> <span class='ocrx_word' id='word_1_544' title='bbox 4141 2388 4216 2455; x_wconf 82' lang='lat' dir='ltr'>Si</span> <span class='ocrx_word' id='word_1_545' title='bbox 4255 2387 4425 2453; x_wconf 87' lang='lat' dir='ltr'>iudi-</span> 
     </span>
     <span class='ocr_line' id='line_1_77' title="bbox 2470 2476 4425 2559; baseline -0.002 -17"><span class='ocrx_word' id='word_1_546' title='bbox 2470 2487 2621 2542; x_wconf 89' lang='lat' dir='ltr'>cent</span> <span class='ocrx_word' id='word_1_547' title='bbox 2662 2476 2962 2541; x_wconf 88' lang='lat' dir='ltr'>Basileae</span> <span class='ocrx_word' id='word_1_548' title='bbox 3007 2477 3205 2543; x_wconf 85' lang='lat' dir='ltr'>huius</span> <span class='ocrx_word' id='word_1_549' title='bbox 3249 2500 3566 2544; x_wconf 85' lang='lat' dir='ltr'>consensu</span> <span class='ocrx_word' id='word_1_550' title='bbox 3617 2477 3959 2546; x_wconf 77' lang='lat' dir='ltr'>Claudium</span> <span class='ocrx_word' id='word_1_551' title='bbox 4001 2477 4425 2559; x_wconf 84' lang='lat' dir='ltr'>quaesivisse,</span> 
     </span>
     <span class='ocr_line' id='line_1_78' title="bbox 2470 2560 4426 2648; baseline -0.001 -22"><span class='ocrx_word' id='word_1_552' title='bbox 2470 2583 2679 2646; x_wconf 90' lang='lat' dir='ltr'>quum</span> <span class='ocrx_word' id='word_1_553' title='bbox 2723 2560 3036 2628; x_wconf 71' lang='lat' dir='ltr'>Claudius</span> <span class='ocrx_word' id='word_1_554' title='bbox 3093 2564 3305 2630; x_wconf 85' lang='lat' dir='ltr'>fassus</span> <span class='ocrx_word' id='word_1_555' title='bbox 3363 2566 3563 2630; x_wconf 82' lang='lat' dir='ltr'>fuerit</span> <span class='ocrx_word' id='word_1_556' title='bbox 3616 2565 3957 2648; x_wconf 89' lang='lat' dir='ltr'>quaerenti</span> <span class='ocrx_word' id='word_1_557' title='bbox 4001 2584 4128 2646; x_wconf 89' lang='lat' dir='ltr'>qua</span> <span class='ocrx_word' id='word_1_558' title='bbox 4171 2563 4283 2626; x_wconf 82' lang='lat' dir='ltr'>via</span> <span class='ocrx_word' id='word_1_559' title='bbox 4326 2563 4426 2625; x_wconf 90' lang='lat' dir='ltr'>in-</span> 
     </span>
     <span class='ocr_line' id='line_1_79' title="bbox 2471 2647 4429 2727; baseline -0.001 -14"><span class='ocrx_word' id='word_1_560' title='bbox 2471 2648 2794 2717; x_wconf 84' lang='lat' dir='ltr'>notuisset</span> <span class='ocrx_word' id='word_1_561' title='bbox 2843 2649 3148 2727; x_wconf 74' lang='grc' dir='ltr'><em>Τοεεαηο,</em></span> <span class='ocrx_word' id='word_1_562' title='bbox 3213 2649 3277 2715; x_wconf 90' lang='lat' dir='ltr'>id</span> <span class='ocrx_word' id='word_1_563' title='bbox 3339 2652 3536 2716; x_wconf 89' lang='lat' dir='ltr'>fuisse</span> <span class='ocrx_word' id='word_1_564' title='bbox 3590 2649 4154 2717; x_wconf 80' lang='lat' dir='ltr'>commendatione</span> <span class='ocrx_word' id='word_1_565' title='bbox 4202 2647 4429 2712; x_wconf 71' lang='lat' dir='ltr'>Casta-</span> 
     </span>
     <span class='ocr_line' id='line_1_80' title="bbox 2471 2734 4426 2821; baseline -0.001 -23"><span class='ocrx_word' id='word_1_566' title='bbox 2471 2734 2676 2812; x_wconf 70' lang='grc' dir='ltr'>Ζίοπίε,</span> <span class='ocrx_word' id='word_1_567' title='bbox 2744 2746 2813 2798; x_wconf 93' lang='lat' dir='ltr'>et</span> <span class='ocrx_word' id='word_1_568' title='bbox 2876 2734 3212 2801; x_wconf 87' lang='lat' dir='ltr'>cuiusdam</span> <span class='ocrx_word' id='word_1_569' title='bbox 3280 2740 3393 2821; x_wconf 91' lang='lat' dir='ltr'>qui</span> <span class='ocrx_word' id='word_1_570' title='bbox 3456 2759 3498 2802; x_wconf 85' lang='lat' dir='ltr'>a</span> <span class='ocrx_word' id='word_1_571' title='bbox 3573 2737 3749 2803; x_wconf 77' lang='lat' dir='ltr'>Valle</span> <span class='ocrx_word' id='word_1_572' title='bbox 3813 2737 4082 2814; x_wconf 87' lang='lat' dir='ltr'>dicitur,</span> <span class='ocrx_word' id='word_1_573' title='bbox 4150 2734 4426 2816; x_wconf 86' lang='lat' dir='ltr'>hospitis</span> 
     </span>
     <span class='ocr_line' id='line_1_81' title="bbox 2475 2819 4426 2904; baseline -0.001 -17"><span class='ocrx_word' id='word_1_574' title='bbox 2475 2820 2883 2887; x_wconf 68' lang='lat' dir='ltr'>castdionis:</span> <span class='ocrx_word' id='word_1_575' title='bbox 2966 2822 3125 2904; x_wconf 89' lang='lat' dir='ltr'>quin</span> <span class='ocrx_word' id='word_1_576' title='bbox 3192 2832 3258 2887; x_wconf 88' lang='lat' dir='ltr'>et</span> <span class='ocrx_word' id='word_1_577' title='bbox 3327 2823 3690 2889; x_wconf 77' lang='lat' dir='ltr'>Gastardus</span> <span class='ocrx_word' id='word_1_578' title='bbox 3757 2824 3878 2888; x_wconf 88' lang='lat' dir='ltr'>hac</span> <span class='ocrx_word' id='word_1_579' title='bbox 3960 2823 4289 2887; x_wconf 87' lang='lat' dir='ltr'>transiens</span> <span class='ocrx_word' id='word_1_580' title='bbox 4354 2819 4426 2885; x_wconf 90' lang='lat' dir='ltr'>in</span> 
     </span>
     <span class='ocr_line' id='line_1_82' title="bbox 2472 2905 4428 2993; baseline -0.002 -20"><span class='ocrx_word' id='word_1_581' title='bbox 2472 2905 2745 2973; x_wconf 88' lang='lat' dir='ltr'>aedibus</span> <span class='ocrx_word' id='word_1_582' title='bbox 2821 2907 3097 2973; x_wconf 88' lang='lat' dir='ltr'>alieuius</span> <span class='ocrx_word' id='word_1_583' title='bbox 3162 2910 3452 2975; x_wconf 88' lang='lat' dir='ltr'>ministri</span> <span class='ocrx_word' id='word_1_584' title='bbox 3517 2930 3636 2993; x_wconf 88' lang='lat' dir='ltr'>per</span> <span class='ocrx_word' id='word_1_585' title='bbox 3712 2909 4016 2974; x_wconf 88' lang='lat' dir='ltr'>iuvenem</span> <span class='ocrx_word' id='word_1_586' title='bbox 4082 2927 4232 2972; x_wconf 91' lang='lat' dir='ltr'>cum</span> <span class='ocrx_word' id='word_1_587' title='bbox 4297 2926 4428 2988; x_wconf 92' lang='lat' dir='ltr'>quo</span> 
     </span>
     <span class='ocr_line' id='line_1_83' title="bbox 2472 2996 4426 3061; baseline -0.002 -2"><span class='ocrx_word' id='word_1_588' title='bbox 2472 3000 2746 3059; x_wconf 82' lang='lat' dir='ltr'>venerat</span> <span class='ocrx_word' id='word_1_589' title='bbox 2788 3042 3117 3060; x_wconf 91' lang='grc'><strong>......</strong></span> <span class='ocrx_word' id='word_1_590' title='bbox 3164 2996 3433 3061; x_wconf 88' lang='lat' dir='ltr'>iusserit</span> <span class='ocrx_word' id='word_1_591' title='bbox 3494 2996 3769 3060; x_wconf 87' lang='lat' dir='ltr'>salutari</span> <span class='ocrx_word' id='word_1_592' title='bbox 3835 3005 3902 3058; x_wconf 91' lang='lat' dir='ltr'>et</span> <span class='ocrx_word' id='word_1_593' title='bbox 3964 3015 4036 3058; x_wconf 88' lang='lat' dir='ltr'>se</span> <span class='ocrx_word' id='word_1_594' title='bbox 4094 3012 4426 3057; x_wconf 90' lang='lat' dir='ltr'>commen-</span> 
     </span>
     <span class='ocr_line' id='line_1_84' title="bbox 2471 3077 4426 3166; baseline -0.001 -21"><span class='ocrx_word' id='word_1_595' title='bbox 2471 3078 2613 3145; x_wconf 88' lang='lat' dir='ltr'>dari</span> <span class='ocrx_word' id='word_1_596' title='bbox 2656 3087 2724 3145; x_wconf 90' lang='lat' dir='ltr'>et</span> <span class='ocrx_word' id='word_1_597' title='bbox 2780 3082 3028 3164; x_wconf 89' lang='lat' dir='ltr'>gratias</span> <span class='ocrx_word' id='word_1_598' title='bbox 3084 3081 3191 3166; x_wconf 88' lang='lat' dir='ltr'>agi</span> <span class='ocrx_word' id='word_1_599' title='bbox 3247 3080 3458 3147; x_wconf 91' lang='lat' dir='ltr'>eidem</span> <span class='ocrx_word' id='word_1_600' title='bbox 3503 3104 3545 3148; x_wconf 85' lang='lat' dir='ltr'>a</span> <span class='ocrx_word' id='word_1_601' title='bbox 3605 3081 3780 3147; x_wconf 77' lang='lat' dir='ltr'>Valle</span> <span class='ocrx_word' id='word_1_602' title='bbox 3823 3082 3933 3165; x_wconf 91' lang='lat' dir='ltr'>qui</span> <span class='ocrx_word' id='word_1_603' title='bbox 3980 3078 4152 3165; x_wconf 89' lang='lat' dir='ltr'>apud</span> <span class='ocrx_word' id='word_1_604' title='bbox 4201 3077 4426 3145; x_wconf 65' lang='lat' dir='ltr'>Casm-</span> 
     </span>
     <span class='ocr_line' id='line_1_85' title="bbox 2468 3166 4420 3255; baseline -0.001 -25"><span class='ocrx_word' id='word_1_605' title='bbox 2468 3166 2692 3232; x_wconf 77' lang='lat' dir='ltr'>lioncm</span> <span class='ocrx_word' id='word_1_606' title='bbox 2755 3167 2980 3232; x_wconf 90' lang='lat' dir='ltr'>omnia</span> <span class='ocrx_word' id='word_1_607' title='bbox 3043 3187 3187 3233; x_wconf 90' lang='lat' dir='ltr'>esse</span> <span class='ocrx_word' id='word_1_608' title='bbox 3250 3166 3528 3255; x_wconf 78' lang='lat' dir='ltr'>iudic[at</span> <span class='ocrx_word' id='word_1_609' title='bbox 3584 3166 3767 3255; x_wconf 60' lang='lat' dir='ltr'>oliba]</span> <span class='ocrx_word' id='word_1_610' title='bbox 3837 3166 4002 3232; x_wconf 89' lang='lat' dir='ltr'>nihil</span> <span class='ocrx_word' id='word_1_611' title='bbox 4066 3187 4265 3250; x_wconf 85' lang='lat' dir='ltr'>super</span> <span class='ocrx_word' id='word_1_612' title='bbox 4323 3184 4420 3240; x_wconf 88' lang='lat' dir='ltr'>eo,</span> 
     </span>
     <span class='ocr_line' id='line_1_86' title="bbox 2468 3250 4419 3338; baseline -0.002 -20"><span class='ocrx_word' id='word_1_613' title='bbox 2468 3250 2645 3335; x_wconf 92' lang='lat' dir='ltr'>quod</span> <span class='ocrx_word' id='word_1_614' title='bbox 2687 3251 2981 3335; x_wconf 89' lang='lat' dir='ltr'>amplum</span> <span class='ocrx_word' id='word_1_615' title='bbox 3039 3253 3486 3320; x_wconf 87' lang='lat' dir='ltr'>testimonium</span> <span class='ocrx_word' id='word_1_616' title='bbox 3530 3254 3784 3321; x_wconf 87' lang='lat' dir='ltr'>dederit</span> <span class='ocrx_word' id='word_1_617' title='bbox 3827 3254 4003 3338; x_wconf 91' lang='lat' dir='ltr'>apud</span> <span class='ocrx_word' id='word_1_618' title='bbox 4053 3254 4419 3327; x_wconf 69' lang='lat' dir='ltr'>Possum,</span> 
     </span>
     <span class='ocr_line' id='line_1_87' title="bbox 2469 3337 4422 3427; baseline -0.001 -23"><span class='ocrx_word' id='word_1_619' title='bbox 2469 3339 2656 3404; x_wconf 88' lang='lat' dir='ltr'>cuius</span> <span class='ocrx_word' id='word_1_620' title='bbox 2720 3338 2934 3421; x_wconf 87' lang='lat' dir='ltr'>gratia</span> <span class='ocrx_word' id='word_1_621' title='bbox 2990 3359 3067 3405; x_wconf 91' lang='lat' dir='ltr'>eo</span> <span class='ocrx_word' id='word_1_622' title='bbox 3132 3340 3223 3405; x_wconf 90' lang='lat' dir='ltr'>sit</span> <span class='ocrx_word' id='word_1_623' title='bbox 3285 3340 3386 3407; x_wconf 92' lang='lat' dir='ltr'>loc</span> <span class='ocrx_word' id='word_1_624' title='bbox 3421 3362 3457 3405; x_wconf 92' lang='lat' dir='ltr'>o</span> <span class='ocrx_word' id='word_1_625' title='bbox 3509 3342 3620 3406; x_wconf 71' lang='lat' dir='ltr'>ubi</span> <span class='ocrx_word' id='word_1_626' title='bbox 3672 3338 3886 3427; x_wconf 66' lang='lat' dir='ltr'>nunc}</span> <span class='ocrx_word' id='word_1_627' title='bbox 3977 3339 4054 3405; x_wconf 78' lang='lat' dir='ltr'>Si</span> <span class='ocrx_word' id='word_1_628' title='bbox 4115 3337 4422 3404; x_wconf 73' lang='lat' dir='ltr'>Claudius</span> 
     </span>
     <span class='ocr_line' id='line_1_88' title="bbox 2468 3425 4424 3508; baseline -0.001 -18"><span class='ocrx_word' id='word_1_629' title='bbox 2468 3432 2737 3508; x_wconf 86' lang='lat' dir='ltr'>accepta</span> <span class='ocrx_word' id='word_1_630' title='bbox 2794 3425 2922 3491; x_wconf 85' lang='lat' dir='ltr'>fert</span> <span class='ocrx_word' id='word_1_631' title='bbox 2973 3426 3195 3490; x_wconf 88' lang='lat' dir='ltr'>omnia</span> <span class='ocrx_word' id='word_1_632' title='bbox 3248 3449 3291 3492; x_wconf 87' lang='lat' dir='ltr'>a</span> <span class='ocrx_word' id='word_1_633' title='bbox 3403 3427 3525 3493; x_wconf 72' lang='lat' dir='ltr'>alle</span> <span class='ocrx_word' id='word_1_634' title='bbox 3584 3426 4039 3502; x_wconf 82' lang='lat' dir='ltr'>Castalionico‚</span> <span class='ocrx_word' id='word_1_635' title='bbox 4102 3425 4424 3490; x_wconf 70' lang='lat' dir='ltr'>Possum</span> 
     </span>
     <span class='ocr_line' id='line_1_89' title="bbox 2473 3509 4428 3599; baseline -0.002 -23"><span class='ocrx_word' id='word_1_636' title='bbox 2473 3509 2725 3576; x_wconf 77' lang='lat' dir='ltr'>Sulccro</span> <span class='ocrx_word' id='word_1_637' title='bbox 2760 3520 2829 3575; x_wconf 91' lang='lat' dir='ltr'>et</span> <span class='ocrx_word' id='word_1_638' title='bbox 2879 3509 3280 3596; x_wconf 74' lang='lat' dir='ltr'>Wolphanyo,</span> <span class='ocrx_word' id='word_1_639' title='bbox 3324 3528 3722 3598; x_wconf 84' lang='lat' dir='ltr'>componant</span> <span class='ocrx_word' id='word_1_640' title='bbox 3767 3510 3959 3599; x_wconf 76' lang='lat' dir='ltr'>[inter</span> <span class='ocrx_word' id='word_1_641' title='bbox 3999 3510 4093 3597; x_wconf 78' lang='lat' dir='ltr'>se]</span> <span class='ocrx_word' id='word_1_642' title='bbox 4140 3520 4218 3575; x_wconf 92' lang='lat' dir='ltr'>ut</span> <span class='ocrx_word' id='word_1_643' title='bbox 4258 3509 4428 3575; x_wconf 88' lang='lat' dir='ltr'>scia-</span> 
     </span>
     <span class='ocr_line' id='line_1_90' title="bbox 2466 3595 4430 3666; baseline -0.003 -4"><span class='ocrx_word' id='word_1_644' title='bbox 2466 3617 2617 3662; x_wconf 91' lang='lat' dir='ltr'>mus</span> <span class='ocrx_word' id='word_1_645' title='bbox 2681 3598 2789 3662; x_wconf 91' lang='lat' dir='ltr'>oui</span> <span class='ocrx_word' id='word_1_646' title='bbox 2851 3595 3049 3662; x_wconf 88' lang='lat' dir='ltr'>fidem</span> <span class='ocrx_word' id='word_1_647' title='bbox 3112 3596 3356 3664; x_wconf 89' lang='lat' dir='ltr'>habere</span> <span class='ocrx_word' id='word_1_648' title='bbox 3419 3598 3787 3666; x_wconf 84' lang='lat' dir='ltr'>debeamus.</span> <span class='ocrx_word' id='word_1_649' title='bbox 3889 3599 4284 3663; x_wconf 82' lang='lat' dir='ltr'>Lausannae</span> <span class='ocrx_word' id='word_1_650' title='bbox 4351 3603 4430 3658; x_wconf 86' lang='lat' dir='ltr'>ut</span> 
     </span>
     <span class='ocr_line' id='line_1_91' title="bbox 2469 3682 4428 3769; baseline -0.001 -21"><span class='ocrx_word' id='word_1_651' title='bbox 2469 3683 2681 3767; x_wconf 89' lang='lat' dir='ltr'>egerit</span> <span class='ocrx_word' id='word_1_652' title='bbox 2728 3682 3050 3749; x_wconf 70' lang='lat' dir='ltr'>rossanus</span> <span class='ocrx_word' id='word_1_653' title='bbox 3099 3685 3435 3752; x_wconf 85' lang='lat' dir='ltr'>testificari</span> <span class='ocrx_word' id='word_1_654' title='bbox 3480 3695 3756 3769; x_wconf 87' lang='lat' dir='ltr'>possunt</span> <span class='ocrx_word' id='word_1_655' title='bbox 3797 3685 4036 3750; x_wconf 70' lang='lat' dir='ltr'>fratres</span> <span class='ocrx_word' id='word_1_656' title='bbox 4080 3684 4188 3766; x_wconf 93' lang='lat' dir='ltr'>pii.</span> <span class='ocrx_word' id='word_1_657' title='bbox 4279 3682 4428 3764; x_wconf 85' lang='lat' dir='ltr'>Ego</span> 
     </span>
     <span class='ocr_line' id='line_1_92' title="bbox 2472 3765 4427 3921; baseline -0.001 -87"><span class='ocrx_word' id='word_1_658' title='bbox 2472 3765 2587 3921; x_wconf 51' lang='lat' dir='ltr'>gig</span> <span class='ocrx_word' id='word_1_659' title='bbox 2619 3766 2852 3855; x_wconf 71' lang='lat' dir='ltr'>literis]</span> <span class='ocrx_word' id='word_1_660' title='bbox 2898 3789 3062 3852; x_wconf 88' lang='lat' dir='ltr'>quas</span> <span class='ocrx_word' id='word_1_661' title='bbox 3093 3780 3473 3838; x_wconf 86' lang='lat' dir='ltr'>vocatorum</span> <span class='ocrx_word' id='word_1_662' title='bbox 3505 3793 3678 3837; x_wconf 89' lang='lat' dir='ltr'>unus</span> <span class='ocrx_word' id='word_1_663' title='bbox 3713 3782 4049 3854; x_wconf 88' lang='lat' dir='ltr'>acceperat</span> <span class='ocrx_word' id='word_1_664' title='bbox 4091 3778 4159 3834; x_wconf 91' lang='lat' dir='ltr'>et</span> <span class='ocrx_word' id='word_1_665' title='bbox 4199 3769 4427 3853; x_wconf 89' lang='lat' dir='ltr'>legen·</span> 
     </span>
     <span class='ocr_line' id='line_1_93' title="bbox 2631 3854 4432 3936; baseline 0 -17"><span class='ocrx_word' id='word_1_666' title='bbox 2631 3854 2849 3936; x_wconf 86' lang='lat' dir='ltr'>dabat,</span> <span class='ocrx_word' id='word_1_667' title='bbox 2893 3854 3152 3921; x_wconf 82' lang='lat' dir='ltr'>cloacae</span> <span class='ocrx_word' id='word_1_668' title='bbox 3196 3858 3518 3923; x_wconf 87' lang='lat' dir='ltr'>malorum</span> <span class='ocrx_word' id='word_1_669' title='bbox 3565 3858 3849 3923; x_wconf 87' lang='lat' dir='ltr'>salutem</span> <span class='ocrx_word' id='word_1_670' title='bbox 3896 3856 4024 3922; x_wconf 89' lang='lat' dir='ltr'>dici</span> <span class='ocrx_word' id='word_1_671' title='bbox 4068 3876 4108 3919; x_wconf 91' lang='lat' dir='ltr'>a</span> <span class='ocrx_word' id='word_1_672' title='bbox 4149 3854 4432 3921; x_wconf 76' lang='lat' dir='ltr'>Tessano</span> 
     </span>
     <span class='ocr_line' id='line_1_94' title="bbox 2471 3938 4428 4027; baseline 0.001 -23"><span class='ocrx_word' id='word_1_673' title='bbox 2471 3940 2602 4024; x_wconf 89' lang='lat' dir='ltr'>legi</span> <span class='ocrx_word' id='word_1_674' title='bbox 2639 3938 3060 4027; x_wconf 74' lang='lat' dir='ltr'>pr[aeteritis]</span> <span class='ocrx_word' id='word_1_675' title='bbox 3098 3943 3227 4025; x_wconf 90' lang='lat' dir='ltr'>piis</span> <span class='ocrx_word' id='word_1_676' title='bbox 3260 3943 3580 4009; x_wconf 88' lang='lat' dir='ltr'>omnibus.</span> <span class='ocrx_word' id='word_1_677' title='bbox 3648 3941 3785 4025; x_wconf 81' lang='lat' dir='ltr'>Qui</span> <span class='ocrx_word' id='word_1_678' title='bbox 3808 3943 4160 4008; x_wconf 90' lang='lat' dir='ltr'>audierunt</span> <span class='ocrx_word' id='word_1_679' title='bbox 4186 3941 4428 4006; x_wconf 79' lang='lat' dir='ltr'>Gerar·</span> 
     </span>
     <span class='ocr_line' id='line_1_95' title="bbox 2472 4027 4428 4113; baseline -0.001 -21"><span class='ocrx_word' id='word_1_680' title='bbox 2472 4027 2627 4092; x_wconf 77' lang='lat' dir='ltr'>dum</span> <span class='ocrx_word' id='word_1_681' title='bbox 2669 4039 2821 4092; x_wconf 88' lang='lat' dir='ltr'>ante</span> <span class='ocrx_word' id='word_1_682' title='bbox 2865 4047 3072 4092; x_wconf 87' lang='lat' dir='ltr'>annos</span> <span class='ocrx_word' id='word_1_683' title='bbox 3116 4028 3382 4113; x_wconf 90' lang='lat' dir='ltr'>aliquot,</span> <span class='ocrx_word' id='word_1_684' title='bbox 3428 4030 3510 4096; x_wconf 91' lang='lat' dir='ltr'>de</span> <span class='ocrx_word' id='word_1_685' title='bbox 3552 4050 3678 4113; x_wconf 92' lang='lat' dir='ltr'>quo</span> <span class='ocrx_word' id='word_1_686' title='bbox 3721 4031 4072 4095; x_wconf 71' lang='lat' dir='ltr'>Tessanum</span> <span class='ocrx_word' id='word_1_687' title='bbox 4115 4027 4428 4092; x_wconf 85' lang='lat' dir='ltr'>admonui</span> 
     </span>
     <span class='ocr_line' id='line_1_96' title="bbox 2472 4111 4431 4261; baseline 0 -84"><span class='ocrx_word' id='word_1_688' title='bbox 2472 4112 2731 4198; x_wconf 88' lang='lat' dir='ltr'>pridem</span> <span class='ocrx_word' id='word_1_689' title='bbox 2779 4111 2898 4261; x_wconf 48' lang='lat' dir='ltr'>{et}</span> <span class='ocrx_word' id='word_1_690' title='bbox 2942 4116 3054 4196; x_wconf 91' lang='lat' dir='ltr'>qui</span> <span class='ocrx_word' id='word_1_691' title='bbox 3096 4113 3412 4180; x_wconf 86' lang='lat' dir='ltr'>viderunt</span> <span class='ocrx_word' id='word_1_692' title='bbox 3461 4136 3630 4199; x_wconf 90' lang='lat' dir='ltr'>quae</span> <span class='ocrx_word' id='word_1_693' title='bbox 3672 4115 3774 4181; x_wconf 90' lang='lat' dir='ltr'>bis</span> <span class='ocrx_word' id='word_1_694' title='bbox 3818 4116 4016 4181; x_wconf 89' lang='lat' dir='ltr'>Petro</span> <span class='ocrx_word' id='word_1_695' title='bbox 4061 4113 4431 4180; x_wconf 70' lang='lat' dir='ltr'>Alexandro</span> 
     </span>
     <span class='ocr_line' id='line_1_97' title="bbox 2474 4199 4433 4285; baseline 0.001 -22"><span class='ocrx_word' id='word_1_696' title='bbox 2474 4199 2805 4264; x_wconf 87' lang='lat' dir='ltr'>affirmata</span> <span class='ocrx_word' id='word_1_697' title='bbox 2893 4211 3129 4265; x_wconf 89' lang='lat' dir='ltr'>uerunt</span> <span class='ocrx_word' id='word_1_698' title='bbox 3190 4209 3258 4265; x_wconf 86' lang='lat' dir='ltr'>ct</span> <span class='ocrx_word' id='word_1_699' title='bbox 3311 4212 3466 4268; x_wconf 89' lang='lat' dir='ltr'>ante</span> <span class='ocrx_word' id='word_1_700' title='bbox 3518 4223 3728 4268; x_wconf 88' lang='lat' dir='ltr'>anuos</span> <span class='ocrx_word' id='word_1_701' title='bbox 3785 4202 4036 4285; x_wconf 89' lang='lat' dir='ltr'>aliquot</span> <span class='ocrx_word' id='word_1_702' title='bbox 4078 4200 4433 4267; x_wconf 88' lang='lat' dir='ltr'>audierunt</span> 
     </span>
     <span class='ocr_line' id='line_1_98' title="bbox 2473 4282 4432 4435; baseline -0.001 -85"><span class='ocrx_word' id='word_1_703' title='bbox 2473 4282 2696 4435; x_wconf 49' lang='lat' dir='ltr'>Equae]</span> <span class='ocrx_word' id='word_1_704' title='bbox 2751 4284 3073 4351; x_wconf 75' lang='lat' dir='ltr'>Tessanus</span> <span class='ocrx_word' id='word_1_705' title='bbox 3115 4286 3357 4370; x_wconf 90' lang='lat' dir='ltr'>scripto</span> <span class='ocrx_word' id='word_1_706' title='bbox 3391 4289 3794 4373; x_wconf 86' lang='lat' dir='ltr'>proponebat</span> <span class='ocrx_word' id='word_1_707' title='bbox 3838 4288 3918 4352; x_wconf 92' lang='lat' dir='ltr'>de</span> <span class='ocrx_word' id='word_1_708' title='bbox 3961 4286 4432 4353; x_wconf 89' lang='lat' dir='ltr'>iustificatione</span> 
     </span>
     <span class='ocr_line' id='line_1_99' title="bbox 2523 4369 4432 4458; baseline 0.001 -24"><span class='ocrx_word' id='word_1_709' title='bbox 2523 4369 2626 4434; x_wconf 91' lang='lat' dir='ltr'>dei</span> <span class='ocrx_word' id='word_1_710' title='bbox 2693 4391 2826 4435; x_wconf 90' lang='lat' dir='ltr'>nou</span> <span class='ocrx_word' id='word_1_711' title='bbox 2889 4391 3092 4454; x_wconf 85' lang='lat' dir='ltr'>purae</span> <span class='ocrx_word' id='word_1_712' title='bbox 3158 4373 3272 4437; x_wconf 87' lang='lat' dir='ltr'>sed</span> <span class='ocrx_word' id='word_1_713' title='bbox 3336 4374 3594 4439; x_wconf 88' lang='lat' dir='ltr'>ratione</span> <span class='ocrx_word' id='word_1_714' title='bbox 3659 4394 3963 4458; x_wconf 88' lang='lat' dir='ltr'>operum,</span> <span class='ocrx_word' id='word_1_715' title='bbox 4043 4372 4216 4456; x_wconf 90' lang='lat' dir='ltr'>quod</span> <span class='ocrx_word' id='word_1_716' title='bbox 4285 4371 4432 4437; x_wconf 87' lang='lat' dir='ltr'>heri</span> 
     </span>
     <span class='ocr_line' id='line_1_100' title="bbox 2473 4453 4430 4543; baseline 0.001 -22"><span class='ocrx_word' id='word_1_717' title='bbox 2473 4453 2812 4543; x_wconf 77' lang='lat' dir='ltr'>pri[mum]</span> <span class='ocrx_word' id='word_1_718' title='bbox 2859 4455 3159 4523; x_wconf 85' lang='lat' dir='ltr'>intellexi</span> <span class='ocrx_word' id='word_1_719' title='bbox 3205 4480 3288 4523; x_wconf 84' lang='lat' dir='ltr'>ex</span> <span class='ocrx_word' id='word_1_720' title='bbox 3332 4462 3558 4538; x_wconf 88' lang='lat' dir='ltr'>amico,</span> <span class='ocrx_word' id='word_1_721' title='bbox 3588 4462 3675 4534; x_wconf 66' lang='lat'>¹1³³)</span> <span class='ocrx_word' id='word_1_722' title='bbox 3718 4473 3785 4525; x_wconf 91' lang='lat' dir='ltr'>et</span> <span class='ocrx_word' id='word_1_723' title='bbox 3841 4459 3971 4525; x_wconf 88' lang='lat' dir='ltr'>alia</span> <span class='ocrx_word' id='word_1_724' title='bbox 4026 4479 4158 4524; x_wconf 90' lang='lat' dir='ltr'>uon</span> <span class='ocrx_word' id='word_1_725' title='bbox 4216 4476 4430 4542; x_wconf 81' lang='lat' dir='ltr'>pauca</span> 
     </span>
     <span class='ocr_line' id='line_1_101' title="bbox 2474 4541 4433 4630; baseline 0.002 -24"><span class='ocrx_word' id='word_1_726' title='bbox 2474 4541 2725 4607; x_wconf 84' lang='lat' dir='ltr'>faciunt</span> <span class='ocrx_word' id='word_1_727' title='bbox 2779 4550 2857 4606; x_wconf 93' lang='lat' dir='ltr'>ut</span> <span class='ocrx_word' id='word_1_728' title='bbox 2911 4563 3047 4608; x_wconf 91' lang='lat' dir='ltr'>non</span> <span class='ocrx_word' id='word_1_729' title='bbox 3102 4545 3338 4611; x_wconf 89' lang='lat' dir='ltr'>merito</span> <span class='ocrx_word' id='word_1_730' title='bbox 3373 4547 3455 4630; x_wconf 77' lang='lat'>¹⁶)</span> <span class='ocrx_word' id='word_1_731' title='bbox 3528 4547 3728 4630; x_wconf 81' lang='lat' dir='ltr'>aliqui</span> <span class='ocrx_word' id='word_1_732' title='bbox 3786 4544 4087 4612; x_wconf 85' lang='lat' dir='ltr'>dubitent</span> <span class='ocrx_word' id='word_1_733' title='bbox 4142 4544 4223 4610; x_wconf 90' lang='lat' dir='ltr'>de</span> <span class='ocrx_word' id='word_1_734' title='bbox 4279 4542 4433 4609; x_wconf 85' lang='lat' dir='ltr'>doc·</span> 
     </span>
     <span class='ocr_line' id='line_1_102' title="bbox 2476 4627 4433 4718; baseline 0.001 -26"><span class='ocrx_word' id='word_1_735' title='bbox 2476 4628 2679 4706; x_wconf 88' lang='lat' dir='ltr'>trina,</span> <span class='ocrx_word' id='word_1_736' title='bbox 2746 4638 2812 4692; x_wconf 93' lang='lat' dir='ltr'>et</span> <span class='ocrx_word' id='word_1_737' title='bbox 2876 4627 3205 4716; x_wconf 79' lang='lat' dir='ltr'>qu[amvis</span> <span class='ocrx_word' id='word_1_738' title='bbox 3261 4631 3427 4718; x_wconf 74' lang='lat' dir='ltr'>eius]</span> <span class='ocrx_word' id='word_1_739' title='bbox 3494 4634 3839 4700; x_wconf 86' lang='lat' dir='ltr'>conciones</span> <span class='ocrx_word' id='word_1_740' title='bbox 3906 4652 4099 4697; x_wconf 90' lang='lat' dir='ltr'>nemo</span> <span class='ocrx_word' id='word_1_741' title='bbox 4157 4631 4433 4697; x_wconf 88' lang='lat' dir='ltr'>damnet</span> 
     </span>
     <span class='ocr_line' id='line_1_103' title="bbox 2474 4718 4431 4801; baseline 0.001 -22"><span class='ocrx_word' id='word_1_742' title='bbox 2474 4733 2643 4796; x_wconf 91' lang='lat' dir='ltr'>quae</span> <span class='ocrx_word' id='word_1_743' title='bbox 2686 4734 2945 4798; x_wconf 91' lang='lat' dir='ltr'>semper</span> <span class='ocrx_word' id='word_1_744' title='bbox 2986 4718 3156 4781; x_wconf 88' lang='lat' dir='ltr'>fiunt</span> <span class='ocrx_word' id='word_1_745' title='bbox 3197 4718 3387 4782; x_wconf 85' lang='lat' dir='ltr'>iuxta</span> <span class='ocrx_word' id='word_1_746' title='bbox 3431 4730 3574 4801; x_wconf 89' lang='lat' dir='ltr'>post</span> <span class='ocrx_word' id='word_1_747' title='bbox 3617 4719 3730 4784; x_wconf 89' lang='lat' dir='ltr'>illa</span> <span class='ocrx_word' id='word_1_748' title='bbox 3774 4731 3846 4783; x_wconf 86' lang='lat' dir='ltr'>ut</span> <span class='ocrx_word' id='word_1_749' title='bbox 3893 4726 4145 4797; x_wconf 84' lang='lat' dir='ltr'>vocant,</span> <span class='ocrx_word' id='word_1_750' title='bbox 4205 4727 4431 4781; x_wconf 85' lang='lat' dir='ltr'>tamen</span> 
     </span>
    </p>
   </div>
   <div class='ocr_carea' id='block_1_8' title="bbox 2477 4889 2886 4898">
    <p class='ocr_par' dir='ltr' id='par_1_9' title="bbox 2477 4889 2886 4898">
     <span class='ocr_line' id='line_1_104' title="bbox 2477 4889 2886 4898; baseline -0.005 0"><span class='ocrx_word' id='word_1_751' title='bbox 2477 4891 2566 4898; x_wconf 41' lang='lat' dir='ltr'>W&gt;</span> <span class='ocrx_word' id='word_1_752' title='bbox 2595 4892 2632 4896; x_wconf 62' lang='lat'>0-</span> <span class='ocrx_word' id='word_1_753' title='bbox 2671 4889 2854 4897; x_wconf 48' lang='lat'>⁴-0”—-</span> <span class='ocrx_word' id='word_1_754' title='bbox 2883 4893 2886 4896; x_wconf 96' lang='lat'>.</span> 
     </span>
    </p>
   </div>
   <div class='ocr_carea' id='block_1_9' title="bbox 2478 4987 4430 5400">
    <p class='ocr_par' dir='ltr' id='par_1_10' title="bbox 2478 4987 4430 5400">
     <span class='ocr_line' id='line_1_105' title="bbox 2650 4987 4289 5113; baseline 0.003 -68"><span class='ocrx_word' id='word_1_755' title='bbox 2650 4987 2747 5112; x_wconf 53' lang='lat' dir='ltr'>ff)</span> <span class='ocrx_word' id='word_1_756' title='bbox 2782 4988 3052 5113; x_wconf 58' lang='lat' dir='ltr'>m</span> <span class='ocrx_word' id='word_1_757' title='bbox 3086 4991 3266 5048; x_wconf 69' lang='lat' dir='ltr'>addit.-</span> <span class='ocrx_word' id='word_1_758' title='bbox 3301 5008 3421 5046; x_wconf 83' lang='lat' dir='ltr'>esse</span> <span class='ocrx_word' id='word_1_759' title='bbox 3458 5009 3602 5047; x_wconf 78' lang='lat' dir='ltr'>vers.</span> <span class='ocrx_word' id='word_1_760' title='bbox 4285 5059 4289 5068; x_wconf 16' lang='grc' dir='ltr'><strong><em>ἢ</em></strong></span> 
     </span>
     <span class='ocr_line' id='line_1_106' title="bbox 2478 5059 4430 5279; baseline 0.002 -27"><span class='ocrx_word' id='word_1_761' title='bbox 2478 5059 3038 5279; x_wconf 51' lang='lat' dir='ltr'>...2:252aean</span> <span class='ocrx_word' id='word_1_762' title='bbox 3061 5129 3604 5256; x_wconf 51' lang='lat' dir='ltr'>mma*</span> <span class='ocrx_word' id='word_1_763' title='bbox 3620 5131 4124 5256; x_wconf 61' lang='lat' dir='ltr'>m“·⁶“&#39;</span> <span class='ocrx_word' id='word_1_764' title='bbox 4159 5137 4220 5186; x_wconf 68' lang='lat'>·“</span> <span class='ocrx_word' id='word_1_765' title='bbox 4247 5146 4430 5199; x_wconf 45' lang='grc' dir='ltr'>*θ’*</span> 
     </span>
     <span class='ocr_line' id='line_1_107' title="bbox 2650 5265 3092 5400; baseline 0 -12"><span class='ocrx_word' id='word_1_766' title='bbox 2650 5265 2747 5400; x_wconf 59' lang='lat'>{2}</span> <span class='ocrx_word' id='word_1_767' title='bbox 2777 5266 3092 5389; x_wconf 54' lang='grc' dir='ltr'>ἶιῖῗοῗῑιῖἴτ</span> 
     </span>
    </p>
   </div>
  </div>
 </body>
</html>
