4850 6200
333 396 453 458 865

329 586 405 649 ut
442 580 689 666 gloriae
722 579 977 647 Christi
1011 581 1275 647 serviat.
1343 578 1538 662 Quod
1571 598 1705 645 non
1739 578 1926 645 adest
1963 578 2283 664 largiatur

330 669 672 744 Dominus,
715 666 1009 750 faxitque
1052 675 1127 731 ιιι
1168 666 1613 750 intelligamus
1668 664 1827 749 quid
1870 663 2040 730 desit
2091 665 2282 731 nobis

332 768 396 821 et
454 753 760 838 precibus
802 753 1253 834 impetremus,
1299 763 1416 818 aut
1458 752 1739 818 aliorum
1783 772 2000 834 opera,
2044 752 2281 834 quibus

332 840 511 906 dedit
557 841 739 905 Deus
783 858 953 920 quae
994 860 1129 903 non
1171 838 1511 916 habemus,
1564 846 1849 918 utamur,
1909 858 2119 921 neque
2164 859 2279 903 no-

329 927 431 992 bis
475 938 738 992 tantum
782 926 1149 990 tribuamus
1194 934 1268 989 ut
1311 925 1545 990 merito
1587 926 1659 988 in
1703 945 1826 989 nos
1867 923 2062 990 cadat
2104 923 2278 1005 quod

329 1013 594 1079 dicitur:
683 1012 749 1077 N
750 1033 787 1076 e
840 1019 1025 1076 sutor
1077 1010 1256 1076 ultra
1311 1010 1660 1094 crepidam.
1749 1009 1974 1076 Habes
2030 1029 2071 1074 a
2136 1010 2280 1075 Deo

327 1102 395 1167 id
441 1100 592 1165 doni
637 1108 712 1164 ιιι
756 1098 935 1162 noris
979 1097 1260 1179 qualiter
1301 1097 1465 1163 haec
1500 1107 1655 1161 sunt
1708 1096 2050 1162 tractanda
2091 1095 2279 1179 inge-

327 1191 457 1267 nia,
523 1189 795 1270 ipsaque
861 1181 1092 1249 doctus
1156 1204 1228 1248 es
1293 1183 1717 1265 experientia,
1769 1191 1836 1248 te
1879 1183 2029 1266 plus
2070 1182 2279 1264 impe-

329 1285 539 1340 trasse
575 1292 770 1354 quam
794 1289 1115 1354 sperares,
1150 1268 1425 1352 ideoque
1447 1290 1564 1351 per
1610 1267 1853 1333 endum
1897 1277 2013 1334 est.
2074 1268 2280 1333 Recte

327 1363 487 1427 facis
542 1357 716 1442 quod
768 1355 986 1421 virum
1011 1359 1062 1433 ³)
1118 1357 1359 1440 tangis,
1417 1377 1506 1439 qu
1647 1355 1729 1419 de
1782 1362 1847 1419 te
1907 1351 2154 1419 iudicat
2195 1374 2280 1419 ex

328 1447 525 1532 nugis
569 1456 637 1509 et
678 1441 1031 1509 calumniis
1060 1442 1478 1519 nebulonum,
1524 1463 1660 1506 non
1702 1462 1785 1506 ex
1809 1440 2087 1506 lectione
2130 1446 2280 1505 tuo·

329 1556 480 1600 rum
539 1550 831 1613 operum,
892 1539 959 1593 et
1015 1526 1189 1611 quod
1231 1536 1608 1593 constanter
1649 1527 1878 1593 scribis
1923 1534 1987 1591 te
2030 1526 2280 1611 profes-

328 1639 560 1686 surum
617 1616 794 1699 piam
862 1623 930 1679 et
992 1634 1224 1680 sanam
1282 1613 1667 1689 doctrinam,
1704 1611 1877 1695 quod
1919 1622 2135 1677 tecum
2171 1611 2282 1677 det

325 1707 659 1773 Dominus
701 1700 1026 1767 omnibus.
1108 1697 1300 1781 Quod
1353 1698 1679 1781 Wesphalo
1721 1697 2094 1781 respondes,
2141 1719 2281 1762 om-

329 1814 449 1858 nes
493 1791 616 1855 tibi
660 1789 894 1852 merito
939 1786 1184 1871 gratias
1206 1785 1445 1851 habere
1490 1782 1746 1863 debent,
1792 1794 1860 1849 et
1899 1782 2096 1850 valde
2131 1805 2281 1867 gra-

328 1890 473 1945 tum
518 1887 619 1942 est
654 1872 827 1958 quod
869 1874 1173 1938 insanum
1197 1881 1691 1956 expugnaturus
1726 1892 1842 1954 per
1864 1871 2086 1935 omnia
2128 1890 2280 1937 con·

328 1964 539 2030 trario
592 1982 830 2044 pergas
895 1959 1105 2025 modo.
1188 1958 1458 2025 Utinam
1522 1966 1655 2022 tam
1700 1977 1960 2041 possem
2006 1955 2282 2039 probare

328 2052 458 2116 alia
508 2069 677 2132 quae
734 2047 940 2113 bonus
994 2045 1106 2110 ille
1126 2047 1181 2125 ⁶)
1237 2044 1479 2121 scribit,
1538 2057 1614 2110 ut
1655 2043 1821 2108 mihi
1865 2043 2078 2125 placet
2111 2040 2283 2124 quod

328 2138 445 2203 abs
492 2147 560 2200 te
603 2134 767 2218 petit
809 2134 880 2196 in
923 2132 1367 2215 responsione,
1405 2151 1603 2213 quam
1648 2150 1839 2213 spero
1882 2148 2016 2193 non
2060 2130 2282 2194 minus

327 2223 564 2290 utilem
632 2240 829 2302 quam
892 2217 1338 2283 defensionem
1401 2238 1518 2299 per
1574 2236 1770 2297 quam
1806 2214 2114 2281 ecclesiae
2156 2215 2283 2279 hae

329 2310 591 2393 plenius
667 2304 1040 2371 indicarunt
1117 2310 1424 2367 mutuum
1488 2302 1667 2366 inter
1728 2322 1798 2366 se
1860 2319 2282 2366 consensum:

327 2418 454 2461 nec
513 2391 738 2458 dubito
801 2393 960 2474 quin
1024 2411 1106 2454 ex
1171 2390 1252 2454 iis
1311 2390 1420 2471 qui
1475 2387 1746 2453 alienati
1789 2408 1830 2452 a
1873 2387 2060 2452 nobis
2095 2395 2285 2451 erant

331 2481 523 2548 multi
570 2482 706 2544 sint
740 2476 1062 2543 conciliati
1109 2485 1176 2540 et
1219 2476 1427 2539 multo
1462 2475 1800 2557 aequiores
1842 2472 2017 2538 facti.
2083 2471 2286 2537 Faxit

329 2569 512 2651 pacis
557 2576 626 2630 et
669 2584 866 2630 verae
888 2561 1270 2629 concordiae
1312 2572 1504 2625 autor
1545 2571 1622 2626 ιιι
1661 2558 1928 2624 tandem
1964 2567 2100 2622 tam
2145 2579 2287 2641 pes-

330 2656 531 2720 tilens
576 2652 853 2716 tollatur
873 2668 1142 2732 prorsus
1166 2647 1529 2725 dissidium,
1575 2666 1702 2728 quo
1738 2647 1871 2710 iam
1914 2665 2032 2727 per
2075 2665 2287 2709 unum

331 2754 398 2806 et
442 2740 717 2823 triginta
761 2757 966 2801 annos
1001 2735 1168 2800 mire
1210 2735 1565 2799 turbantur
1606 2731 1934 2798 ecclcsiae.
2002 2729 2107 2795 De
2151 2728 2285 2796 col-

329 2827 552 2909 loquio
608 2824 814 2888 amico
864 2841 1102 2905 parum
1164 2818 1435 2904 affulget
1469 2820 1627 2901 spei,
1671 2838 1793 2883 nec
1836 2817 2059 2882 dubito
2103 2816 2282 2899 quin,

329 2915 388 2978 si
424 2914 495 2977 in
542 2931 741 2993 opera
785 2928 980 2992 quam
1026 2919 1162 2970 tam
1193 2904 1551 2971 liberaliter
1594 2904 1705 2969 ille
1749 2903 2064 2969 offerebat
2108 2921 2285 2967 nunc

329 3021 401 3065 se
448 3004 855 3078 compertum
892 2993 1135 3058 habere
1170 2991 1260 3056 ait
1304 3011 1516 3074 neque
1559 3012 1712 3055 suos
1747 3011 1959 3072 neque
1980 2988 2283 3054 Beruen-

329 3107 435 3151 ses
484 3106 696 3166 neque
747 3079 1143 3146 Basilienses
1187 3096 1639 3153 consensuros,
1683 3084 1752 3141 et
1795 3075 1980 3142 velut
2021 3094 2283 3140 omnem

325 3174 577 3239 eximat
631 3189 834 3251 spem,
894 3170 1084 3231 non‘
1137 3163 1311 3230 idem
1369 3164 1444 3228 in
1488 3163 1801 3245 colloquio
1845 3163 2140 3227 futurum
2174 3161 2280 3227 sit.

326 3257 466 3324 Sed
513 3259 566 3322 si
593 3255 922 3319 Dominus
958 3250 1146 3316 daret
1169 3259 1241 3314 ut
1278 3260 1350 3314 tu
1387 3270 1559 3315 unus
1593 3269 1747 3315 cum
1790 3248 2094 3314 omnibus
2139 3247 2283 3313 aliis

326 3346 442 3428 qui
497 3342 936 3408 adversantur
999 3337 1187 3403 nobis
1253 3357 1503 3421 ageres,
1569 3334 1637 3399 id
1704 3335 1988 3399 maxime
2032 3334 2172 3417 paci
2217 3341 2285 3399 et

326 3428 715 3498 concordiae
756 3427 1052 3491 serviret.
1132 3423 1287 3489 Fiat
1329 3422 1635 3488 voluntas
1679 3420 1971 3485 Domini.

454 3516 620 3580 Pius
644 3520 867 3596 pastor
890 3510 1125 3594 aliquis
1146 3510 1423 3574 contulit
1446 3528 1597 3573 cum
1619 3506 2067 3580 cancellario⁷)
2089 3506 2281 3572 Geor-

318 3604 418 3687 yii
441 3602 700 3668 seniore
718 3608 786 3662 et
807 3598 1082 3671 saniore,
1107 3606 1182 3659 ut
1204 3595 1482 3677 scripsit,
1504 3605 1927 3676 posteaquam
1948 3594 2281 3676 principes

324 3687 650 3756 Germani
674 3685 1150 3750 coniunctiores
1175 3703 1352 3746 nunc
1388 3692 1570 3745 sunt:
1611 3682 1667 3745 si
1712 3679 1795 3744 ad
1856 3678 2106 3763 Regem
2132 3680 2280 3761 pius

324 3774 566 3857 aliquis
624 3773 770 3848 iret,
840 3769 1152 3834 nimirum
1226 3765 1876 3849 wirtembergensis,
1930 3777 2281 3847 ageretque

322 3883 410 3926 ne
446 3861 541 3925 ita
575 3859 649 3923 in
693 3858 833 3939 pios
873 3855 1177 3932 saeviret,
1201 3851 1316 3918 sed
1351 3853 1568 3935 potius
1589 3852 1953 3935 inquireret
1995 3850 2076 3915 de
2118 3870 2281 3916 vera

323 3947 449 4012 reli
502 3946 668 4021 ’one,
728 3941 1113 4023 audiretque
1179 3960 1290 4005 eos
1348 3938 1460 4021 qui
1523 3947 1754 4002 tenent
1817 3939 2279 4020 Augustanam

323 4053 450 4098 con
480 4031 834 4097 essionem:
886 4027 1276 4109 scripsitque
1320 4023 1781 4089 cancellarium
1823 4021 2020 4087 huius
2063 4021 2281 4106 gratia

323 4119 407 4184 ad
434 4115 786 4183 nonnullos
821 4114 1048 4178 literas
1072 4111 1326 4176 dedisse
1362 4124 1436 4175 ut
1458 4121 1731 4193 agerent
1772 4129 1921 4174 cum
1966 4108 2277 4191 principe.

324 4205 398 4271 Si
451 4204 519 4268 id
567 4203 685 4268 tibi
730 4199 1044 4284 probatur
1078 4210 1145 4261 et
1188 4198 1331 4262 fieri
1366 4217 1555 4279 posse
1599 4215 1845 4278 speres,
1882 4215 2000 4276 per
2026 4192 2280 4275 Philip-

310 4312 479 4375 pum
522 4309 745 4373 posses
780 4289 1055 4364 efficere,
1102 4292 1169 4348 et
1190 4283 1361 4367 apud
1389 4282 1808 4359 Melchiorem‚
1833 4281 1886 4367 ⁸)
1930 4301 2080 4346 cum
2100 4279 2282 4345 Besa

535 4583 591 4639 5]
633 4579 1010 4646 Bauinqerum
1047 4574 1316 4641 (Εἰπὼν).

534 4649 594 4787 33
631 4649 1030 4771 fovemfi'aurello
1077 4708 1429 4780 (Oechalinfi
1473 4738 1539 4749 —
1581 4707 1863 4764 Caeterum
1918 4708 2174 4763 Fas-ellus
2215 4708 2279 4763 in

322 4793 424 4848 hoc
460 4788 690 4844 coneilio
763 4785 978 4849 astitit,
1013 4782 1261 4850 quamvis
1295 4778 1698 4835 contradicente
1730 4777 1957 4833 Calvino
1975 4776 2077 4844 (N.
2096 4774 2282 4839 2356).

324 4861 396 4916 A.
439 4856 575 4912 1557
624 4873 660 4909 a
754 4853 916 4908 amite
970 4851 1205 4918 Θεωρία
1256 4847 1657 4905 commendatus
1708 4862 1832 4902 cum
1885 4846 2038 4900 Beza
2091 4846 2278 4900 ducem

331 4927 784 4995 christophorum
820 4923 980 4989 adiit,
1023 4923 1247 4990 eiusque
1288 4918 1723 4972 intercessionem
1759 4916 1912 4983 apud
1951 4915 2153 4984 Reyem
2189 4915 2278 4970 ob-

323 4998 512 5055 tinuit.
573 4993 735 5063 Quod
761 4991 1046 5061 principes
1078 4990 1191 5043 iam
1226 4988 1624 5043 coniunctiores
1659 4985 1808 5054 dicit,
1843 4984 1905 5038 id
1931 4984 2008 5038 ad
2040 4984 2279 5039 &uadem

324 5068 487 5147 duci-³·
518 5063 752 5118 cons—aia
785 5068 836 5117 et
881 5062 1111 5143 epotatus
1157 5056 1534 5139 ref-erendum,-
1563 5055 1661 5125 «αἱ
1693 5071 1762 5107 m.
1806 5054 1964 5108 Maio
1997 5067 2283 5177 offam

320 5131 792 5261 ἓῑῖξτίἑῗῖευηὲἱᾶεῇ
807 5130 1110 5254 Famam
1163 5125 1598 5264 quamsffizaffte
1620 5122 2181 5260 πῖῗᾱιιᾼᾷρπρεέθοροέιιῗτ
2230 5196 2282 5246 et

325 5275 595 5406 deincezgt)
616 5266 1339 5396 aftglegmgoemmr'
1413 5262 1654 5332 (Kuqler
1689 5262 1763 5318 11.
1801 5261 1834 5314 6
1869 5264 1969 5327 sc.)

542 5423 763 5482 cavom·
786 5438 971 5493 opera.
1050 5419 1164 5478 νοι
1202 5417 1337 5475 xv.

2027 394 2189 455 1555
2234 387 2656 498 Novana.

4211 397 4343 461 866

2384 582 2524 645 no'n
2576 599 2833 662 parum,
2905 585 2981 644 ιιι
3050 577 3619 664 W‘memberyemis
3679 586 4046 666 rogaretur.

2384 686 2506 748 pro
2548 672 2667 731 tua
2701 661 3067 749 prudentia.
3135 663 3271 730 Sed
3306 685 3468 732 cave
3510 687 3595 731 ne
3636 674 3832 749 poeta
3872 688 4084 736 novus
4109 668 4166 751 ο>
4201 668 4341 735 suis

2384 750 2782 817 carminibus
2868 760 2936 816 te
3020 759 3345 816 excantet.
3423 750 3644 834 Quam
3722 752 3958 818 vellem
4022 753 4341 820 miserum

2384 837 2713 903 saniorem
2756 844 2826 901 et
2844 838 3112 902 firmum
3153 836 3227 902 in
3268 837 3354 902 iis
3389 859 3555 921 quae
3599 844 3759 903 sunt
3779 839 4059 922 pietatis.
4125 837 4340 923 Spero

2386 921 2802 988 Humben‘um
2843 922 3155 989 ecclesiae
3196 922 3429 989 utilem
3471 924 3788 990 futurum.
3876 925 4149 991 Lubens
4186 925 4338 991 reti-

2385 1009 2679 1075 nuissem
2738 1009 2994 1074 virum:
3053 1006 3169 1073 sed
3219 1011 3474 1094 gratius
3517 1010 3646 1076 erit
3687 1009 3917 1076 audire
3961 1011 4145 1093 pium
4188 1032 4340 1077 suc-

2385 1115 2676 1173 cessum,
2720 1115 3159 1177 cuperemque
3202 1116 3336 1161 una
3378 1115 3531 1161 cum
3574 1116 3653 1161 eo
3696 1103 3765 1161 et
3824 1094 4137 1177 Stephano
4171 1117 4335 1164 esse.

2387 1180 2465 1247 si
2505 1182 2746 1246 fratres
2772 1183 2861 1257 ¹⁰)
2902 1180 3184 1246 Guisani
3224 1180 3516 1266 impulsu
3550 1188 3832 1246 mortem
3868 1181 4005 1248 sint
4045 1182 4341 1266 perpessi

2385 1266 2745 1344 Gameraci,
2769 1264 2928 1349 quid
2970 1268 3085 1331 fiet
3123 1266 3258 1332 illis
3294 1269 3405 1351 qui
3428 1266 3865 1334 Dommaliwm
3891 1270 3974 1345 ¹¹)
4018 1280 4175 1333 sunt
4218 1269 4340 1337 ha-

2386 1351 2592 1417 bituri
2652 1353 3040 1435 viceregem,
3094 1359 3171 1417 ιιι
3225 1352 3466 1418 dicitur
3533 1353 3808 1419 Taurini
3880 1352 4280 1438 designatus.
4302 1358 4341 1395 ¹

2386 1438 2573 1506 Deus
2624 1459 2944 1522 generum
3000 1459 3149 1504 cum
3194 1459 3386 1505 socru
3430 1438 3672 1517 visitet,
3716 1458 3794 1505 ac
3837 1439 4156 1505 familiam
4200 1449 4341 1505 tam

2385 1531 2639 1590 trucem
2685 1526 2977 1608 castiget,
3022 1533 3090 1590 et
3133 1535 3208 1590 ut
3251 1522 3517 1591 domum
3560 1531 3822 1590 tantum
3866 1525 4122 1610 erigere
4165 1534 4340 1592 sata—

2387 1619 2573 1694 gunt,
2619 1631 2747 1693 quo
2803 1610 2967 1688 iure,
3017 1631 3148 1694 qua
3190 1610 3449 1692 iniuria,
3496 1610 3758 1676 deiiciat
3798 1613 3973 1677 iusto
4016 1633 4135 1677 suo
4167 1609 4340 1676 iudi·-

2386 1696 2506 1774 cio,
2552 1706 2627 1761 ut
2667 1696 3047 1777 intelligant
3088 1717 3314 1762 omnes
3346 1696 3501 1782 quid
3546 1696 3637 1762 sit
3668 1695 4081 1780 belligerare,
4125 1705 4340 1763 metu-

2387 1790 2631 1866 antque
2674 1791 2740 1847 et
2783 1785 3076 1848 serviant
3109 1803 3271 1865 pure
3308 1783 3432 1847 soli
3478 1783 3636 1848 Deo.

2559 1866 2919 1935 maures-us
2973 1867 3170 1934 rediit
3196 1868 3278 1951 ¹²)
3332 1867 3876 1942 valetudinarius,
3932 1890 4068 1933 non
4122 1889 4162 1933 a
4205 1868 4339 1933 Ba·

2389 1952 2573 2020 densi
2617 1959 2722 2033 (ut
2764 1952 3103 2020 credebam
3106 1966 3132 2031 j
3174 1954 3576 2032 marchione,
3601 1955 3791 2020 'sicut
3833 1952 4184 2031 dicebatur,
4223 1953 4342 2019 sed

2388 2061 2426 2105 e
2468 2040 2711 2106 vicinia
2753 2040 3203 2107 Constantiae.
3283 2039 3463 2107 Sunt
3514 2040 3630 2123 qui
3672 2039 3903 2106 dicunt
3945 2061 4097 2105 eum
4141 2040 4342 2105 etiam

2388 2128 2730 2211 Augustae
2773 2126 2992 2192 fuisse.
3062 2126 3388 2192 Dominus
3428 2126 3607 2192 hunc
3645 2146 3798 2193 cum
3841 2124 3989 2192 aliis
4024 2125 4161 2191 suis
4204 2146 4342 2191 ser-

2388 2213 2491 2279 vis
2555 2212 2867 2278 ecclesiae
2913 2232 3071 2279 suae
3128 2223 3361 2278 servet.
3451 2212 3625 2277 Nam
3691 2232 3931 2295 paucos
3986 2211 4344 2277 admodum

2388 2296 2707 2363 habemus
2787 2296 3127 2364 eiusmodi.
3232 2297 3539 2380 Quatuor
3603 2297 3933 2380 principes
3998 2299 4109 2380 qui
4173 2298 4341 2362 istac

2388 2384 2733 2449 transiisse
2789 2383 3095 2449 feruntur
3151 2384 3504 2449 nonnullos
3557 2384 3930 2461 turbarunt,
3975 2385 4088 2466 qui
4145 2383 4343 2448 istam

2389 2468 2729 2535 ecclesiam
2775 2469 3031 2534 nollent
3064 2479 3424 2536 vastatam:
3467 2466 3641 2552 quod
3673 2468 4056 2534 iudicabant
4098 2467 4167 2534 id
4209 2490 4344 2533 non

2389 2575 2619 2706 pargm
2667 2577 2785 2639 pro
2820 2556 2899 2620 iis
2923 2554 3268 2634 facturum,
3313 2556 3427 2640 qui
3458 2555 3679 2620 omnia
3721 2562 3983 2619 tentant
4026 2562 4101 2619 ut
4144 2553 4345 2620 bonos

2389 2661 2509 2726 per
2556 2652 2691 2706 ant.

2561 2725 2861 2792 Salutavi
2897 2727 3298 2809 praefectum
3344 2732 3460 2791 tuo
3501 2727 3790 2804 nomine,
3836 2725 3949 2808 qui
3992 2732 4059 2790 te
4094 2724 4344 2791 resalu-

2385 2821 2505 2891 tat,
2542 2820 2610 2877 et
2644 2822 3048 2896 symmystae
3082 2831 3310 2878 omnes
3354 2810 3706 2894 plurimam
3749 2809 3872 2876 tibi
3914 2810 4217 2890 salutem·
4243 2810 4343 2876 di-

2386 2907 2565 2965 cunt.
2646 2896 2973 2964 Omnibus
3016 2906 3279 2982 gratum
3324 2904 3443 2975 est,
3500 2896 3676 2963 diem
3732 2897 3973 2962 dictam
4019 2917 4164 2963 esse
4205 2897 4342 2962 foe-

2387 2983 2531 3050 de'ri
2588 2982 2987 3049 renovando.
3069 2983 3239 3049 Vale
3305 3005 3504 3067 quam
3562 2983 3810 3067 optime
3874 3003 4026 3049 cum
4070 2982 4341 3067 collegis

2386 3078 2452 3136 et
2496 3071 2740 3138 sanctis
2784 3069 2927 3137 istis
2971 3091 3133 3154 quos
3174 3070 3386 3155 gestio
3428 3070 3525 3135 ita
3577 3078 3802 3137 auctos
3846 3076 3921 3136 ut
3964 3090 4173 3154 paene
4216 3089 4343 3135 nu-

2385 3158 2629 3223 merari
2674 3179 2809 3224 non
2852 3157 3123 3240 possint.
3193 3155 3541 3240 Adaugeat
3576 3155 3886 3222 Christus
3927 3177 4098 3222 suos.
4166 3155 4342 3222 Neo·

2383 3244 2554 3310 comi
2596 3242 2809 3328 pridie
2850 3241 3076 3309 Galen.
3125 3241 3525 3310 Decembres
3573 3247 3757 3308 1555.

3612 3380 3797 3445 'I'uus
3840 3377 4165 3445 Farellus.

3257 3890 3464 3964 2349.

2735 4028 3140 4097 CALVINU
3141 4028 3195 4096 S
3229 4027 3904 4096 VALLEVILLIO.
3939 4030 3987 4107 ¹)

2566 4183 2937 4252 consolatur
2979 4204 3123 4250 eum
3161 4185 3238 4252 do
3270 4187 3460 4250 morte
3479 4183 3719 4250 uxoris.

2385 4356 2602 4423 (Edidit
2636 4359 2783 4411 Beza
2816 4357 2951 4410 Gen.
2987 4372 3041 4425 p.
3062 4354 3180 4422 181,
3218 4354 3375 4409 Laus.
3411 4370 3466 4423 p.
3485 4352 3604 4419 3⁷8,
3639 4352 3852 4407 Hanov.
3886 4369 3943 4421 p.
3969 4350 4092 4416 424,
4126 4351 4340 4406 Ohouet

2382 4443 2439 4497 p.
2490 4424 2618 4493 245,
2684 4427 2863 4480 Amst.
2912 4442 2968 4495 p.
3031 4424 3148 4478 112.
3206 4453 3278 4562 —p
3329 4423 3533 4557 (23:³13oe
3583 4423 3790 4535 legitur
3842 4422 3902 4474 in
3965 4422 4095 4475 edit.
4149 4422 4338 4476 Berol.

2589 4630 2649 4697 9)
2692 4630 3040 4686 Mau-curtim
3073 4629 3181 4696 (N.
3215 4627 3401 4693 2345).

2555 4698 2648 4822 ff)
2688 4700 2971 4823 gignyres
2995 4698 3405 4755 Gomoracmces
3438 4714 3491 4753 a.
3530 4697 3586 4751 d.
3620 4696 3694 4751 iv.
3731 4695 3873 4750 Idus
3908 4694 4023 4751 Oct.
4058 4695 4340 4750 combusti.

2629 4773 2651 4830 )
2726 4770 2743 4795 '
2800 4768 2996 4822 amalo.

2557 4835 2650 4901 12)
2688 4837 2767 4893 N.
2802 4836 2959 4908 2344,
2993 4842 3102 4891 not.
3135 4835 3187 4890 2.

2382 4908 2573 4962 2349.
2594 4906 2651 4976 1)
2692 4906 2915 4961 Pridem
2947 4920 3143 4960 nomen
3175 4905 3289 4959 viri
3330 4904 3650 4972 scripsimus
3680 4902 4013 4957 Vanvillium
4048 4900 4336 4968 (Richard

2392 4977 2665 5042 Vaam'lle)
2679 5014 2695 5039 ‚
2737 4976 2904 5043 facile
2948 4980 3218 5040 mantes,
3264 4989 3432 5043 quum
3476 4973 3539 5027 in
3585 4972 3749 5028 atius
3795 4973 3999 5026 saeculi
4042 4971 4335 5026 literatura

2380 5065 2417 5101 n
2455 5052 2505 5101 et
2537 5062 2576 5099 u
2604 5045 2723 5111 fere
2766 5059 3035 5116 nusquam
3069 5042 3344 5112 distinqui
3381 5043 3617 5110 possint.
3685 5040 3904 5095 Bomwt
3934 5041 4145 5108 passim
4181 5040 4333 5094 Vau-

2381 5117 2511 5170 villc
2545 5114 2835 5177 scribebat,
2876 5128 2990 5167 non
3022 5126 3151 5166 vcro
3184 5112 3395 5180 ubique.
3470 5111 3599 5165 Iam
3668 5125 3797 5165 uum
3834 5108 4002 5175 Besa,
4051 5124 4207 5180 quem
4242 5109 4334 5167 hie

2368 5184 2489 5255 fide
2533 5184 2760 5253 dianam
2810 5187 2994 5237 testem
3042 5195 3299 5235 romare
3341 5180 3494 5233 nullo
3536 5125 3695 5234 *⁸030
3741 5191 4051 5260 pessuma-v,
4102 5177 4336 5233 latinam

2375 5255 2618 5324 formam
2652 5252 2814 5308 talem
2844 5250 3053 5317 fecerit,
3099 5248 3169 5304 de
3202 5265 3239 5302 u
3269 5247 3634 5319 praeferendo
3666 5249 3784 5303 ian
3815 5248 4057 5315 amplam
4089 5246 4338 5304 dncbitan‘
