4850 6200
314 438 435 501 849

1188 621 1394 695 2889.

703 774 1066 845 LASOUS
1110 777 1346 845 REGI
1386 775 1890 846 POLONIAE.

483 948 795 1015 Hortatur
827 969 969 1015 eum
1003 953 1070 1015 ut
1104 950 1176 1013 in
1209 969 1392 1033 opere
1425 948 1897 1032 reformationis
1919 950 2273 1034 perseveret

312 1037 435 1103 imo
473 1036 711 1119 fortius
751 1039 807 1101 et
847 1036 1104 1102 enixius
1143 1035 1433 1119 deinceps
1462 1036 1928 1121 proyrediatur.

314 1208 426 1273 (Ex
461 1207 592 1262 Cod.
629 1206 882 1262 Gothano
917 1204 1039 1274 405,
1073 1204 1164 1260 fol„
1202 1204 1322 1261 365.
1374 1207 1569 1261 mnus
1605 1207 1890 1261 Dathaeni.
1947 1207 2147 1260 Exstat
2181 1222 2271 1276 ap.

313 1277 634 1331 Gerdesium
685 1280 745 1329 et
797 1275 1122 1345 Knyperum
1174 1275 1215 1328 Ι.
1269 1273 1391 1329 349.
1463 1277 1685 1330 Pridem
1738 1293 1869 1330 vero
1922 1276 2024 1329 sub
2077 1276 2268 1329 titulo:

314 1346 604 1415 molae
638 1349 748 1398 tres
781 1344 919 1399 lectu
935 1344 1292 1412 dionissium
1310 1345 1377 1400 dc
1393 1350 1545 1401 recta
1578 1353 1626 1400 et
1660 1345 1900 1415 legit-‘ma
1926 1344 2273 1402 ecelesiarum

312 1412 1753 1483 mmmdamnrationeacmodoeadpot.
1889 1413 2275 1474 emPolom‘ae‚

315 1482 595 1545 Senatum,
634 1482 978 1553 reliquosque
1012 1483 1252 1549 ordines,
1289 1482 1367 1535 D.
1406 1483 1490 1539 Io.
1526 1500 1564 1538 a
1599 1483 1795 1539 Lateo.
1889 1498 1973 1537 ar.
2011 1482 2132 1538 Pol.
2170 1498 2272 1537 au·

631 1556 763 1607 tore.
799 1551 979 1606 Bae-‘L
1018 1550 1237 1620 ovorio·
1273 1550 1431 1620 (1556
1465 1569 1647 1609 nense
1682 1553 1940 1617 Martio.)

312 1740 521 1808 Sacra
574 1740 892 1805 Maiestas
943 1740 1129 1823 regia
1184 1747 1253 1805 et
1296 1740 1610 1818 Domine,
1671 1738 1932 1805 domine
1988 1738 2273 1805 clemen-

309 1828 583 1905 tissime,
621 1832 1006 1909 perpetuam
1042 1825 1498 1892 observantiae
1533 1834 1601 1891 et
1634 1825 2054 1893 subiectionis
2088 1845 2274 1891 meae

966 1911 1618 1979 commendationem.

485 2083 887 2150 Audivimus
921 2084 1055 2148 iam
1089 2082 1345 2168 pridem
1387 2083 1563 2151 laeta
1606 2083 1925 2166 quaedam
1959 2083 2199 2148 nuncia
2220 2087 2274 2158 ¹)

314 2171 398 2237 de
440 2180 674 2251 coepta
709 2180 777 2234 et
810 2170 956 2235 istic
993 2168 1256 2235 demum
1295 2167 1659 2257 [restituta]
1699 2168 1922 2234 divino
1960 2169 2274 2235 beneficio

311 2278 478 2323 vera
521 2256 856 2338 religione.
926 2256 1021 2320 Et
1042 2257 1195 2338 quia
1215 2257 1576 2322 multorum
1605 2252 1815 2321 indies
1841 2256 2051 2321 literis
2073 2255 2276 2320 unde-

314 2364 571 2425 cunque
614 2342 1105 2419 confirmantur,
1144 2341 1692 2425 quemadmodum
1737 2362 1896 2406 sane
1929 2363 2088 2407 vera
2131 2363 2273 2407 esse

315 2438 643 2512 optamus,
700 2428 797 2492 ita
853 2448 988 2493 non
1046 2449 1317 2511 prorsus
1360 2449 1537 2495 vana
1590 2427 1792 2492 etiam
1836 2448 1979 2492 esse
2022 2429 2091 2492 in
2136 2429 2273 2493 Do-

313 2517 498 2580 mino
543 2533 901 2596 speramus.
989 2512 1407 2598 Quamquam
1453 2522 1672 2580 autem
1716 2514 1907 2596 plura
1963 2513 2129 2578 forte
2176 2513 2274 2578 di-

315 2615 554 2667 cantur
613 2619 813 2681 quam
870 2601 1035 2664 fiant
1093 2599 1187 2673 (id
1247 2600 1418 2683 quod
1478 2599 1722 2682 alioqui
1800 2620 2273 2684 saepenumero

315 2688 460 2753 fieri
506 2685 700 2769 solet)
745 2696 966 2751 tamen
1012 2687 1118 2752 vel
1173 2707 1291 2770 pro
1346 2687 1507 2769 ipsis
1551 2686 1785 2751 saltem
1834 2706 2064 2750 eorum
2106 2706 2274 2768 quae

317 2773 626 2840 dicuntur
694 2771 900 2836 initiis
919 2822 934 2848 ,
1001 2771 1576 2855 quantulacunque
1642 2791 1721 2836 ea
1785 2772 1946 2849 sint,
2025 2773 2275 2855 gratias

317 2859 601 2924 Domino
662 2857 782 2921 deo
836 2866 1059 2922 nostro
1114 2858 1442 2940 supplices
1496 2857 1753 2941 agimus
1809 2868 2090 2941 tuaeque
2133 2857 2275 2923 Ma·

314 2945 540 3011 iestati
583 2944 833 3025 Regiae
876 2954 946 3008 et
1002 2943 1122 3008 toti
1164 2944 1326 3009 adeo
1380 2945 1634 3027 patriae
1689 2965 1765 3008 eo
1823 2944 1966 3026 ipso
2009 2943 2274 3008 nomine

313 3034 631 3097 maiorem
690 3029 764 3093 in
821 3028 1093 3096 modum
1153 3031 1581 3114 gratulamur.
1669 3031 1768 3096 Ac
1813 3030 1987 3095 votis
2046 3029 2276 3095 arden·

315 3117 594 3183 tissimis
663 3137 1011 3199 precamur
1065 3127 1138 3181 ut
1194 3116 1379 3183 Deus
1437 3116 1594 3199 Opt.
1649 3117 1833 3183 Max.
1894 3116 2066 3200 quod
2124 3116 2273 3183 istic

314 3204 446 3269 iam
511 3223 701 3268 orsus
756 3211 857 3267 est
917 3203 1165 3269 virtute
1219 3225 1414 3287 porro
1472 3203 1813 3287 gratiaque
1872 3224 1992 3268 sua
2051 3200 2274 3270 divina

312 3290 625 3374 prosequi
671 3296 737 3353 et
779 3288 1198 3353 constabilire
1234 3289 1560 3373 dignetur.
1633 3290 1868 3354 Amen.
1927 3289 2075 3373 Ego
2115 3309 2275 3354 sane

312 3375 427 3442 ubi
484 3375 647 3440 haec
703 3374 1032 3440 audissem
1091 3377 1390 3457 protinus
1433 3376 1565 3440 mei
1607 3375 1804 3441 officii
1847 3395 1990 3441 esse
2044 3375 2274 3458 putavi

312 3471 391 3528 ut
434 3470 501 3527 te
537 3460 621 3526 ad
655 3459 1170 3544 promovendam
1206 3483 1472 3528 causam
1516 3460 1688 3526 hanc
1718 3482 1841 3545 pro
1875 3481 2024 3525 mea
2058 3461 2274 3525 tenui·

313 3555 448 3613 tate
493 3547 910 3613 cohortarer:
956 3549 1347 3629 praesertim
1390 3568 1597 3631 quum
1640 3546 1805 3611 mihi
1846 3547 2273 3629 qualemcun-

314 3655 444 3717 que
505 3642 658 3697 tuae
712 3653 872 3715 erga
924 3654 1031 3696 me
1089 3633 1477 3698 clementiae
1543 3633 2090 3716 significationem
2156 3631 2271 3698 abs

309 3729 380 3785 te
434 3721 576 3802 ipso
636 3718 857 3784 datam
901 3716 1229 3784 haberem.
1252 3721 1309 3794 ²)
1396 3720 1629 3801 Itaque
1672 3740 1873 3802 quum
1930 3739 2088 3800 prae
2132 3740 2271 3783 ma-

311 3805 514 3871 nibus
557 3804 871 3869 haberem
906 3804 1202 3869 libellum
1226 3827 1422 3888 quem
1457 3805 1861 3869 renascentis
1899 3806 2044 3870 istic
2067 3825 2271 3869 evan-

397 3891 469 3956 lii
527 3891 736 3956 initiis
793 3891 1207 3955 commodare
1250 3912 1441 3974 posse
1485 3890 1809 3969 videbam,
1869 3900 2021 3956 tuae
2078 3890 2270 3954 illum

309 3912 648 4044 ffaiestati
684 3977 1094 4059 potissimum
1140 3977 1389 4060 totique
1432 3976 1633 4041 simul
1675 3975 1930 4059 patriae
1967 3974 2269 4040 dedican-

311 4061 471 4128 dum
530 4083 672 4128 esse
730 4061 1032 4140 iudicavi,
1099 4084 1175 4127 eo
1218 4062 1391 4145 quod
1448 4063 1517 4127 in
1574 4061 1690 4127 illo
1734 4060 1965 4128 modus
2019 4063 2160 4145 ipse
2204 4073 2272 4127 et

310 4149 627 4215 universa
677 4148 875 4231 plane
934 4149 1102 4213 ratio
1148 4148 1315 4213 bene
1359 4148 1921 4213 instituendarum
1965 4147 2268 4215 ecclesia-

308 4256 461 4300 rum
506 4235 942 4299 contineatur.
968 4237 1021 4312 θ)
1109 4233 1298 4315 Quae
1357 4255 1515 4299 sane
1559 4256 1664 4299 res
1708 4255 1963 4298 summe
2006 4242 2110 4298 est
2149 4256 2268 4298 ne-

309 4320 595 4386 cessaria
630 4320 803 4386 circa
838 4340 1101 4385 omnem
1139 4319 1472 4403 religionis
1508 4320 2072 4400 instaurationem,
2102 4340 2268 4402 quae

307 4405 571 4490 quidem
596 4405 894 4489 legitima
917 4427 993 4472 ac
1018 4406 1330 4471 diuturna
1350 4426 1493 4473 esse
1516 4406 1763 4472 debeat.
1810 4403 2022 4489 Spero
2044 4416 2267 4471 autem

310 4680 498 4734 2339.
523 4681 585 4747 1)
625 4681 855 4737 Decreta
905 4679 1248 4734 comitiorum
1301 4678 1604 4735 Petricooii
1663 4680 2054 4735 celebratorum
2115 4681 2267 4736 eirca

308 4765 403 4805 sese
438 4749 706 4803 articulos
740 4748 1152 4813 reformatorios
1187 4748 1254 4800 de
1288 4750 1486 4817 quibu
1529 4748 1608 4803 ad
1651 4751 1942 4805 concilium
1988 4751 2271 4805 nationale

301 4819 722 4890 provocabatur.
801 4817 1002 4886 (Salio.
1039 4817 1112 4870 11.
1148 4815 1297 4881 597.)

516 4884 575 4952 2)
615 4885 703 4939 De
731 4885 927 4952 favore
960 4902 1068 4956 quo
1106 4884 1230 4940 Rem
1264 4887 1508 4941 Lasoum
1545 4885 1629 4940 vel
1670 4886 1941 4941 absentem
1982 4903 2145 4957 prose
2245 4917 2267 4929 -

308 4956 474 5012 batur
504 4955 674 5024 plara
707 4954 870 5009 habet
889 4954 1213 5018 Krasinski,
1255 4954 1444 5010 Gescli.
1475 4954 1529 5010 d.
1554 4954 1680 5021 Res.
1714 4956 1777 5008 in
1817 4955 1987 5011 Palen
2022 4957 2139 5012 L.1
2217 4956 2267 5024 1,

307 5042 362 5094 p.
400 5024 521 5080 104.
595 5024 706 5078 Hic
757 5029 923 5078 autor
975 5029 1054 5079 est
1107 5024 1307 5091 Reqes·
1353 5025 1630 5092 peculiari
1680 5024 1889 5093 scripto
1936 5025 2182 5081 Lascuta
2231 5042 2269 5081 a

308 5095 605 5150 salutantis
675 5093 836 5147 uibus
869 5093 1229 5161 impetebatur
1264 5093 1590 5148 vindicasse.

516 5161 579 5225 3)
663 5175 818 5215 orma
851 5178 914 5215 ac
948 5163 1091 5215 ratio
1134 5167 1256 5214 tota
1298 5161 1648 5216 ecclesiastici
1682 5161 1973 5216 ministerii
2018 5163 2076 5216 in
2151 5179 2267 5216 ere-

309 5232 592 5353 5³⁴¹³⁰¹s¹²
627 5231 1139 5354 s‘ifzimmffl
1159 5230 1819 5355 &mesmes
1851 5180 2268 5364 {auxta-

347 5319 424 5354 ιω
460 5317 490 5354 e
553 5342 565 5354 .
601 5317 634 5352 a
699 5339 711 5352 .
808 5339 822 5354 .
859 5317 892 5352 a
1035 5317 1115 5353 co.
1233 5318 1332 5353 ran
1385 5342 1400 5357 .
1601 5342 1615 5356 .
1790 5341 1802 5355 .
2251 5340 2265 5356 .

308 5368 376 5424 11.
412 5371 484 5436 cf.
523 5376 648 5425 tout.
687 5369 732 5422 Ι.
763 5369 944 5438 praef.
982 5368 1127 5437 107.)
1936 5317 2047 5371 um,

524 5453 747 5509 Calvina·
775 5469 959 5524 opera.
1043 5455 1153 5510 Vol.
1192 5453 1250 5508 X
1262 5454 1321 5510 V.

2025 435 2188 497 1555
2233 430 2652 499 NOVEMB.

4220 439 4359 503 850

2375 639 2516 686 non
2570 620 2708 686 fore
2758 620 3097 705 ingratum
3138 619 3474 686 Maiestati
3527 627 3679 687 tuae
3723 622 3784 689 si
3839 622 3924 689 ad
3976 644 4121 690 rem
4177 624 4351 693 bene

2376 713 2677 790 coeptam
2702 714 2890 772 tanto
2910 707 3157 772 maiore
3191 705 3410 773 studio
3435 704 4011 796 [promovendam]
4050 710 4351 779 inciteris

2377 800 2624 874 quanto
2646 791 2869 875 plures
2892 801 2958 858 te
2985 791 3110 859 hac
3138 792 3212 857 in
3237 801 3427 876 parte
3448 794 3808 861 monitores
3830 795 4075 862 habere
4099 796 4347 865 videas.

2376 878 2712 944 Nimirum
2775 899 3006 945 omnes
3071 878 3281 943 intelli
3332 886 3449 944 ent
3503 879 3866 946 multorum
3923 891 3991 946 te
4048 880 4345 949 admoni-

2376 963 2670 1031 tionibus
2705 964 2957 1048 impelli
2978 985 3288 1048 propemo
3334 986 3466 1043 um,
3511 964 3595 1029 ad
3617 968 4134 1050 prosequendam
4169 969 4343 1051 istic,

2377 1062 2530 1135 post
2590 1050 2751 1116 talia
2793 1050 3090 1134 alioquin
3153 1051 3364 1128 initia,
3428 1051 3768 1136 religionis
3834 1054 4343 1123 restitutionem.

2376 1138 2470 1202 Et
2513 1144 2691 1203 certe
2733 1137 2860 1203 hoc
2903 1146 3124 1204 tecum
3168 1148 3481 1219 reputare
3524 1136 3810 1212 debebis.
3855 1140 4006 1205 Rex
4051 1140 4342 1207 clemen-

2376 1223 2653 1301 tissime,
2720 1243 2856 1288 non
2913 1244 3057 1289 esse
3120 1223 3241 1289 tibi
3304 1223 3721 1307 negligenter
3773 1247 3848 1291 ac
3913 1228 4345 1310 contemptim

2376 1309 2502 1374 hoc
2524 1307 2920 1388 habendum,
2958 1308 3131 1391 quod
3167 1308 3290 1374 sub
3328 1319 3443 1375 tua
3464 1331 3641 1375 nunc
3663 1310 4075 1393 potissimum
4100 1313 4340 1396 guber-

2376 1396 2646 1460 natione
2690 1395 3002 1461 Christus
3036 1396 3363 1461 Dominus
3404 1396 3475 1459 in
3520 1393 3822 1461 doctrina
3864 1399 3971 1463 sui
4013 1419 4181 1463 evan
4229 1398 4342 1465 elii

2375 1481 2546 1547 istuc
2603 1481 2735 1546 iam
2794 1482 2992 1546 etiam
3052 1481 3415 1548 adventare
3481 1481 3803 1548 videatur.
3904 1484 4176 1549 Horren
4222 1505 4341 1550 um

2375 1574 2480 1633 est
2522 1567 2700 1632 haud
2744 1566 2941 1632 dubie
2986 1566 3160 1650 quod
3203 1567 3512 1634 Christus
3555 1567 3905 1647 Dominus,
3963 1579 4031 1634 et
4075 1570 4341 1653 quidem

2378 1674 2516 1717 non
2575 1653 2720 1718 sine
2776 1653 3120 1738 lacrymis,
3179 1652 3301 1720 sub
3364 1654 3981 1738 Hierosolymorum
4048 1657 4339 1737 nomine,

2378 1736 2684 1805 omnibus
2742 1739 3126 1817 denunciat,
3191 1741 3564 1823 quicunque
3618 1752 3876 1824 tempus
3935 1743 4338 1809 visitationis

2378 1845 2537 1890 suae
2571 1824 2921 1891 observare
2957 1825 3214 1903 nolunt,
3250 1846 3491 1909 nempe
3525 1825 3982 1893 abscondenda
4016 1848 4158 1893 esse
4200 1829 4336 1895 iam

2380 1911 2689 1994 deinceps
2734 1911 2816 1976 ab
2861 1911 3064 1977 oculis
3108 1932 3337 1977 eorum
3371 1912 3596 1978 omnia
3629 1933 3798 1995 quae
3841 1912 3926 1977 ad
3969 1934 4195 1995 pacem
4236 1915 4337 1997 ip-

2379 2018 2606 2063 sorum
2642 1997 2776 2062 ullo
2817 1996 3013 2081 plane
3049 1997 3241 2062 modo
3276 2004 3589 2081 poterunt
3624 2000 3969 2080 pertinere.
4039 2000 4338 2065 Horren-

2380 2082 2540 2148 dum
2584 2084 2710 2150 hoc
2763 2096 2880 2164 est,
2937 2084 3227 2166 inquam,
3285 2084 3417 2148 nisi
3474 2083 3536 2148 si
3578 2083 3925 2150 Christum
3971 2084 4339 2152 Dominum

2377 2170 2598 2251 ipsum
2660 2171 2729 2234 in
2794 2170 3014 2236 verbis
3079 2170 3220 2235 suis
3283 2168 3666 2234 mendacem
3746 2172 3958 2237 facere
4036 2172 4335 2239 velimus.

2378 2256 2672 2339 Tempus
2735 2275 2932 2339 porro
2998 2254 3392 2321 visitationis
3445 2256 3813 2321 istiusmodi
3870 2277 3989 2341 gra
4037 2257 4180 2323 hice
4224 2278 4339 2323 no-

2377 2341 2499 2419 bis,
2555 2363 2640 2405 ne
2683 2341 2839 2424 quid
2883 2340 2993 2407 hic
3047 2339 3496 2420 obtendamus,
3543 2339 3941 2425 descriptum
4036 2343 4337 2410 abemus:

2379 2447 2619 2510 nempe
2664 2449 2865 2510 quum
2922 2427 3309 2492 adventanti
3354 2426 3625 2492 Christo
3668 2426 3958 2492 Domino
4001 2437 4227 2494 nostro
4269 2437 4340 2495 et

2378 2534 2418 2577 a
2463 2513 2931 2595 discipulorum
2980 2534 3250 2579 suorum
3306 2522 3376 2578 et
3417 2533 3458 2579 a
3511 2534 3884 2597 puerorum,
3947 2512 4226 2598 denique
4271 2523 4340 2580 et

2377 2619 2420 2663 a
2464 2600 2872 2682 promiscuae
2916 2600 3113 2665 etiam
3156 2599 3365 2683 plebis
3408 2598 3623 2674 turba.
3680 2600 3928 2664 frustra
3970 2600 4337 2666 reclaman-

2379 2686 2560 2752 tibus
2604 2686 3001 2763 Pharisaeis,
3046 2685 3304 2770 publice
3350 2684 3701 2750 acclamari
3744 2685 4060 2751 videmus.
4139 2686 4339 2752 Hanc

2380 2773 2557 2837 enim
2614 2772 2812 2837 talem
2868 2771 3195 2855 publicam
3253 2771 3793 2838 acclamationem
3839 2771 4339 2855 gratulatoriam

2379 2858 2685 2941 hancque
2750 2857 3079 2940 publicam
3151 2858 3659 2923 exsultationem
3724 2865 3791 2921 et
3867 2857 4186 2922 laetitiam
4253 2856 4339 2923 ad

2379 2965 2527 3009 eam
2571 2943 2983 3026 potissimum
3027 2945 3260 3028 ipsam,
3305 2944 3495 3009 cuius
3539 2943 3647 3008 hic
3669 2942 3977 3009 Christus
4012 2944 4337 3025 meminit,

2378 3030 2825 3096 visitationem
2848 3030 3201 3114 pertinere,
3246 3037 3313 3095 et
3347 3030 3707 3113 prophetae
3745 3030 3984 3113 alioqui
4031 3038 4099 3094 et
4140 3051 4336 3095 evan-

2379 3116 2652 3201 gelistae
2695 3116 2823 3200 ipsi
2859 3117 3202 3183 manifeste
3246 3124 3596 3183 testantur.
3664 3115 3888 3198 Quum
3932 3117 4141 3201 igitur
4182 3117 4336 3183 istic
4378 3147 4383 3154 ·

2378 3212 2446 3268 et
2488 3203 2959 3286 discipulorum
3003 3203 3256 3269 Christi
3300 3204 3412 3287 qui
3468 3204 3541 3267 in
3586 3201 3950 3269 ministerio
4009 3204 4339 3287 evangelii

2377 3301 2731 3355 versantur
2767 3298 2836 3355 et
2877 3310 3234 3374 puerorum
3277 3290 3525 3372 passim
3580 3310 3701 3372 per
3746 3290 3888 3356 vias
3930 3288 4226 3372 publicas
4268 3297 4341 3355 et

2377 3377 2784 3458 promiscuae
2839 3384 3179 3459 praeterea
3233 3375 3446 3458 plebis
3500 3375 3727 3440 turbas
3769 3375 3853 3440 ad
3897 3376 4152 3441 Christi
4195 3377 4339 3442 Do-

2376 3462 2545 3525 mini
2585 3462 2659 3526 in
2704 3460 3004 3527 doctrina
3046 3460 3229 3528 verbi
3288 3461 3394 3527 sui
3451 3460 3874 3526 adventantis
3920 3461 4341 3528 acclamatio·

2376 3567 2533 3612 nem
2588 3547 3090 3631 gratulatoriam
3143 3548 3386 3632 gestire
3428 3546 3903 3630 quodammodo
3945 3567 4022 3613 ac
4076 3556 4341 3613 tantum

2375 3655 2509 3698 non
2554 3654 2942 3716 procurrere
2986 3634 3205 3712 vides,
3264 3633 3567 3699 dubitare
3625 3635 3917 3718 profecto
3960 3655 4095 3698 non
4139 3632 4339 3701 debes

2375 3729 2637 3803 tempus
2680 3720 3121 3787 iam.venisse
3165 3729 3425 3785 vestrae
3482 3720 3680 3784 etiam
3724 3720 3875 3785 istic
3918 3720 4337 3785 visitationis.

2375 3807 2469 3870 Et
2513 3806 2785 3888 proinde
2832 3807 3013 3871 vobis
3071 3808 3318 3889 pariter
3361 3806 3662 3872 omnibus
3713 3807 3884 3871 serio
3927 3804 4340 3872 observanda

2375 3912 2519 3957 esse
2554 3912 2717 3975 quae
2763 3892 2847 3957 ad
2883 3913 3107 3976 pacem
3145 3905 3454 3973 vestram,
3502 3913 3636 3957 non
3673 3890 3977 3975 equidem
4017 3892 4093 3956 in
4126 3913 4336 3976 papae

2373 3977 2575 4044 ullius
2639 3979 2896 4044 romani
2958 3979 3160 4058 curia,
3227 3978 3344 4045 sed
3402 3980 3473 4042 in
3532 3977 3877 4042 tremendo
3935 3978 4147 4060 ipsius
4205 3977 4337 4044 Dei

2372 4063 2644 4141 iudicio,
2702 4066 2772 4129 in
2827 4086 2957 4147 quo
3015 4084 3219 4150 papas
3277 4085 3435 4129 sane
3491 4083 3721 4129 omnes
3782 4064 3927 4130 sisti
3988 4065 4337 4146 oportebit,

2373 4151 2701 4231 pertinere
2759 4153 3037 4234 putatis:
3097 4151 3154 4216 si
3198 4150 3463 4233 quidem
3502 4150 3753 4217 Christi
3800 4148 4075 4214 Domini
4120 4149 4335 4235 lacry-

2372 4256 2515 4301 mas
2559 4249 2627 4300 et
2670 4235 3049 4301 horribilem
3091 4236 3279 4301 illam
3320 4237 3502 4320 pacis
3560 4234 4055 4302 absconsionem
4099 4235 4171 4299 in
4218 4258 4334 4302 vos

2373 4321 2677 4386 derivare
2722 4322 2960 4388 nolitis.
3050 4323 3243 4387 Vaeh
3288 4344 3573 4405 namque
3616 4322 3748 4388 illis
3792 4322 3865 4385 in
3911 4342 4077 4404 quos
4120 4322 4334 4408 lacry-

2370 4427 2518 4472 mae
2575 4407 2728 4472 illae
2785 4408 3036 4474 Christi
3093 4408 3367 4474 Domini
3425 4407 3827 4486 redundant,
3896 4415 3964 4471 et
4019 4407 4129 4490 qui
4198 4429 4334 4474 non

2371 4493 2655 4578 amplius
2721 4515 2890 4578 quae
2953 4493 3037 4559 ad
3102 4515 3328 4577 pacem
3397 4502 3695 4577 spectent
3745 4493 3974 4560 videre
4035 4503 4328 4577 possunt.

2371 4579 2475 4644 Ne
2517 4580 2720 4663 igitur
2760 4579 3140 4664 negligatis,
3198 4589 3274 4645 tu
3318 4581 3543 4663 tuique
3585 4601 3843 4659 omnes,
3904 4587 4161 4662 tempus
4204 4581 4331 4648 hoo

2370 4674 2633 4731 vestrae
2670 4667 3108 4743 visitationis,
3169 4677 3506 4750 utcunque
3561 4666 3669 4732 hic
3722 4666 3908 4732 vobis
3965 4666 4330 4733 reclament

2371 4772 2448 4817 ac
2488 4751 2776 4817 fremant
2798 4753 3009 4818 vestri
3027 4753 3371 4818 Pharisaei
3407 4750 3946 4835 sacerdotumque
3977 4752 4328 4835 principes.

2372 4837 2639 4920 Alioqui
2683 4848 2945 4919 cavete,
3004 4860 3089 4903 ne
3147 4841 3203 4903 si
3263 4838 3731 4923 discipulorum
3777 4838 4025 4903 Christi
4070 4840 4140 4902 in
4185 4839 4330 4904 eius

2371 4925 2731 5008 evangelie,
2785 4945 3142 5007 puerorum
3195 4925 3357 4990 item
3402 4946 3477 4990 ac
3522 4923 3727 5007 plebis
3770 4923 4176 5007 promiscuae
4220 4946 4329 4991 ac·

2370 5009 2828 5076 clamationem
2894 5010 3236 5089 remorari,
3303 5010 3373 5075 in
3436 5011 3950 5077 Pharisaeorum
4019 5011 4329 5094 gratiam,

2370 5106 2488 5160 aut
2526 5095 2843 5179 impedire
2887 5118 3144 5179 quoquo
3196 5097 3390 5162 modo
3432 5097 3673 5176 velitis,
3731 5106 3974 5175 cavete,
4032 5098 4325 5179 inquam,

2369 5201 2456 5246 ne
2502 5182 2603 5247 vel
2643 5183 2813 5247 muti
2858 5183 3332 5265 inanimatique
3387 5182 3638 5267 lapides
3677 5183 3862 5248 vobis
3917 5182 4145 5248 invitis
4189 5185 4326 5251 cla-

2368 5276 2573 5349 ment,
2618 5269 2688 5333 in
2730 5269 3176 5334 testimonium
3221 5277 3479 5335 vestrae
3521 5268 4016 5354 ingratitudinis
4061 5278 4129 5335 et
4166 5290 4327 5336 con-

2367 5351 2826 5421 demnationis.
2890 5355 3086 5421 Absit
3126 5362 3367 5437 autem,
3402 5356 3553 5421 Rex
3586 5356 3854 5441 inclyte,
3899 5363 3974 5420 ut
4020 5365 4094 5420 tu
4116 5357 4327 5422 maio-
