4850 6200
511 441 638 503 895
2015 432 2545 503 BPISTOLAE
2587 436 3019 499 2362—2364
4396 441 4523 503 896

687 623 1014 708 Equidem
1036 626 1091 699 ⁸)
1151 625 1398 708 optimo
1443 625 1587 691 viro
1629 633 1697 689 et
1737 621 1916 691 fideli
1974 644 2170 691 servo
2214 623 2471 690 Christi

513 710 752 778 Franc.
801 710 1204 788 lammam,
1268 731 1468 793 quum
1525 732 1565 775 a
1621 731 1728 776 me
1793 709 2143 777 consilium
2194 718 2467 792 peteret,

512 806 706 863 autor
752 817 895 863 esse
942 819 1074 862 non
1119 795 1414 864 dubitavi
1451 805 1526 862 ut
1580 798 1752 863 istuc
1795 797 2020 863 statim
2065 795 2468 875 concederet,

513 883 572 949 si
636 883 782 967 quis
845 882 1013 948 forte
1064 903 1262 966 opera
1279 886 1336 955 ⁸)
1394 882 1536 948 eius
1592 903 1748 948 usus
1803 883 2035 948 fuerit:
2081 883 2317 948 saltem
2359 883 2470 965 pio

513 970 654 1035 eius
697 967 1020 1035 desiderio
1057 969 1338 1034 libenter
1382 968 1755 1052 subscripsi.
1844 969 1982 1036 Nee
2028 970 2276 1034 veritus
2321 990 2472 1035 sum

513 1076 601 1121 ne
653 1056 794 1121 eius
851 1054 1170 1137 profectio
1236 1057 1423 1137 quasi
1477 1055 1947 1138 intempestiva
2013 1054 2277 1121 Vestrae
2321 1056 2471 1120 Ma-

513 1142 733 1208 iestati
792 1139 1162 1225 displiceat,
1221 1142 1407 1207 cuius
1469 1142 1907 1224 praesentiam
1966 1141 2194 1207 multis
2259 1140 2471 1207 modis

514 1226 747 1294 utilem
791 1227 1200 1311 experientia
1243 1228 1386 1310 ipsa
1418 1227 1736 1293 ostendet.
1827 1226 2022 1308 Quod
2065 1228 2121 1292 si
2166 1227 2388 1311 palam
2432 1249 2472 1293 a

517 1313 708 1399 Rege
749 1313 966 1397 ipsum
988 1314 1265 1397 proferri
1307 1333 1463 1379 mox
1510 1336 1549 1379 a
1594 1313 1804 1396 primo
1828 1314 2132 1398 ingressu
2175 1313 2471 1379 nondum

514 1400 927 1466 commodum
950 1399 1294 1480 videbitur,
1328 1398 1495 1465 mihi
1531 1411 1748 1465 tamen
1786 1420 1902 1482 per
1937 1419 2195 1466 sacrum
2220 1398 2473 1466 Christi

517 1505 760 1552 nomen
805 1484 1102 1570 roganda
1142 1485 1525 1569 suppliciter
1568 1492 1637 1550 et
1679 1486 2065 1552 obtestanda
2109 1497 2211 1550 est
2254 1485 2338 1550 V.
2376 1485 2471 1551 M.

515 1582 594 1637 ut
658 1582 834 1638 recte
897 1571 1190 1639 currenti
1255 1571 1490 1638 saltem
1544 1571 1809 1637 aliunde
1867 1570 2260 1655 patefactam
2294 1572 2474 1639 viam

517 1666 723 1725 curet.

687 1743 956 1810 Interea
999 1742 1278 1810 assiduis
1323 1744 1495 1809 votis
1555 1744 1985 1828 precabimur,
2029 1756 2103 1809 ut
2147 1744 2474 1809 Dominus

516 1852 635 1915 pro
677 1852 802 1898 sua
842 1830 1210 1896 incredibili
1268 1831 1559 1912 potentia
1601 1852 1763 1913 opus
1812 1829 1987 1913 quod
2031 1831 2269 1913 coepit,
2325 1829 2473 1895 feli-

513 1917 680 1983 citer
722 1917 1035 1995 absolvat,
1079 1916 1171 1981 M.
1218 1916 1528 1982 Vestram
1583 1915 1841 1983 heroico
1886 1915 2127 2000 spiritu
2168 1917 2473 1995 instruat,

515 2013 586 2068 et
627 2004 698 2069 in
743 2014 922 2069 statu
979 2022 1288 2086 prospero
1345 2002 1742 2068 incolumem
1786 2012 2066 2068 tueatur.
2140 2001 2473 2082 Genevae‚

515 2089 731 2173 pridie
800 2089 1035 2154 natalis
1102 2087 1393 2167 Domini,
1461 2110 1654 2172 quem
1722 2090 1912 2173 cupio
1978 2089 2171 2155 sicuti
2215 2108 2474 2154 summo

516 2176 610 2241 im
697 2178 795 2241 rio
832 2196 873 2241 a
913 2187 1099 2258 patre
1145 2174 1424 2240 donatus
1467 2187 1588 2251 est,
1677 2175 1769 2240 ita
1811 2184 2196 2241 reverenter
2241 2176 2312 2240 in
2362 2195 2477 2257 pa-

516 2262 757 2329 latium
799 2270 1091 2327 vestrum
1137 2261 1368 2344 excipi,
1415 2271 1489 2326 ut
1531 2261 1673 2327 iure
1717 2282 1838 2327 suo
1897 2261 1981 2327 ab
2022 2260 2328 2327 omnibus
2369 2281 2477 2326 co-

520 2347 715 2413 latur.
811 2350 993 2412 1555.
1018 2349 1071 2426 ⁷)

1135 2485 1415 2552 Vestrae
1458 2484 1826 2551 Maiestatis
1871 2484 2391 2553 studiosissimus

1483 2571 1769 2638 Ioannes
1812 2570 2151 2639 Calvinus.

1325 3070 1330 3075 ’
1393 3087 1595 3159 2263.

710 3243 1063 3311 oALVIN
1133 3247 1193 3311 A
1259 3227 1693 3312 L‘Eemsn
1760 3245 2290 3335 FRANQAISE

1104 3348 1231 3414 DE
1293 3347 1875 3415 FRANOFORT.

526 3521 816 3591 (original.
871 3520 1138 3576 Archives
1173 3522 1241 3575 de
1278 3505 1497 3590 l‘Eglise
1533 3520 1798 3590 franceise
1825 3520 1895 3574 de
1919 3519 2226 3574 Francfort.
2277 3519 2355 3575 Co
2395 3522 2473 3574 ie:

522 3591 670 3646 Bibl.
717 3590 786 3644 de
822 3588 1040 3645 Geneve
1079 3590 1190 3645 MS.
1231 3589 1346 3653 107,
1391 3589 1482 3643 fol.
1521 3587 1605 3642 67.
1643 3618 1711 3629 -
1746 3590 1962 3644 Buchat
1997 3588 2119 3644 VII.
2155 3588 2275 3643 328.
2395 3595 2477 3644 et-

905 3667 1018 3713 tres
1054 3659 1117 3713 fr.
1160 3660 1232 3714 11.
1270 3659 1354 3713 81.
1427 3658 1585 3712 Trad.
1624 3660 1763 3728 angl.
1801 3659 1895 3713 111.
1931 3657 2083 3724 240.)

518 3833 582 3898 A
627 3853 747 3898 nos
807 3830 1128 3896 treschers
1185 3831 1387 3896 freres
1444 3830 1538 3896 les
1592 3831 1861 3897 enciens
1919 3831 2173 3897 diacres
2218 3839 2286 3896 et
2329 3838 2476 3896 tout

824 3917 885 3982 le
931 3939 1118 4000 corps
1163 3916 1242 3982 de
1284 3917 1560 4001 l’Eglise
1606 3915 1686 3981 de
1733 3918 2095 3984 Francfort.
2114 3916 2163 4002 ¹)

520 4088 624 4156 La
689 4088 991 4154 dilection
1060 4088 1141 4153 de
1213 4089 1379 4154 Dieu
1448 4101 1672 4155 nostre
1719 4089 1886 4154 Pero
1931 4099 1999 4153 et
2042 4089 2106 4154 la
2150 4110 2346 4172 grace
2390 4086 2473 4153 de

515 4187 739 4241 nostre
785 4175 1113 4260 Seigneur
1144 4175 1331 4241 Iesus
1367 4174 1594 4240 Christ
1639 4175 1767 4240 soit
1790 4176 2114 4240 tousiours
2159 4197 2275 4240 sur
2309 4196 2473 4240 vous

881 4282 998 4344 par
1051 4261 1114 4326 la
1157 4261 1708 4326 communication
1757 4261 1826 4327 S.
1873 4261 2118 4344 Esprit.

689 4399 1047 4464 'I'reschers
1099 4401 1322 4476 freres,
1378 4398 1423 4462 il
1483 4418 1586 4462 me
1645 4399 1798 4464 faict
1853 4398 2001 4464 bien
2059 4398 2193 4463 mal
2237 4420 2365 4481 que
2408 4399 2470 4464 ie

518 4505 651 4570 nay
697 4486 842 4567 plus
885 4496 1019 4550 tost
1059 4485 1350 4551 occasion
1399 4483 1478 4548 de
1527 4486 1711 4549 benir
1754 4500 1820 4549 et
1865 4484 2046 4550 louer
2091 4485 2262 4550 Dieu
2307 4506 2473 4568 pour

518 4570 584 4635 la
627 4573 989 4656 prosperite
1035 4570 1115 4636 de
1178 4582 1393 4636 vostre
1439 4570 1681 4652 Eglise,
1728 4591 1857 4654 que
1900 4571 1980 4636 de
2027 4592 2189 4635 vous
2233 4568 2470 4637 declai-

517 4677 628 4722 rer
678 4655 976 4722 combien
1030 4658 1091 4722 ie
1149 4658 1286 4724 suis
1342 4658 1659 4722 contr-iste
1715 4671 1918 4741 ayant
1976 4657 2317 4723 nouvelles
2374 4659 2460 4721 fa-

518 4742 794 4810 cheuses
851 4743 931 4808 dc
993 4756 1209 4809 vostre
1253 4751 1441 4808 estat.
1524 4741 1751 4823 Quant
1795 4766 1835 4808 a
1878 4743 1943 4808 la
1976 4757 2150 4808 mort
2193 4744 2274 4808 de
2317 4764 2467 4808 nos-

518 4838 619 4894 tre
675 4830 808 4895 bon
867 4830 1037 4896 frere
1097 4831 1365 4894 maistre
1409 4828 1702 4894 Richard
1765 4829 2063 4908 Vauville,
2097 4851 2171 4896 ce
2216 4849 2383 4894 nous
2429 4851 2470 4894 a

722 5033 782 5100 5)
821 5034 975 5090 Haec
1009 5033 1372 5089 Lubiesecius
1413 5049 1473 5102 p.
1506 5031 1576 5088 46
1621 5035 1781 5103 affert
1828 5040 1878 5090 et
1912 5050 1979 5090 ex
2015 5051 2076 5090 eo
2114 5033 2360 5104 Salapiae
2396 5033 2468 5088 11.

517 5099 634 5156 594„
707 5102 857 5157 Besa
891 5106 1087 5158 omisa.

724 5169 784 5230 6)
821 5189 854 5226 o
895 5173 1061 5226 erae?

725 5239 783 5300 7)
879 5243 962 5296 νὺ.
997 5241 1170 5296 addit.
1205 5239 1291 5294 24.
1328 5239 1461 5296 Dee.

519 5307 705 5363 2868.
727 5308 756 5361 1
825 5310 967 5364 Cotta
998 5312 1149 5366 lettre
1182 5314 1269 5373 fut
1303 5324 1438 5365 eane
1471 5310 1632 5365 doute
1663 5310 1968 5381 pronoque‘e
2038 5328 2106 5367 ar
2140 5311 2217 5367 10⁸
2250 5312 2462 5367 instan-

515 5393 601 5434 τσο
637 5377 701 5432 de
849 5381 1024 5448 uber-9
1057 5386 1107 5435 et
1143 5380 1210 5435 de
1244 5380 1521 5436 Paullum.
1588 5379 1655 5435 N.
1689 5379 1842 5436 2351.
1877 5327 2036 5436 2355

2570 632 2711 690 este
2766 644 2862 689 un
2926 643 3227 709 message
3291 623 3440 690 bien
3504 626 3710 703 triste,
3766 645 3879 692 car
3923 627 4097 692 Dieu
4138 647 4306 692 vous
4346 627 4527 693 avoit

2572 731 2871 796 pourveu
2914 730 3002 775 en
3043 709 3161 795 luy
3204 710 3340 776 dun
3382 712 3511 777 bon
3555 720 3623 776 et
3662 712 3857 778 fidele
3902 720 4185 796 pasteur,
4230 734 4305 779 ce
4347 733 4525 796 quon

2572 818 2658 862 ne
2712 816 3026 863 recouvre
3082 817 3202 880 pas
3259 798 3580 863 aisement
3636 798 3985 864 tonsiours.
4075 799 4364 864 Mesmes
4408 821 4523 865 au·

2570 881 2902 968 iourdhuy
2949 880 3011 947 le
3058 884 3332 949 nombre
3388 883 3469 948 de
3528 905 3698 950 ceux
3734 884 3847 967 qui
3891 885 4282 968 semploient
4324 885 4527 951 loiau·

2572 976 2758 1034 ment
2822 989 2909 1034 au
2975 969 3226 1036 service
3291 968 3372 1034 de
3441 970 3611 1035 Dieu
3647 979 3751 1035 est
3783 970 3934 1036 bien
3981 972 4162 1055 petit.
4251 970 4326 1036 Ie
4368 991 4528 1055 croy

2574 1076 2702 1139 que
2757 1076 2921 1121 vous
2985 1075 3146 1121 avez
3213 1054 3398 1122 desia
3462 1077 3750 1141 eprouve
3793 1057 4093 1123 combien
4137 1079 4255 1123 son
4298 1057 4528 1123 labeur

2575 1161 2743 1208 vous
2808 1140 3002 1206 estoit
3062 1141 3246 1221 utile,
3312 1150 3381 1207 et
3435 1163 3520 1207 en
3587 1142 3799 1225 quelle
3834 1143 4145 1227 integrite
4187 1143 4234 1208 il
4280 1143 4529 1208 chemi-

2574 1226 2732 1292 noit.
2840 1226 3211 1293 'I'outeefois
3276 1227 3529 1310 iespere
3586 1250 3710 1311 que
3768 1240 3993 1294 nostre
4057 1230 4195 1295 fere
4257 1231 4529 1294 maistre

2577 1312 2926 1396 Francoy3‚
2949 1317 3007 1392 ²)
3040 1313 3259 1397 lequel
3303 1335 3467 1380 vous
3507 1336 3667 1379 avez
3715 1314 3896 1380 esleu
3941 1336 4108 1398 pour
4150 1316 4269 1399 luy
4311 1334 4531 1381 succe-

2577 1399 2714 1476 der,
2751 1400 3159 1483 semploiera,
3196 1400 3382 1465 selon
3417 1401 3485 1465 la
3511 1421 3705 1484 grace
3728 1422 3853 1483 que
3878 1402 4053 1466 Dieu
4088 1401 4207 1485 luy
4243 1422 4282 1465 a
4316 1400 4531 1479 faicte,

2577 1506 2663 1551 en
2706 1485 2864 1550 telle
2908 1494 3083 1551 sorte
3105 1507 3231 1569 que
3266 1507 3428 1551 vous
3465 1507 3549 1551 ne
3572 1507 3752 1552 serez
3796 1487 3989 1570 point
4030 1485 4348 1553 destituez
4391 1508 4531 1551 mo-

2576 1572 2851 1636 iennant
2914 1572 3092 1637 aussi
3156 1593 3282 1656 que
3346 1594 3454 1637 ces
3520 1593 3758 1655 povres
3800 1573 4005 1639 freres
4050 1570 4131 1638 de
4173 1573 4402 1638 Wesel
4447 1592 4533 1637 ne

2576 1656 2965 1723 demeurent
2986 1658 3175 1742 point
3205 1655 3672 1741 desprouveuz,
3696 1662 3751 1739 ⁸)
3775 1680 4027 1724 comme
4069 1660 4132 1723 ie
4176 1680 4260 1724 ne
4296 1658 4533 1725 doubte

2577 1745 2760 1827 point
2803 1765 2929 1826 que
2976 1765 3138 1811 vous
3172 1764 3257 1808 en
3294 1766 3489 1810 aurez
3532 1744 3595 1810 le
3639 1745 3848 1828 soing,
3894 1757 3961 1810 et
4003 1766 4129 1828 que
4172 1745 4237 1809 le
4280 1752 4423 1809 tout
4461 1764 4534 1811 se

2575 1830 2718 1894 fera
2760 1837 2950 1895 entre
2992 1851 3156 1895 vous
3199 1829 3337 1895 dun
3357 1850 3666 1895 commun
3710 1829 3975 1896 accord.-
4017 1852 4130 1896 car
4172 1831 4350 1896 aussi
4391 1829 4536 1896 leur

2578 1915 2895 1982 necessite
2940 1937 3107 1981 vous
3165 1914 3544 1982 admoncste
3589 1915 3669 1980 de
3715 1917 3809 1984 les
3853 1920 4155 1982 secourir.
4244 1916 4417 1983 Mais
4458 1936 4535 1980 ce

2576 2003 2692 2085 qui
2753 2023 2863 2068 ma
2918 2002 3119 2068 incite
3175 2024 3214 2067 a
3274 2025 3433 2068 vous
3496 2005 3797 2086 escripre,
3842 2014 3945 2068 est
3988 2003 4054 2068 la
4086 2003 4367 2068 facherie
4409 2022 4537 2086 que

2578 2089 2638 2153 ie
2681 2097 2870 2172 porte
2912 2109 2999 2153 en
3043 2109 3193 2153 mon
3239 2108 3434 2154 coeur
3476 2110 3643 2172 pour
3685 2088 3781 2155 les
3825 2089 4114 2154 troubles
4157 2098 4225 2153 et
4266 2096 4534 2155 conten-

2579 2176 2753 2240 tione
2795 2175 2904 2257 qui
2950 2195 3021 2240 se
3044 2173 3453 2241 nourrissent
3475 2186 3623 2258 trop
3665 2174 3824 2259 long
3866 2183 4081 2257 temps
4115 2183 4299 2240 entre
4343 2195 4531 2241 vous.

2578 2261 2654 2326 Ie
2697 2262 2958 2344 pensois
3001 2260 3154 2325 bien
3197 2282 3323 2345 que
3368 2269 3513 2326 tout
3556 2261 3690 2328 fust
3746 2260 4033 2345 appaise,
4071 2273 4139 2326 et
4182 2282 4263 2325 en
4306 2262 4535 2326 avions

2578 2348 2686 2431 icy
2737 2346 2886 2412 loue
2944 2346 3140 2426 Dieu,
3197 2368 3387 2432 apres
3444 2348 3628 2412 avoir
3669 2346 3958 2411 entendu
4002 2347 4064 2411 le
4108 2358 4377 2431 rapport
4419 2367 4535 2412 sur

2582 2440 2724 2497 tout
2768 2433 2882 2516 qui
2925 2454 3091 2498 nous
3136 2454 3219 2498 en
3260 2434 3439 2499 avoit
3461 2448 3597 2498 este
3616 2432 3775 2499 faict
3819 2433 3899 2497 dc
3944 2441 4165 2498 nostre
4210 2434 4338 2498 bon
4362 2434 4534 2497 frere

2585 2518 2804 2585 Sainct
2826 2518 3061 2584 Andre.
3079 2522 3139 2595 ⁴)
3206 2519 3298 2584 Et
3340 2528 3480 2585 cest
3513 2540 3586 2586 ce
3621 2521 3734 2602 qui
3768 2540 3876 2584 me
3914 2518 4226 2584 redouble
4269 2519 4334 2583 la
4376 2518 4535 2583 dou-

2580 2605 2726 2670 leur
2776 2620 2980 2689 quant
3032 2606 3096 2670 ie
3142 2607 3281 2671 vois
3324 2605 3675 2671 continuer
3718 2606 3780 2672 le
3823 2605 3957 2669 mal
4002 2626 4127 2688 que
4170 2605 4231 2670 ie
4273 2605 4535 2689 pensois

2582 2701 2755 2758 estre
2801 2691 3083 2775 appaise.

2753 2777 2815 2842 11
2859 2777 3056 2843 estoit
3098 2777 3270 2843 alors
3314 2777 3614 2860 question
3660 2776 3740 2842 de
3783 2775 4096 2861 quelques
4136 2776 4371 2842 faultes
4405 2797 4534 2859 que

2581 2884 2749 2929 vous
2814 2865 3106 2929 trouviez
3164 2884 3246 2928 en
3308 2873 3531 2927 nostre
3596 2863 3767 2928 frere
3823 2864 4094 2928 maistre
4154 2862 4447 2942 Valeran,
4474 2867 4531 2942 ⁶)

2581 2958 2801 3016 vostre
2859 2958 3143 3033 pasteur.
3229 2949 3330 3013 Le
3380 2948 3642 3014 remede
3697 2972 3744 3033 y
3791 2951 3968 3014 avoit
4017 2959 4153 3014 este
4214 2948 4430 3013 donne
4474 2950 4534 3014 si

2581 3057 2818 3121 propre
2853 3056 2982 3119 que
3017 3056 3179 3102 vous
3200 3035 3476 3118 pouviez
3513 3036 3665 3102 bien
3699 3056 3867 3102 vous
3898 3044 4256 3112 contenter,
4281 3055 4534 3102 comme

2579 3122 2628 3187 il
2662 3144 2769 3189 me
2813 3122 3076 3189 semble.
3153 3123 3443 3188 Mesmes
3478 3121 3754 3187 dautant
3788 3123 3918 3203 quil
3967 3123 4194 3188 sestoit
4227 3121 4530 3206 paisible-

2580 3219 2767 3274 ment
2810 3209 3062 3274 submis
3100 3229 3138 3272 a
3183 3219 3366 3273 toute
3410 3210 3790 3274 correction.
3861 3206 3977 3286 Or,
4024 3229 4064 3273 a
4104 3230 4178 3274 ce
4222 3229 4349 3291 que
4390 3209 4528 3272 ien-

2581 3307 2748 3373 tenS,
2815 3295 2863 3358 il
2930 3317 2977 3379 y
3036 3316 3075 3359 a
3128 3292 3543 3379 auiourdhuy
3601 3317 3689 3359 un
3735 3315 4037 3359 nouveau
4081 3293 4391 3359 different
4428 3313 4527 3359 re-

2582 3380 2837 3447 dresse:
2900 3391 3038 3446 cest
3088 3381 3456 3464 quaulcuns
3515 3402 3596 3444 ne
3641 3381 3701 3445 le
3737 3381 4025 3446 veullent
4070 3382 4248 3446 tenir
4282 3403 4375 3466 ny
4417 3378 4528 3445 ad-

2580 3486 2787 3534 vouer
2845 3487 3011 3549 pour
3063 3475 3353 3549 pasteur,
3414 3466 3677 3549 iusques
3735 3488 3775 3530 a
3827 3488 3899 3532 ce
3935 3466 4076 3548 quil
4130 3487 4201 3531 se
4250 3468 4377 3531 soit
4418 3464 4531 3531 de-

2577 3553 2706 3619 mis
2773 3552 2854 3618 de
2911 3574 3029 3618 son
3085 3551 3292 3631 office,
3350 3560 3417 3618 et
3466 3573 3641 3636 quon
3697 3553 3825 3617 soit
3867 3565 4054 3617 entre
4097 3573 4180 3617 en
4226 3551 4533 3617 nouvelle

2577 3639 2873 3705 election.
2965 3638 3189 3720 Quant
3252 3659 3291 3703 a
3350 3661 3524 3722 moy,
3579 3639 3640 3703 ic
3697 3639 3834 3703 suis
3888 3638 4218 3704 contraint
4272 3638 4353 3702 de
4390 3638 4530 3702 dire

2574 3747 2699 3808 que
2722 3747 2885 3791 ceux
2911 3724 3023 3809 qui
3058 3726 3540 3790 maintiennent
3575 3725 3761 3789 telles
3796 3745 4024 3791 causes
4059 3735 4212 3790 sont
4246 3723 4376 3788 mal
4415 3722 4530 3789 ad-

2576 3814 2772 3890 visez‚
2820 3821 3053 3876 tenans
3089 3834 3220 3876 une
3257 3812 3527 3895 rigueur
3571 3823 3717 3894 trop
3761 3822 4074 3888 extreme,
4121 3819 4189 3875 et
4230 3810 4341 3894 qui
4387 3821 4532 3874 nest

2576 3897 2941 3964 nullement
2986 3918 3025 3962 a
3068 3897 3462 3963 ledification
3498 3895 3579 3962 de
3614 3896 3862 3980 leglise.
3930 3897 4005 3962 Ie
4039 3918 4121 3963 ne
4165 3918 4322 3982 scay
4343 3897 4531 3979 point

2575 4006 2695 4069 par
2757 3983 2820 4049 le
2885 4005 3082 4049 menu
3149 3992 3479 4049 comment
3540 3983 3587 4047 il
3646 4005 3686 4048 a
3720 4003 4095 4050 commence
4138 4003 4178 4047 a
4218 3980 4532 4067 prescher

2779 4205 2815 4259 2
2880 4205 3158 4260 Per-racel.

2778 4206 2841 4342 33
2881 4274 3109 4330 Grainte
3143 4275 3425 4342 superflue.
3482 4273 3742 4330 Pin-ned
3772 4274 3943 4329 n’alla
3964 4276 4028 4327 m·
4059 4274 4099 4329 ὰ
4129 4273 4434 4340 stanfort
4465 4274 4532 4328 ni

2574 4345 2615 4399 ὰ
2651 4343 2864 4399 Emden
2911 4346 2982 4398 οὑ
3027 4344 3071 4398 iz
3118 4347 3272 4397 avait
3315 4339 3397 4398 e'te'
3446 4343 3638 4413 appele'
3682 4360 3749 4398 en
3797 4341 3960 4398 meme
4005 4348 4193 4412 temps.
4276 4343 4431 4398 Vota·
4469 4357 4530 4397 ee

2610 4410 2704 4467 u'il
2756 4430 2823 4468 en
2874 4412 2955 4467 dit
3008 4413 3293 4479 lui-meme,
3342 4411 3492 4469 Hist.
3536 4412 3604 4467 de
3635 4413 3763 4466 θεαὶ.
3815 4412 4002 4466 Weccl.
4048 4411 4243 4481 dissip.
4291 4427 4352 4481 p.
4394 4410 4526 4465 281.-

2571 4430 2792 4536 {lletae
2846 4489 2973 4536 sunt
3020 4498 3236 4551 qnoque
3288 4482 3481 4534 literae
3520 4481 3802 4536 Emdensis
3850 4481 4109 4535 ecclesiae
4157 4482 4371 4535 nomine
4418 4481 4526 4535 mei

2571 4551 2825 4606 similiter
2859 4550 3180 4605 electionem
3215 4553 3572 4616 continentes,
3618 4557 3681 4603 ut
3716 4550 3965 4604 minister
4000 4567 4175 4604 essem
4219 4552 4323 4605 loci
4356 4551 4520 4604 illius.

2571 4619 2679 4674 Sed
2715 4621 2963 4690 quamvis
2998 4621 3054 4673 in
3079 4620 3187 4674 duo
3221 4621 3317 4673 illa
3350 4621 3470 4673 loca
3505 4621 3707 4673 electus
3732 4636 3909 4672 essem
3944 4624 4003 4672 et
4036 4620 4228 4673 ambae
4263 4620 4521 4674 ecclesiae

2570 4689 2702 4742 mihi
2736 4690 3099 4759 scripsissent,
3132 4706 3191 4743 se
3227 4690 3282 4741 in
3328 4689 3422 4741 illa
3457 4689 3712 4758 opinione
3746 4704 3854 4742 non
3891 4705 4009 4742 esse
4047 4697 4109 4741 ut
4142 4704 4361 4742 manere
4400 4689 4520 4742 We-

2570 4758 2737 4811 saliae
2774 4775 2859 4812 me
2894 4758 3097 4812 debere
3145 4757 3472 4811 fratribusve
3516 4758 3662 4810 illius
3708 4758 3814 4812 loci
3847 4758 4146 4827 obligatum
4182 4773 4303 4812 esse
4338 4758 4521 4812 existi-

2569 4827 3409 4950 33:33‘3-:1122m1‘ixs‘3223231222ffl
3428 4826 3511 4949 ’ἕξ
3513 4843 3605 4949 “1¹3¹
3626 4826 3865 4965 {zm
3879 4826 4176 4966 q‘sssspss'ffi
4209 4827 4340 4949 333⁸
4353 4844 4517 4950 {2132

2570 4982 2685 5017 rem
2705 4965 3033 5019 obtinendae
3068 4966 3124 5019 in
3159 4982 3192 5018 o
3235 4965 3361 5034 pido
3381 4964 3688 5019 Weseliano
3711 4965 3984 5030 ecclesiae,
4018 4965 4116 5018 sed
4140 4970 4332 5018 contra
4352 4982 4517 5035 quum

2566 5034 2675 5087 iam
2723 5034 2792 5087 de
2838 5034 3134 5089 obtinenda
3175 5036 3195 5086 i
3236 5036 3255 5087 i
3297 5035 3551 5088 libertate
3585 5040 3905 5103 satagerem,
3953 5051 4040 5088 me
4074 5041 4325 5088 neutram
4359 5050 4517 5090 voca-

2568 5103 2776 5157 tionem
2822 5120 2881 5157 se
2924 5104 2977 5156 ui
3024 5119 3200 5173 posse.
3276 5102 3466 5172 Itaque
3509 5106 3617 5157 ista
3650 5102 4080 5157 Francfordiana
4123 5104 4352 5158 ccclesia
4396 5120 4516 5173 per-

2566 5180 2727 5242 cepto
2761 5189 2910 5227 consi
2932 5172 2986 5227 io
3022 5189 3142 5226 meo
3179 5172 3248 5226 de
3293 5172 3401 5226 alio
3447 5172 3553 5226 sibi
3588 5174 3871 5243 prospexit
3904 5172 4172 5227 ministro.
4213 5200 4278 5212 —
4316 5171 4391 5228 Co
4420 5172 4519 5227 ιη’·

2566 5244 2739 5296 nictre
2768 5242 2859 5308 fut
2894 5240 3065 5297 Guiu.
3106 5242 3456 5310 Houor-aque.

2771 5310 2831 5376 4)
2868 5310 2949 5367 N.
2983 5309 3138 5365 2293.

2772 5379 2807 5434 5
2810 5389 2832 5446 )
2875 5380 3059 5451 Gomp.
3096 5379 3176 5437 N.
3212 5377 3367 5435 2360.
