4850 6200
338 441 460 504 765

470 630 585 694 (Ex
619 629 959 699 autographo
994 629 1126 684 eod.
1161 629 1489 684 Parisiensis
1523 629 1723 700 Dupuy
1759 627 1878 696 268,
1911 628 2004 683 sol.
2038 626 2152 696 36.)

501 800 768 866 Eximio
824 799 1081 868 Christi
1134 821 1324 868 servo
1383 822 1459 867 ac
1517 801 2019 885 vigilantissimo
2075 801 2292 867 Gene-

333 887 559 951 vensis
600 887 915 953 eeclesiae
957 889 1204 970 pastori
1248 888 1334 952 D.
1379 888 1615 953 Ioanni
1653 886 1937 953 Calvino
1981 907 2290 970 praecep-

333 973 464 1037 tori
505 993 654 1037 meo
696 972 1170 1039 colendissimo.

1781 1058 2114 1124 Genevae.

501 1229 575 1296 S.
641 1232 718 1297 P.
786 1233 878 1296 mi
944 1231 1205 1297 domine
1270 1240 1457 1315 pater
1519 1250 1595 1296 88
1668 1241 2053 1314 praeceptor
2094 1231 2288 1296 unice

327 1315 616 1382 colende.
704 1318 982 1383 Librum
1030 1329 1220 1383 tuum
1240 1319 1300 1393 ²)
1346 1316 1611 1382 tandem
1673 1315 2091 1382 exhibuimus
2133 1315 2287 1382 huic

327 1402 732 1485 amplissimo
767 1406 1047 1470 senatui.
1106 1402 1328 1485 Quam
1372 1414 1600 1487 gratus
1622 1404 1824 1468 fuerit
1865 1424 1994 1467 non
2021 1422 2281 1485 possum

325 1489 486 1553 satis
566 1488 686 1554 tibi
769 1489 1155 1555 describere.
1265 1490 1402 1555 Per
1465 1510 1703 1554 manus
1770 1487 2286 1571 Burgimagistri

325 1573 586 1641 delatus
621 1576 745 1640 fuit
791 1577 1220 1648 adsonatum‚
1266 1586 1339 1641 ut
1381 1574 1514 1639 11118
1550 1576 1751 1640 1118118
1775 1585 1892 1639 est.
1959 1574 2282 1639 Commis-

324 1681 436 1725 sus
480 1662 606 1725 fuit
648 1660 912 1728 cuidam
956 1663 1205 1726 doctori
1249 1684 1332 1727 ex
1373 1670 1751 1726 senatorum
1807 1669 2013 1737 coetu,
2058 1669 2138 1724 ut
2179 1660 2283 1723 in-

323 1745 569 1829 telligo,
629 1749 739 1830 qui
785 1748 1046 1814 viseret.
1135 1748 1303 1814 Post
1345 1746 1639 1813 triduum
1685 1767 1880 1811 vocor
1937 1766 1976 1809 a
2038 1745 2281 1829 Burgi-

320 1834 638 1916 magistro
680 1855 757 1900 ac
800 1855 1012 1900 coram
1058 1832 1173 1898 illo
1221 1842 1289 1899 et
1332 1855 1448 1899 sex
1495 1831 1889 1910 consulibua,
1936 1844 2281 1914 praesente

321 1919 405 1983 D.
476 1918 767 1995 Sechezio,
792 1923 846 1998 ³)
913 1918 1138 1985 doctor
1202 1918 1465 2002 quidam
1534 1940 1617 1984 ex
1682 1919 1945 1983 illorum
1999 1938 2278 1982 numero

319 2024 618 2088 magnas,
675 2005 808 2070 imo
873 2007 1249 2080 immensas,
1307 2005 1555 2088 gratias
1624 2005 1762 2086 agit
1821 2024 1943 2087 pro
2006 2023 2282 2067 munere

321 2098 458 2156 tam
495 2091 755 2172 eximio,
797 2104 936 2156 tam
980 2090 1168 2157 docto
1203 2110 1279 2155 ac
1314 2102 1559 2169 sancto,
1620 2090 1816 2172 idque
1864 2090 2128 2154 nomine
2179 2110 2280 2155 se-

320 2186 519 2242 natus
555 2177 669 2259 qui
709 2185 776 2242 te
819 2188 895 2242 ut
938 2177 1199 2243 fidelem
1235 2175 1487 2242 Christi
1525 2198 1791 2242 servum
1846 2195 1920 2240 88
1964 2176 2277 2240 eximium

321 2262 634 2328 ecclesiae
678 2262 1007 2328 doctorem
1054 2263 1511 2347 amplectatur.
1532 2263 1566 2300 '¹‘
1635 2262 1716 2327 In
1762 2262 2005 2347 multas
2052 2261 2279 2325 laudes

320 2349 964 2433 humanissimasque
999 2352 1249 2434 gratias
1283 2360 1618 2432 protracta
1661 2361 1764 2414 est
1807 2349 2034 2412 oratio.
2103 2348 2278 2412 'Pan-

320 2434 468 2499 dem
513 2434 766 2499 addidit
809 2446 1129 2512 senatum,
1176 2457 1309 2500 non
1355 2437 1426 2500 in
1471 2436 2068 2517 compensationem
2111 2454 2280 2515 quae

319 2521 482 2587 satis
549 2520 752 2605 digna
804 2522 945 2586 fieri
1004 2541 1138 2585 non
1192 2532 1432 2604 posset,
1492 2519 1608 2586 sed
1663 2531 1740 2585 ut
1775 2541 1961 2584 suam
2008 2539 2167 2602 erga
2213 2530 2276 2584 te

318 2605 798 2690 gratitudinem
858 2616 1158 2684 testetur,
1227 2607 1539 2673 exhibere
1599 2606 1720 2671 tibi
1784 2605 2272 2682 munusculum,

315 2694 707 2776 precarique
752 2702 825 2757 ut
866 2692 1029 2758 illud
1074 2694 1245 2758 bono
1289 2693 1508 2757 animo
1551 2693 1920 2776 susciperes
1984 2712 2113 2756 non
2158 2712 2277 2774 pro

318 2777 642 2862 dignitate
677 2780 968 2844 muneris
1012 2777 1127 2843 sed
1173 2780 1607 2861 propensione
1630 2779 2003 2843 animorum
2047 2797 2275 2842 eorum

316 2866 430 2947 qui
462 2864 582 2929 tibi
624 2865 1004 2941 offerebant,
1031 2887 1191 2948 quos
1214 2865 1560 2931 habiturus
1597 2885 1773 2930 esses
1799 2874 2117 2947 perpetuo
2152 2862 2273 2927 tibi

316 2950 786 3034 paratissimos.
854 2951 998 3034 Ego
1034 2951 1115 3016 ad
1155 2951 1343 3017 haec:
1382 2952 1478 3015 'Pe
1497 2950 1682 3015 nulla
1703 2950 1834 3016 alia
1863 2951 2117 3014 ratione
2150 2950 2276 3013 im·

315 3036 583 3120 pulsum
604 3036 738 3103 illis
754 3036 1004 3104 dicasse
1025 3047 1207 3102 tuam
1228 3036 1410 3102 illam
1422 3037 1881 3114 Harmoniam,
1898 3036 2027 3100 nisi
2042 3044 2115 3101 ut-
2131 3055 2279 3120 gra·

317 3125 444 3189 tias
478 3123 884 3207 amplissimo
927 3125 1184 3190 senatui
1219 3145 1448 3208 ageres
1480 3144 1599 3208 pro
1634 3133 1770 3187 tam
1804 3144 1874 3187 m
2008 3142 2048 3187 a
2080 3121 2277 3187 bene-

317 3209 614 3277 volentia
664 3218 733 3275 et
791 3209 1200 3275 humanitate
1255 3230 1451 3292 quam
1501 3210 1868 3293 peregrinis
1971 3208 2166 3282 bristi
2209 3215 2278 3273 et

316 3294 659 3361 exsulibus
702 3293 1157 3374 exhibuerant,
1204 3307 1272 3361 et
1314 3305 1391 3360 ut
1431 3305 1743 3361 testatum
1770 3295 2071 3359 omnibus
2112 3295 2280 3360 face-

313 3402 422 3446 res
457 3389 597 3445 tam
641 3382 820 3465 pium
856 3402 932 3448 ac
955 3394 1254 3447 sanctum
1277 3382 1542 3447 illorum
1568 3402 1724 3465 erga
1748 3382 1998 3447 afflicta
2021 3378 2275 3446 Ohristi

316 3467 617 3532 membra
659 3468 974 3544 animum,
1011 3479 1084 3533 ut
1142 3468 1309 3533 aliae
1366 3468 1774 3552 respublicae
1829 3467 1976 3532 illos
2026 3467 2276 3532 imitari

315 3562 736 3636 conarentur,
782 3553 963 3631 alias,
1010 3574 1179 3636 quae
1223 3554 1305 3619 ab
1359 3553 1484 3620 hoc
1541 3564 1680 3618 tam
1740 3561 1967 3619 sancto
2022 3575 2096 3619 ac
2152 3553 2276 3618 sibi

313 3638 630 3704 mandato
674 3640 968 3706 caritatis
1010 3640 1222 3705 officio
1266 3639 1639 3719 deficerent,
1685 3638 1977 3723 puderet.
2045 3638 2276 3720 Quan-

315 3732 460 3789 tum
527 3724 611 3790 ad
675 3746 944 3804 munus,
1003 3726 1225 3792 iussus
1293 3724 1374 3791 ab
1441 3726 1846 3809 amplissimo
1912 3737 2164 3802 senatu,
2212 3733 2278 3789 et

402 3817 666 3894 stquam
721 3832 948 3876 eorum
1002 3810 1418 3895 amplitudini
1485 3813 1580 3876 ita
1642 3812 1859 3876 visum
1904 3819 2065 3888 erat,
2109 3809 2273 3875 illud

311 3896 436 3961 tibi
481 3892 763 3962 libenter
804 3896 1132 3962 offerrent.
1223 3898 1457 3981 Itaque
1516 3897 1948 3981 quadraginta
1990 3898 2274 3962 florenos

312 4002 550 4048 8111888
607 3982 989 4048 obtulerunt
1042 3984 1117 4047 in
1164 3984 1411 4059 charta,
1473 3983 1709 4048 deinde
1785 4003 1904 4048 sex
1966 3982 2274 4048 Dalleros

311 4090 433 4152 pro
483 4068 843 4134 tabellario.
860 4073 919 4143 ⁴)
1009 4067 1214 4150 Quos,
1274 4089 1475 4151 quum
1543 4070 1943 4153 excepissem
2013 4090 2120 4133 me
2191 4067 2274 4133 ob

310 4154 444 4219 alia
485 4156 750 4238 negotia
782 4155 1045 4220 venisse
1068 4155 1589 4234 Francfordiam,
1637 4155 1892 4239 ipsique
1935 4153 2270 4219 nihilomi-

310 4261 440 4306 nus
497 4242 844 4320 instarent,
902 4263 1038 4306 non
1082 4243 1265 4325 potui
1324 4262 1644 4320 recusare,
1707 4250 1776 4307 et
1817 4242 1910 4306 818
1954 4242 2272 4324 porrectis

353 4346 508 4391 uam
553 4326 845 4391 humane
886 4327 1032 4392 fieri
1118 4335 1334 4410 potest
1375 4328 1681 4394 manibus
1745 4325 2102 4392 discessum
2149 4334 2268 4392 est.

309 4346 593 4494 {ta-ique
651 4411 914 4481 Globero
938 4417 989 4490 ⁸)
1046 4423 1114 4478 et
1171 4413 1370 4478 libros
1429 4422 1496 4478 et
1549 4414 1774 4478 literas
1811 4410 1960 4476 dedi
2026 4414 2271 4477 testati-

310 4519 438 4581 que
483 4507 643 4564 sunt
686 4498 875 4563 ambo
919 4519 1233 4582 magnam
1279 4519 1437 4582 erga
1477 4509 1541 4563 te
1586 4499 2106 4582 propensionem.
2183 4499 2268 4562 D.

310 4583 646 4666 Adolphus
714 4585 919 4663 [valde
984 4583 1350 4672 acyrotavit]
1379 4588 1429 4664 ⁰)
1489 4595 1552 4649 et
1619 4583 1831 4649 adhuc
1897 4594 2192 4668 aegrotat
2210 4587 2267 4666 ⁷)

519 4894 581 5014 Ξ)
623 4891 892 5016 CommentN
741 4894 1077 5014 2261811188
1111 4894 1174 4946 in
1209 4891 1580 4947 Harmoniam
1615 4908 1804 4960 evanq.

520 5029 581 5096 4)
617 5030 753 5097 Ipso
793 5029 1275 5095 Sanctondreano,
1334 5030 1433 5099 qui
1487 5036 1666 5084 tamen
1700 5045 1814 5084 non
1847 5031 1911 5084 in
1943 5045 2062 5083 eum
2094 5029 2268 5098 finem

313 5099 786 5165 francofordiam
822 5102 999 5153 iverat
1029 5105 1091 5153 at
1127 5099 1322 5153 librum
1354 5100 1638 5166 perferret.

520 5169 579 5232 5)
615 5166 972 5237 Glauburqs‘o.

519 5236 581 5302 6)
620 5235 829 5291 charta
847 5237 1121 5292 maculata
1139 5240 1236 5290 aut
1269 5236 1430 5291 aliter
1463 5237 1741 5304 scriptura
1759 5235 1947 5290 deleta.
2000 5235 2266 5291 Lae-mas

308 5306 586 5374 aplanus
620 5307 804 5376 quoad
829 5321 1141 5374 possumus.

521 5373 579 5440 ⁶1)
617 5392 788 5444 neque
821 5378 921 5430 diu
957 5381 1227 5444 superstes
1255 5375 1382 5440 fuit.

2016 442 2182 507 1555
2222 438 2678 508 ΒΕΡΤΕΜΒ.
2772 434 2781 441 ’

4222 448 4348 509 766

2393 629 2490 693 ita
2537 640 2610 694 ut
2669 626 2750 693 de
2804 638 3015 693 morte
3074 630 3403 695 timeatur.
3512 627 3845 696 Dominus
3895 630 3996 694 illi
4042 628 4245 718 [adsit
4285 638 4346 698 et

2393 735 2535 780 eum
2577 711 2934 800 conservet}
2982 716 3093 796 qui
3136 716 3282 797 pios
3325 735 3553 781 omnes
3599 736 3675 781 ac
3720 716 3938 781 doctos
3981 725 4178 782 amat.
4253 717 4340 785 D.

2394 803 2668 865 Ioannes
2708 797 3022 885 [maaeima
3057 800 3473 867 benevolentia
3541 822 3800 884 semper
3836 823 3995 867 usus
4039 812 4141 867 est
4182 825 4342 888 erga

2390 908 2516 964 me,
2563 906 2637 950 ac
2681 896 2748 951 te
2791 907 3031 969 magno
3075 887 3292 951 studio
3338 908 3489 971 amp
3518 888 3767 953 ectitur.
3852 885 4213 974 [Pollicitus
4255 895 4346 956 est

2389 971 2487 1059 se]
2528 972 2926 1055 scripturum
2963 972 3045 1035 ad
3090 980 3158 1037 te
3203 993 3319 1055 per
3361 974 3445 1037 D.
3496 971 3882 1054 Crispinum,
3935 983 4004 1038 et
4045 975 4343 1040 fortassis

2389 1070 2664 1141 uterque
2695 1058 2868 1122 idem
2916 1067 3068 1141 aget
3110 1079 3230 1143 per
3269 1079 3376 1124 me
3422 1061 3491 1123 in
3535 1057 3769 1124 reditu.
3836 1060 3921 1123 D.
3972 1058 4269 1140 Crispino
4287 1060 4339 1145 ⁸)

2390 1145 2685 1209 commisi
2708 1145 2989 1209 florenos
3032 1143 3180 1208 illos
3225 1150 3309 1208 40
3354 1144 3435 1209 ad
3482 1154 3548 1209 te
3573 1143 3980 1210 deferendos.
4038 1147 4141 1211 De
4173 1145 4340 1211 Dal-

2388 1230 2546 1296 leris
2589 1251 2782 1313 agam
2826 1251 3027 1312 quum
3073 1231 3397 1297 Dominus
3434 1252 3541 1295 me
3585 1230 3775 1296 vobis
3816 1230 4192 1297 reddiderit.

2576 1316 2860 1382 Ooactus
2922 1337 3069 1380 sum
3109 1316 3341 1382 multis
3397 1318 3760 1382 rationibus
3825 1322 3893 1381 in
3958 1317 4340 1384 inferiorem

2389 1401 2821 1467 Germaniam
2849 1406 2900 1478 ο)
2924 1400 3337 1468 descendere.
3404 1401 3648 1467 Omnia
3690 1402 3983 1469 narrabit
4027 1403 4112 1468 D.
4163 1404 4340 1471 Gris-

2374 1490 2597 1568 pinus.
2686 1489 2866 1553 Tuae
2923 1490 3048 1553 erit
3104 1509 3262 1572 erga
3306 1509 3412 1552 me
3465 1488 3895 1555 humanitatis
3949 1498 4013 1555 et
4056 1488 4338 1556 benevo-

2385 1575 2629 1638 lentiae
2672 1575 3041 1640 condonare
3100 1575 3156 1640 si
3214 1575 3370 1657 quid
3415 1574 3722 1640 audacius
3764 1596 3909 1640 sum
3967 1596 4337 1660 aggressus.

2384 1660 2532 1743 Ego
2576 1681 2765 1742 spero
2809 1659 3169 1724 Dominum
3230 1660 3609 1726 adfuturum
3644 1660 3828 1739 mihi,
3892 1682 4012 1727 nec
4070 1663 4339 1728 effectu-

2383 1763 2533 1810 rum
2570 1747 3040 1828 profectionem
3083 1768 3296 1811 meam
3337 1746 3508 1813 118118
3550 1747 3826 1812 irritam.
3916 1745 4209 1813 Consilio
4275 1757 4342 1814 et

2384 1830 2869 1898 hortationibus
2915 1832 3113 1896 huius
3157 1831 3464 1897 ecclesiae
3509 1833 3630 1898 hoc
3688 1854 3830 1916 ago.
3908 1831 3984 1899 Si
4040 1855 4340 1901 recusas-

2384 1938 2543 1996 sem,
2591 1919 2705 1984 vix
2748 1919 3107 2001 potuissem
3168 1920 3374 1983 vitare
3431 1918 3608 2002 apud
3665 1919 3907 1983 multos
3965 1920 4203 2003 probos
4263 1940 4340 1986 ac

2382 2004 2526 2088 pios
2567 2013 2788 2069 notam
2823 2005 3076 2069 ‘nimiae
3124 2004 3501 2069 timiditatis
3558 2027 3633 2070 ac
3701 2005 4119 2073 diffidentiae.
4200 2004 4338 2090 Op·

2382 2092 2541 2154 timo
2601 2091 2964 2157 instructus
3015 2091 3323 2156 satellitio
3378 2092 3773 2175 proficiscor.
3859 2091 4203 2172 Dominus,
4261 2099 4340 2157 ut

2381 2197 2592 2258 spero,
2652 2175 2840 2241 brevi
2904 2197 3012 2242 me
3063 2176 3294 2241 reddet
3352 2176 3662 2242 ecclesiae
3711 2184 3996 2256 nostrae,
4041 2179 4115 2242 in
4151 2178 4339 2245 cuius

2381 2262 2601 2327 sinum
2646 2284 2749 2327 me
2785 2262 3073 2345 recipere
3138 2283 3340 2346 supra
3373 2284 3569 2345 quam
3606 2261 3732 2327 dici
3768 2271 3982 2346 potest
4021 2262 4337 2330 desidero.

2379 2346 2647 2413 Interea
2690 2348 2928 2413 fratres
2965 2348 3205 2414 obnixe
3247 2368 3479 2432 precor
3519 2357 3595 2413 ut
3634 2347 3801 2412 mihi
3848 2351 4217 2433 ignoscant,
4276 2351 4333 2415 si

2382 2434 2506 2498 hac
2569 2436 2639 2499 in
2708 2442 2894 2519 parte
2960 2434 3348 2517 deliquerim
3414 2434 3695 2498 nimium
3748 2434 4101 2519 indulgens
4145 2436 4332 2514 mihi,

2380 2539 2504 2586 nec
2549 2520 2707 2585 satis
2749 2521 3240 2604 praemeditatis
3281 2519 3543 2585 illorum
3581 2521 3909 2586 oneribus:
3950 2541 4140 2604 spero
4184 2520 4334 2586 illos

2383 2626 2518 2670 non
2583 2615 2720 2671 tam
2777 2605 2940 2670 mihi
2989 2606 3365 2690 indignatos
3423 2606 3577 2683 fore,
3620 2606 3779 2688 quin
3823 2606 4016 2673 facile
4062 2606 4333 2671 tandem

2381 2701 2532 2775 post
2564 2691 2850 2757 reditum
2891 2694 3255 2776 ignoscant.
3345 2692 3671 2769 Habeant,
3716 2713 3962 2774 precor,
4018 2693 4151 2757 mei
4193 2714 4333 2758 me-

2378 2779 2652 2843 moriam
2707 2779 2779 2842 in
2842 2780 2979 2843 suis
3024 2778 3326 2862 precibus
3367 2786 3504 2842 tam
3551 2778 3826 2861 privatis
3860 2798 4059 2862 quam
4114 2778 4334 2861 publi-

2381 2865 2491 2930 cis.
2559 2864 2756 2947 Apud
2781 2873 3082 2929 senatum
3126 2864 3181 2929 81
3238 2865 3386 2948 quis
3430 2863 3510 2928 de
3553 2884 3659 2927 me
3680 2875 4009 2947 queratur,
4052 2885 4173 2947 pro
4216 2871 4334 2930 tua

2380 2948 2730 3033 prudentia
2795 2950 3136 3017 excusabis
3186 2971 3404 3015 meum
3470 2949 3849 3015 institutum
3915 2948 4334 3015 commenda-

2380 3044 2645 3120 tamque
2690 3036 2960 3103 habebis
3002 3058 3217 3102 meam
3260 3034 3597 3101 familiam.
3661 3036 3848 3102 Bene
3890 3036 4037 3104 vale
4080 3036 4151 3101 111
4192 3036 4332 3102 Do-

2379 3123 2579 3201 mino,
2625 3123 2719 3187 mi
2763 3133 3160 3208 praeceptor,
3205 3124 3319 3207 qui
3362 3132 3429 3188 te
3474 3120 3587 3187 diu
3632 3132 3853 3189 servet
3915 3144 4070 3189 suae
4126 3122 4333 3189 eccle-

2379 3208 2517 3274 siae
2561 3230 2819 3292 semper
2859 3210 3094 3275 fortem
3131 3229 3206 3275 ac
3227 3209 3569 3286 invictum,
3595 3230 3837 3292 suoque
3870 3210 4107 3294 spiritu
4145 3216 4333 3275 tuea-

2380 3302 2492 3359 tur
2535 3316 2609 3362 ac
2652 3297 3012 3362 confirmet.
3093 3295 3503 3362 Salutabitur
3545 3316 3691 3359 meo
3741 3298 4005 3361 nomine
4050 3296 4132 3361 D.
4196 3295 4334 3359 An-

2376 3382 2585 3448 tonius
2607 3385 2693 3461 ¹⁰)
2718 3403 2858 3447 eom
2906 3390 3048 3447 ater
3071 3403 3255 3447 meus
3300 3402 3375 3448 ac
3419 3388 3558 3446 tota
3601 3382 3742 3447 eius
3762 3382 4031 3447 familia.
4077 3381 4332 3446 Franc-

2376 3467 2624 3534 fordiae
2698 3474 2794 3533 14.
2919 3468 3201 3551 eptemb.
3264 3465 3459 3551 paulo
3504 3472 3659 3532 ante
3714 3468 4094 3552 ingressum
4140 3466 4333 3533 navis

3324 3690 3518 3754 Tuus·
3555 3688 3730 3755 filius
3773 3690 3843 3754 in
3885 3689 4155 3755 Christo

3405 3778 3469 3840 A
3515 3773 3763 3842 Sancto
3805 3774 4080 3841 Andrea.

2545 3947 2771 4014 Habes
2808 3948 3009 4025 etiam
3053 3947 3161 4014 hic
3206 3967 3369 4030 quas

2544 4034 2771 4102 scribit
2812 4034 2894 4098 ad
2939 4043 3005 4098 te
3049 4044 3337 4100 senatus.
3368 4035 3449 4110 ¹¹)

2578 4326 2640 4390 8)
2676 4327 2776 4448 45⁴⁸·
2806 4326 2948 4406 forte
2983 4326 3188 4394 negotii
3219 4339 3391 4380 causa
3424 4325 3487 4379 in
3521 4323 3790 4378 nundinis
3823 4322 4033 4403 oderat.
4253 4390 4265 4402 ⁸

2368 4395 2640 4535 qaut-mg)
2735 4394 2962 4450 naham
2982 4410 3171 4449 versus
3195 4401 3291 4450 aut
3312 4394 3638 4510 Eri-ideam,
3676 4392 3751 4447 ad
3788 4392 4043 4446 meotidas
4077 4390 4329 4446 ecclam

2545 4504 2636 4600 10’)
2677 4532 2939 4587 samm
2953 4530 2984 4584 ?

2544 4600 2637 4670 11)
2684 4601 2841 4656 Tales
2874 4617 2986 4656 non
3021 4604 3254 4657 exstant.
