4850 6200
312 447 435 510 881

312 633 457 700 Deo
520 632 646 698 tibi
701 631 1076 717 delegatum
1131 653 1390 699 munus.
1480 632 1679 714 Quod
1775 634 1845 700 ui
1892 655 2027 700 non
2083 632 2271 700 videt

312 731 510 803 atque
552 718 854 803 agnoscit
894 718 1074 803 talpa
1105 740 1177 785 se
1208 719 1570 787 caeciorem
1604 741 1648 804 p
1774 721 1841 786 ‘t.
1929 719 2064 801 Qui
2107 740 2270 786 vero

314 806 617 890 agnitum
661 825 798 869 non
818 804 1185 872 admiratur
1226 813 1295 871 et
1333 815 1713 872 reverenter
1736 806 2029 892 suspicit,
2065 807 2126 872 is
2167 807 2270 871 in·

434 893 486 956 ti
520 901 585 957 et
631 890 840 957 invidi
893 911 1133 957 nomen
1190 891 1365 976 apud
1409 892 1553 976 pios
1596 913 1934 976 nunquam
1979 893 2270 977 effugiet.

351 977 391 1044 d
447 997 823 1061 quanquam
883 977 1207 1044 hactenus
1262 975 1665 1044 admirandis
1709 978 1922 1045 modis
1963 985 2032 1044 et
2073 980 2271 1044 certis

313 1065 523 1148 signis
567 1062 743 1146 apud
787 1061 1086 1129 cordatos
1106 1064 1282 1130 viros
1304 1076 1712 1148 compertum
1746 1066 1850 1143 sit,
1890 1084 2068 1129 nunc
2111 1084 2274 1130 vero

312 1150 700 1218 certissimis
746 1150 843 1214 ita
887 1150 1498 1233 compertissimum,
1554 1158 1632 1216 ut
1685 1151 1850 1217 mihi
1899 1152 2041 1234 ipse
2083 1149 2164 1216 de
2208 1160 2273 1217 te

313 1246 493 1303 certo
535 1236 916 1321 promittere
959 1236 1238 1301 audeam
1280 1236 1700 1308 immensum.
1722 1236 1847 1303 hac
1887 1238 1960 1302 in
2005 1258 2078 1303 re
2124 1258 2271 1320 pro·

312 1322 591 1389 fectum:
662 1320 744 1388 de
787 1332 873 1400 te,
908 1323 1202 1405 inquam,
1238 1323 1350 1406 qui
1393 1343 1482 1387 ex
1524 1333 1660 1388 tam
1702 1323 2273 1406 perniciosissimis

312 1408 870 1476 calumniatorum
934 1405 1261 1473 morsibus
1331 1409 1493 1474 adeo
1552 1407 1852 1492 gloriose,
1902 1409 2271 1485 emerseris,

312 1495 607 1561 referens
650 1514 736 1559 ex
757 1493 1032 1559 devictis
1075 1501 1144 1559 et
1164 1495 1512 1578 prostratis
1548 1495 1849 1562 hostibus
1882 1496 2273 1561 immensam

312 1602 448 1647 non
503 1579 698 1645 modo
757 1590 825 1645 et
878 1580 1310 1645 honorificam
1370 1581 1525 1647 Iesu
1570 1579 1839 1648 Christo
1893 1582 2274 1664 imperatori

313 1676 545 1732 nostro
602 1666 896 1747 gloriam,
961 1665 1076 1731 sed
1142 1668 1475 1750 ingentem
1541 1688 1796 1750 quoque
1859 1678 1927 1732 et
1986 1668 2275 1750 opimam

313 1751 649 1836 praedam,
707 1773 947 1836 nempe
981 1753 1377 1835 compositas
1421 1753 1491 1817 in
1528 1753 1843 1836 religione
1885 1753 2272 1818 innumeras

314 1840 549 1904 turbas
585 1847 653 1902 et
672 1845 973 1922 pacatam
1007 1840 1205 1904 istam
1228 1839 1479 1919 urbem,
1513 1841 1620 1905 cui
1648 1839 2076 1922 impiissimus
2098 1840 2275 1922 quis-

318 1946 446 2008 que
492 1935 867 1989 extremum
910 1926 980 1989 in
1022 1923 1271 1990 foribus
1292 1924 1519 1990 adesse
1563 1925 1903 1990 interitum
1939 1925 2273 1991 ominaba·

316 2020 446 2076 tur.
540 2011 673 2077 Hic
715 2020 973 2089 autem,
1016 2011 1124 2076 vir
1183 2010 1551 2088 carissime,
1611 2033 1747 2075 non
1790 2021 1892 2077 est
1933 2011 2107 2094 qnod
2150 2011 2274 2075 mi-

314 2098 483 2162 reris
549 2107 668 2161 aut
732 2097 1028 2179 queraris
1092 2098 1311 2163 varios
1389 2105 1457 2163 et
1522 2098 1881 2162 insolentes
1945 2097 2275 2163 tumultus

315 2183 675 2249 adversum
719 2192 785 2247 te
828 2182 1203 2261 concitatos,
1250 2183 1364 2248 sed
1424 2193 1644 2250 tecum
1686 2183 1906 2266 potins
1941 2182 2277 2266 expendas

316 2290 454 2335 non
500 2269 864 2334 minoribus
899 2268 1126 2335 nervis
1169 2269 1294 2351 ipsi
1316 2268 1605 2335 Satanae
1649 2270 1849 2335 fuisse
1871 2269 2274 2347 enitendum,

319 2356 379 2421 si
437 2354 636 2419 modo
698 2364 1151 2438 expugnatam
1198 2364 1266 2419 et
1308 2358 1701 2421 exstinctam
1744 2364 2016 2439 cuperet
2058 2375 2275 2421 arcem

316 2444 537 2515 istam,
585 2462 716 2505 non
738 2440 1249 2506 munitissimam
1290 2442 1520 2521 solum,
1565 2440 1683 2507 sed
1725 2442 1839 2506 tali
1884 2444 2277 2524 imperatore

317 2528 696 2610 talibusque
753 2527 1040 2593 militum
1095 2525 1436 2611 praesidiis
1495 2529 1631 2592 fere
1674 2527 2273 2611 inexpugnabilem.

320 2613 469 2679 Deo
527 2614 734 2699 igitur
785 2621 1012 2678 nostro
1069 2634 1186 2697 per
1229 2613 1451 2679 Iesum
1496 2613 1841 2680 Christum
1887 2613 2118 2698 gratia,
2165 2613 2277 2695 qui

316 2700 482 2766 fusis
527 2720 604 2765 ac
649 2698 990 2766 trucidatis
1031 2698 1331 2765 hostibus
1374 2700 1510 2765 suis
1533 2700 1996 2784 gloriosissime
2040 2701 2275 2765 trium·

317 2786 500 2870 phat.
562 2783 760 2866 Quod
802 2794 1026 2851 autem
1068 2784 1153 2850 ad
1193 2805 1301 2851 me
1346 2786 1603 2865 attinet,
1648 2786 1811 2852 scito
1833 2796 2097 2869 praeter
2132 2805 2275 2850 om-

316 2893 470 2937 nem
518 2891 703 2955 spem
747 2869 879 2938 huc
916 2881 1240 2949 vocatum,
1302 2882 1499 2954 atque
1543 2891 1620 2937 eo
1655 2872 2068 2955 potissimum
2113 2880 2279 2937 tem·

314 2979 473 3041 pore
497 2978 624 3039 quo
662 2978 766 3021 me
800 2955 983 3033 rude,
1027 2966 1105 3021 ut
1148 2958 1355 3036 aiunt,
1403 2957 1716 3023 donatum
1754 2958 1889 3023 iam
1912 2976 2056 3023 esse
2099 2957 2275 3023 arbi-

311 3045 561 3111 trabar.
649 3044 848 3109 Faxit
907 3063 1061 3111 vero
1117 3045 1229 3127 qui
1284 3064 1390 3109 me
1436 3045 1709 3123 vocavit,
1763 3050 1838 3109 ut-
1882 3043 2049 3110 sicut
2083 3064 2274 3127 prae-

313 3138 422 3195 ter
480 3151 664 3213 spem
708 3130 776 3194 id
822 3130 1063 3208 evenit,
1129 3131 1225 3195 ita
1291 3136 1472 3195 tuam
1536 3139 1604 3195 et
1645 3130 2008 3196 multorum
2044 3128 2124 3195 de
2167 3151 2275 3196 me

312 3217 881 3300 exspectationem
939 3237 1265 3299 nusquam
1310 3215 1553 3281 fallam.
1651 3215 1875 3281 Velim
1935 3225 2275 3301 praeterea

309 3304 438 3370 tibi
482 3316 662 3370 certo
697 3300 1110 3385 persuadeas,
1150 3322 1260 3368 me
1313 3304 1411 3367 tui
1455 3303 1983 3369 amantissimum
2027 3301 2272 3386 tibique

308 3389 518 3456 variis
562 3389 943 3454 nominibus
987 3387 1147 3453 adeo
1190 3409 1334 3456 esse
1377 3388 1776 3469 devinctum,
1821 3390 1929 3455 cui
1971 3389 2139 3454 nihil
2179 3390 2274 3454 fa-

309 3497 465 3543 cere
509 3474 721 3558 possis
760 3473 1016 3558 gratius
1057 3496 1252 3558 quam
1297 3475 1355 3540 si
1376 3476 1678 3559 imperes,
1724 3496 1860 3541 non
1903 3484 2124 3541 antem
2169 3496 2274 3541 ro·

309 3583 447 3648 ges,
487 3582 877 3644 quacunque
919 3560 1188 3628 tandem
1232 3561 1305 3626 in
1348 3582 1421 3626 re
1455 3581 1724 3644 operam
1768 3582 1984 3626 meam
2021 3561 2272 3627 deside·

306 3668 436 3715 res.
498 3647 643 3713 Has
678 3647 942 3731 quidem
979 3657 1053 3711 ut
1097 3646 1177 3712 ad
1222 3658 1290 3711 te
1314 3646 1559 3723 darem,
1584 3648 2057 3729 frequentiores
2079 3669 2272 3731 porro

310 3734 595 3801 daturus
656 3733 896 3808 literas,
964 3755 1096 3798 non
1151 3732 1360 3798 solum
1424 3734 1615 3798 iussit
1657 3744 1774 3797 tua
1815 3732 1934 3798 illa
1974 3754 2131 3816 erga
2165 3754 2274 3799 me

309 3819 719 3898 humanitas,
766 3819 879 3884 sed
937 3820 1288 3901 imperavit
1345 3839 1601 3902 quoque
1644 3818 1758 3883 illa
1804 3820 1886 3883 D.
1934 3820 2273 3897 Francisci

309 3906 689 3972 Lismam‘ni
745 3906 1064 3970 autoritas
1128 3913 1198 3970 et
1241 3925 1501 3970 summa
1540 3924 1707 3987 quae
1750 3905 1913 3969 mihi
1961 3927 2113 3970 cum
2156 3905 2271 3970 illo

306 3990 667 4058 intercedit
688 3990 1121 4056 familiaritas.
1161 3990 1378 4071 Quem
1402 4011 1605 4073 quum
1645 3990 1767 4056 tibi
1791 3990 2270 4056 deditissimum

306 4078 543 4161 tuique
565 4077 1252 4163 amantissimumesse
1295 4077 1517 4157 sciam,
1560 4097 1696 4142 non
1725 4077 1941 4160 potuit
1980 4077 2094 4142 ille
2137 4098 2270 4141 non

308 4164 696 4231 arctissimis
767 4162 1090 4228 amicitiae
1169 4161 1451 4228 nexibus
1515 4183 1636 4227 nos
1700 4164 2007 4246 utrinque
2071 4162 2269 4228 simul

306 4249 784 4333 constringere.
875 4246 1061 4326 Vale,
1120 4248 1364 4314 saeculi
1421 4248 1633 4313 nostri
1668 4246 1889 4328 decus,
1932 4257 2000 4314 et
2041 4270 2266 4314 omnes

307 4337 472 4401 istos
524 4343 930 4418 symmystas
978 4335 1193 4400 verbis
1238 4335 1404 4400 meis
1453 4334 1688 4401 saluta.
1776 4336 2006 4419 Tiguri
2055 4333 2265 4420 pridie

305 4422 537 4486 Nonas
585 4419 892 4486 Decemb.
951 4424 1128 4484 1555.

1583 4540 2051 4606 Deditissimus

1438 4625 1895 4692 Bernardinus
1939 4624 2260 4692 Ochinus.

515 5463 738 5519 camna·
764 5479 951 5535 opera.
1017 5466 1133 5522 ναι.
1168 5463 1226 5518 x
1241 5463 1299 5518 ν.

2046 448 2210 511 1555
2253 446 2664 515 ΒΕΟΕΜΒ.

4210 454 4341 517 882

3254 634 3456 708 2856.

2861 789 3336 864 CALVINUS
3377 792 3843 861 FARELLO.

2551 959 2835 1028 Fallitur
2891 962 3000 1029 ille
3047 965 3111 1029 si
3152 966 3502 1047 quidqtcam
3532 965 3673 1047 piis
3721 963 3937 1032 Gallis
3976 987 4020 1032 a
4069 966 4337 1035 Germa·

2374 1048 2486 1114 nis
2530 1047 2932 1129 principibus
2986 1050 3227 1117 auxilii
3277 1057 3606 1117 venturum
3661 1051 3791 1117 sibi
3829 1051 4030 1137 finyit.
4112 1054 4337 1121 Etiam

2374 1134 2809 1303 {effugata
2848 1133 3104 1202 Bernae
3157 1137 3402 1204 mchoat'
3404 1158 3439 1203 o
3498 1139 3585 1203 ad
3637 1137 3855 1219 foedus
3908 1140 4335 1207 remvandum

2376 1390 2491 1458 (Ex
2525 1392 2865 1460 autographo
2900 1390 3031 1445 Cod.
3065 1392 3270 1448 Genev.
3307 1392 3454 1458 10⁷⁸,
3486 1394 3579 1449 fol.
3616 1393 3735 1449 123.
3794 1394 3888 1449 Ad
3921 1414 4141 1451 manum
4177 1404 4338 1453 erant

2416 1466 2663 1514 raeterea
2716 1461 3052 1530 exemplaria
3105 1462 3389 1516 Turretini
3441 1463 3569 1518 eod.
3608 1462 3711 1518 108
3781 1464 3878 1521 fol.
3917 1463 4004 1535 55,
4057 1467 4338 1521 Beruense

2377 1477 2521 1599 ἔρῃ.
2548 1529 2644 1583 VI.
2681 1547 2735 1599 p.
2755 1527 2857 1582 511
2895 1536 2953 1583 et
2976 1530 3545 1654 Sim1113liiiitltnwidnoniny033
3534 1530 3623 1667 ΞΘ)
3676 1507 3877 1587 V³ersio
3912 1535 4121 1605 anglica
4155 1535 4213 1589 in
4249 1536 4337 1592 ed.

2376 1770 2646 1836 Eximio
2713 1770 2968 1837 Christi
3035 1793 3227 1838 servo
3294 1772 3653 1839 Guillelmo
3697 1774 3963 1839 Fal-ello
4025 1776 4337 1842 ecclesiae

2560 1857 3029 1924 Neocomensis
3072 1859 3321 1942 pastori
3364 1860 3553 1925 fratri
3596 1859 3763 1924 mihi
3806 1860 4163 1928 carissimo.
4245 1913 4249 1917 -

2551 2027 2623 2095 S.
2669 2029 3161 2097 Confessionem
3183 2033 3646 2115 Augustanam
3692 2052 3732 2096 a
3754 2032 4112 2098 Germanis
4155 2034 4337 2117 prin-

2378 2112 2631 2264 cFipibus
2697 2116 2994 2182 animose
3061 2116 3321 2182 defendi
3385 2117 3620 2183 merito
3685 2118 3955 2202 gaudes,
3982 2119 4032 2202 ¹)
4091 2120 4338 2202 optime

2446 2201 2654 2268 arella.
2749 2202 2998 2267 Verum
3043 2204 3098 2268 si
3143 2203 3496 2286 quidquam
3538 2204 3798 2270 miseris
3842 2205 4175 2286 fratribus,
4222 2205 4338 2289 qui

2378 2286 2453 2350 in
2517 2286 2741 2353 Gallia
2795 2297 3207 2372 premuntur,
3275 2296 3629 2355 venturum
3694 2288 3777 2354 ab
3843 2292 3988 2357 istis
4044 2291 4338 2374 patronis

2381 2392 2609 2452 speras
2650 2373 2847 2458 longe
2882 2373 3149 2439 falleris.
3169 2376 3229 2451 2)
3307 2374 3539 2440 Potius
3575 2376 3919 2441 saevitiam
3963 2377 4336 2458 accendent,

2381 2457 2512 2522 nisi
2555 2479 2686 2541 qua
2729 2460 2946 2524 subita
2967 2461 3309 2526 conversio
3333 2461 3727 2527 mirabiliter
3771 2463 3903 2526 fiat.
3994 2462 4130 2528 Nos
4175 2484 4335 2545 quo-

2380 2564 2505 2625 que
2570 2543 2653 2609 ad
2699 2545 3158 2610 mactationem
3217 2546 3502 2611 trahent.
3592 2547 3743 2611 Etsi
3795 2556 4015 2613 autem
4074 2549 4337 2632 praevi-

2378 2628 2502 2693 deo
2543 2650 2711 2712 quae
2745 2630 2932 2697 nobis
2954 2629 3332 2697 discrimina
3369 2632 3779 2712 immineant,
3821 2631 4076 2717 gaudeo
4112 2643 4335 2698 tamen

2380 2715 2793 2799 aliquatenus
2816 2718 3165 2802 propagari
3190 2717 3443 2784 Christi
3466 2739 3765 2803 regnum.
3824 2720 4110 2783 Tantum
4155 2741 4334 2787 nunc

2380 2811 2449 2867 te
2513 2803 2839 2868 monitum
2905 2803 3086 2869 volui
3142 2824 3229 2869 ne
3290 2803 3541 2869 frustra
3595 2802 3865 2881 labores,
3912 2804 4028 2869 ubi
4071 2806 4331 2871 nullum

2379 2908 2617 2970 operae
2664 2888 2950 2972 pretium
3003 2890 3295 2955 facturus
3349 2891 3461 2955 sis.
3551 2890 3766 2967 Poeta,
3788 2893 3844 2967 8)
3893 2889 3975 2955 de
4025 2912 4153 2973 quo
4196 2913 4334 2957 me-

2378 2974 2512 3040 tuis
2568 2995 2653 3039 ne
2703 2996 2809 3039 me
2857 2975 3177 3051 incantet,
3236 2975 3404 3041 forte
3456 2977 3588 3040 iam
3643 2997 3840 3042 suum
3885 2997 4185 3042 acroama
4227 2998 4333 3043 re-

2377 3061 2708 3140 tractavit,
2766 3061 2924 3146 quia
2983 3060 3162 3127 videt
3209 3080 3281 3128 se
3335 3062 3625 3128 laborem
3666 3062 3839 3128 male
3881 3074 3949 3128 et
3988 3063 4335 3130 infeliciter

2379 3147 2763 3230 sumpsisse:
2831 3148 2960 3213 nisi
3023 3148 3225 3228 forte,
3281 3150 3436 3232 quia
3489 3169 3681 3214 nemo
3736 3157 3839 3214 est
3882 3149 3965 3214 ad
4010 3170 4202 3232 quem
4261 3172 4333 3216 se

2380 3233 2681 3315 applicet,
2732 3233 3131 3317 suspendere
3199 3234 3595 3300 sententiam
3661 3234 3867 3302 malit.
3952 3235 4107 3319 Ipse
4178 3258 4335 3303 vero

2376 3319 2681 3402 pendeat,
2727 3319 2921 3385 modo
2956 3341 3077 3385 nos
3120 3322 3190 3385 in
3236 3321 3522 3385 Domino
3568 3328 3835 3385 stemus.

2553 3405 2792 3491 Legati
2836 3406 3066 3486 nostri,
3108 3406 3223 3489 qui
3267 3405 3350 3472 ad
3384 3405 3611 3471 foedus
3655 3407 4106 3473 renovandum
4149 3408 4337 3476 missi

2379 3499 2555 3571 sunt,
2579 3495 2638 3567 ⁴)
2698 3493 2998 3576 proximo
3061 3490 3167 3556 die
3203 3492 3438 3557 Lunae
3482 3512 3678 3577 agere
3713 3493 4046 3575 incipient.
4133 3495 4337 3561 Faxit

2377 3578 2565 3642 Deus
2608 3585 2685 3642 ut
2728 3576 2914 3643 brevi
2959 3578 3333 3662 significent
3375 3580 3713 3663 negotium
3757 3599 3900 3644 esse
3944 3580 4333 3648 confectum.

2377 3661 2455 3728 Si
2513 3663 2913 3748 pertinacius
2969 3662 3314 3746 repudient
3373 3663 3547 3747 quod
3589 3665 3802 3729 nostri
3846 3665 4153 3744 offerunt,
4188 3666 4334 3732 lon·

2378 3749 2526 3831 gius
2551 3748 2855 3833 progredi
2890 3770 3155 3815 necesse
3200 3751 3343 3829 erit,
3390 3769 3509 3814 nec
3553 3750 3697 3815 sine
3731 3771 3959 3815 eorum
4003 3750 4333 3820 dedecore.

2379 3834 2475 3900 Ut
2518 3835 2747 3920 religio
2784 3838 3136 3901 misceatur
3179 3857 3313 3901 non
3359 3837 3489 3901 fert
3531 3838 3801 3916 occasio,
3844 3837 3960 3903 sed
4004 3840 4338 3922 aperietur

2376 3919 2595 4002 aliqua
2659 3923 2843 3986 rima.
2931 3920 3259 3987 Dominus
3301 3922 3419 3986 tibi
3456 3941 3719 4006 semper
3752 3922 3940 4001 adsit,
3986 3923 4191 3990 frater
4230 3926 4337 3990 in·

2376 4006 2750 4089 tegerrime,
2811 4015 3005 4090 teque
3065 4006 3305 4091 spiritu
3346 4028 3467 4073 suo
3503 4009 3845 4092 gubernet.
3934 4008 4170 4075 Saluta
4202 4012 4337 4076 fra-

2377 4099 2513 4157 tres
2554 4113 2699 4157 meo
2741 4094 3027 4158 nomine.
3118 4093 3436 4160 Genevae
3474 4097 3531 4158 7.
3576 4094 3960 4161 Decembris
4014 4101 4195 4162 1555.

3287 4228 3574 4296 Ioannes
3616 4229 3939 4298 Calvinus
3984 4242 4157 4300 tuus.

2371 4488 2557 4544 Μὰ
2575 4488 2637 4620 {3
2672 4485 3070 4638 gaofflowit
3113 4571 3278 4638 quum
3325 4573 3378 4610 a.
3397 4553 3561 4640 ’1557
3606 4558 3890 4626 principes
3934 4574 3971 4612 a
4009 4557 4232 4615 Far-ello
4277 4566 4332 4617 et

2370 4625 2524 4680 Bona
2558 4627 2839 4680 sollu-atati
2871 4624 3091 4679 tandem
3123 4631 3572 4680 mter-cesenam&

2573 4693 2636 4752 3)
2676 4693 3035 4748 Mau-curtius.
3107 4693 3213 4759 (N.
3249 4692 3402 4748 2345.
3438 4692 3622 4760 2348.)

2574 4763 2633 4827 4)
2675 4763 2806 4832 Ray.
2844 4762 2922 4816 du
2961 4763 3189 4818 Conscil.
3223 4762 3277 4818 8.
3316 4763 3397 4817 18.
3432 4762 3521 4816 28.
3553 4762 3701 4820 Non.
3734 4764 3788 4820 3.
3809 4764 3942 4821 Dec.
4000 4765 4091 4820 Aa
4113 4764 4163 4818 8.
4190 4765 4329 4822 Dec.

2368 4831 2615 4888 Bonnam
2645 4830 2876 4898 siceram
2907 4832 3103 4888 vocati.
