4850 6200
480 452 606 515 379

483 634 828 703 Saxonum
863 634 1098 720 gratia.
1166 632 1346 699 Sunt
1385 642 1609 699 tamen
1652 631 1815 700 satis
1851 632 2107 700 validae
2141 634 2428 701 rationes

486 742 654 806 quae
697 720 1036 788 ecclesiam
1087 718 1300 799 illam,
1358 720 1490 785 nisi
1533 740 1798 802 prorsus
1842 719 2264 785 obliviscatur
2304 720 2429 797 sui,

484 807 676 883 nobis
741 806 1107 873 concilient.
1218 803 1471 889 Scripsi
1534 804 1837 871 omnibus
1901 804 2133 871 eadem
2196 806 2427 880 forma,

481 893 672 961 cuius
705 912 907 959 unum
947 891 1030 956 ad
1073 912 1192 956 vos
1236 890 1570 975 exemplar
1603 892 1811 971 mitto,
1857 912 1943 956 ne
1986 891 2140 974 quid
2183 890 2431 957 oriatur

483 978 847 1064 zelotypiae
861 1029 876 1056 ‚
936 978 994 1044 si
1052 977 1219 1043 forte
1273 978 1448 1042 inter
1490 997 1562 1042 se
1617 978 2114 1043 communicent.
2204 977 2428 1044 Fasci-

482 1065 666 1132 culos
709 1063 987 1148 singulis
1033 1071 1106 1128 ut
1164 1062 1529 1129 reddendos
1572 1084 1762 1128 cures
1806 1083 2285 1145 supervacuum
2330 1073 2431 1128 est

483 1171 736 1235 rogare.
826 1149 1008 1215 Nihil
1067 1148 1244 1214 enim
1304 1148 1424 1213 tibi
1478 1149 1697 1213 oneris
1752 1149 2023 1233 iniungo
2069 1147 2243 1232 quod
2296 1170 2429 1213 non

484 1236 658 1302 ultro
702 1235 1152 1320 postulaveris.
1242 1233 1637 1318 Quanquam
1689 1242 1905 1299 autem
1950 1234 2429 1300 Basiliensibus

483 1324 697 1407 magis
733 1322 935 1388 vicini
974 1329 1163 1387 erant
1184 1320 1550 1399 Milhusini,
1587 1321 1741 1402 quia
1777 1331 1993 1385 tamen
2019 1320 2181 1384 mihi
2218 1322 2431 1406 ignoti

482 1419 641 1475 sunt
675 1408 816 1473 eius
857 1408 1035 1474 urbis
1073 1416 1387 1491 pastores,
1430 1427 1549 1472 nec
1584 1405 1748 1470 mihi
1785 1404 2053 1471 dubium
2091 1416 2234 1471 erat
2268 1408 2426 1490 quin

481 1494 655 1578 apud
700 1514 810 1560 eos
851 1493 1206 1575 plurimum
1250 1493 1503 1557 valeret
1546 1491 1769 1558 addita
1803 1512 1843 1556 a
1876 1491 2064 1558 vobis
2099 1513 2427 1558 commen-

482 1579 696 1659 datio,
785 1579 957 1644 hanc
1034 1598 1287 1662 quoque
1372 1579 1775 1661 provinciam
1865 1577 1979 1643 tibi
2061 1578 2427 1662 relinquere

482 1666 700 1732 visum
744 1674 858 1730 est.

654 1750 1172 1817 Locarnensium
1231 1748 1508 1815 fratrum
1570 1768 1769 1815 causa
1823 1750 2058 1816 merito
2113 1760 2182 1815 et
2240 1760 2305 1815 tc
2364 1760 2432 1815 et

481 1859 604 1903 nos
640 1856 865 1901 omnes
901 1835 1314 1901 acerbissimo
1347 1855 1641 1901 moerore
1661 1835 2057 1901 vulneravit.
2128 1837 2428 1902 Primum

483 1924 656 2006 ipsos
694 1942 733 1986 a
768 1921 904 1987 suis
939 1922 1229 2005 patronis
1254 1919 1464 1987 deseri
1501 1929 1692 2003 turpe
1727 1922 1866 1998 fuit,
1913 1922 2027 1987 sed
2063 1921 2185 1987 hoc
2214 1922 2432 1987 maius

483 2008 804 2093 flagitium
862 2005 1028 2090 quod
1089 2007 1409 2090 evangelii
1476 2007 1872 2089 professores
1929 2007 2220 2074 eiusdem
2279 2008 2433 2074 fidei

485 2094 695 2160 socios
741 2093 820 2157 ad
869 2092 1184 2175 perfidam
1230 2092 1723 2177 abnegationem
1770 2113 1890 2158 suo
1934 2096 2198 2159 nomine
2243 2115 2428 2160 revo-

484 2180 620 2246 cari
663 2178 1008 2245 sustinent.
1097 2180 1299 2261 Atqui
1343 2178 1539 2263 longe
1594 2178 1964 2262 praestabat
2006 2180 2146 2263 pios
2188 2180 2429 2245 fratres

484 2265 902 2331 carnificinae
938 2262 1149 2329 decies
1194 2285 1535 2346 exponere.
1606 2265 2040 2348 Praepostera
2080 2266 2259 2329 enim
2302 2267 2428 2331 cle-

484 2350 737 2416 mentia
770 2361 885 2429 est,
932 2360 1005 2414 ut
1041 2352 1213 2414 vitae
1248 2349 1586 2415 hominum
1623 2360 1950 2434 parcatur,
1996 2351 2277 2417 ludibrio
2313 2372 2428 2416 ex·

568 2457 725 2502 nere
770 2457 1020 2503 sacram
1064 2436 1189 2501 Dei
1247 2438 1606 2501 veritatem.
1697 2437 1790 2501 Et
1846 2436 2005 2503 adeo
2051 2460 2178 2502 non
2226 2438 2429 2520 pudet

482 2529 642 2587 istos
697 2523 798 2586 sui
857 2519 1186 2588 dedecoris
1231 2532 1309 2587 ut
1353 2522 1629 2587 aliorum
1676 2525 1990 2588 virtutem
2035 2545 2236 2608 prope
2280 2546 2431 2590 con-

480 2609 669 2674 viciis
734 2608 1038 2692 frangere
1103 2619 1435 2674 conentur.
1545 2609 1819 2675 Utinam
1887 2609 2068 2676 brevi
2147 2609 2426 2689 audiam,

524 2714 610 2759 ua
653 2692 840 2760 decet
883 2694 1231 2760 severitate
1269 2716 1308 2759 a
1345 2697 1579 2761 vestris
1624 2696 1920 2778 repulsos
1955 2716 2116 2775 esse,
2163 2707 2238 2761 ut
2281 2704 2427 2761 tan-

527 2800 630 2845 em
676 2778 918 2864 aliquid
967 2780 1213 2845 sentire
1257 2781 1594 2865 incipiant.
1665 2781 1879 2847 Nimis
1920 2782 2099 2847 enim
2137 2781 2429 2866 stupidos

479 2886 627 2930 esse
680 2872 939 2951 oportet
997 2867 1105 2949 qui
1174 2866 1453 2932 necdum
1511 2875 1696 2932 tanto
1753 2868 2001 2951 flagitio
2060 2878 2426 2933 moventur.

478 2951 760 3017 Miseros
822 2952 1059 3016 fratres
1126 2951 1344 3035 aliqua
1407 2952 1639 3018 salt-em
1706 2954 2143 3019 consolatione
2210 2954 2432 3019 levare

477 3058 805 3121 cuperem,
853 3047 927 3103 ut
969 3036 1410 3121 intelligerent
1447 3037 1728 3122 aliquam
1765 3037 1952 3105 nobis
1989 3041 2091 3106 sui
2128 3061 2267 3106 esse
2318 3062 2431 3108 cu-

478 3143 654 3187 ram:
723 3123 854 3189 nisi
913 3121 1082 3206 quod
1135 3124 1401 3208 ignotus
1454 3134 1555 3189 est
1613 3146 1839 3190 eorum
1899 3135 2110 3192 status
2165 3136 2431 3211 propter

477 3208 772 3274 locorum
818 3207 1227 3287 distantiam,
1289 3219 1353 3274 et
1397 3231 1515 3274 vos
1569 3209 1791 3276 sedulo
1833 3211 1935 3276 his
1979 3213 2278 3295 partibus
2323 3213 2427 3279 de-

479 3295 737 3360 functos
782 3315 924 3359 esse
970 3316 1102 3359 non
1149 3293 1387 3361 dubito.

653 3378 855 3457 Vale,
922 3382 1484 3463 praestantissime
1540 3383 1641 3447 vir
1707 3391 1774 3448 et
1838 3383 2003 3448 mihi
2063 3406 2145 3449 ex
2211 3387 2429 3453 animo

480 3464 750 3532 colende
810 3465 1027 3530 frater.
1119 3467 1445 3533 Dominus
1500 3475 1564 3532 te
1622 3477 1688 3533 et
1737 3469 2019 3555 collegas
2077 3491 2306 3556 regere
2363 3481 2429 3537 et

478 3552 649 3618 tueri
692 3563 943 3637 pergat,
1002 3561 1299 3619 sanctum
1341 3554 1552 3619 zelum
1599 3563 1891 3621 vestrum
1947 3557 2307 3635 benedicat,
2354 3565 2429 3623 ut

472 3658 593 3722 per
638 3659 759 3703 vos
803 3638 1167 3722 triumphet
1204 3639 1282 3704 de
1318 3640 1584 3726 perfidis
1626 3641 1770 3707 istis
1793 3641 2045 3720 Pilatis,
2093 3643 2223 3726 qui,
2269 3642 2426 3708 dum

473 3723 817 3808 flagellant
850 3723 1189 3790 Christum
1236 3734 1313 3790 ut
1357 3748 1396 3792 a
1435 3747 1625 3794 cruce
1670 3728 1985 3807 eximant,
2030 3730 2424 3813 gravitatem

471 3815 768 3879 vestram
811 3811 1053 3877 iniuste
1094 3819 1330 3877 notant
1372 3815 1819 3879 contumaciae
1864 3816 2145 3880 nomine.
2228 3816 2423 3881 Domi

474 3914 752 3959 uxorem
811 3916 1088 3979 generos
1147 3905 1213 3963 et
1272 3899 1438 3964 filios
1492 3898 1722 3966 saluta.
1828 3901 2140 3967 Genevae
2197 3900 2425 3969 Idibus

473 3977 770 4046 Ianuarii
825 3985 1005 4047 1555.

1382 4122 1672 4189 Ioannes
1713 4124 2034 4192 Calvinus
2080 4139 2249 4191 tuus.

1234 4467 1314 4476 ———
1327 4469 1637 4477 u--ffi—-ffl

1353 4772 1550 4843 2⁰83.

1020 4944 1423 5013 VIRE'PUS
1468 4944 1905 5011 GALVINO.

475 5112 975 5264 Μιξαᾱόοίαηι
993 5135 1181 5181 auum
1202 5116 1448 5198 profert
1482 5115 1558 5180 de
1581 5116 1772 5182 Lusci
1805 5117 2181 5200 confessione
2213 5140 2425 5188 sacra-

681 5219 806 5265 m.

752 5371 868 5437 (Ex
903 5371 1241 5443 autographo
1274 5371 1405 5427 Ood.
1441 5370 1643 5428 Genev.
1682 5372 1825 5427 111⁸,
1868 5375 1960 5430 fol.
1996 5375 2141 5444 109.)

1980 444 2506 513 EPISTOLAE
2547 449 2972 511 2082—2086

4356 450 4481 512 380

2704 633 2970 701 Eximio
2999 634 3151 702 Iesu
3177 634 3425 701 Ohristi
3461 656 3652 700 servo
3686 632 3922 700 Ioanni
3944 633 4224 701 Oalvino
4258 635 4480 701 Gene-

2536 720 2757 787 vensis
2800 720 3110 788 ecclesiae
3164 722 3412 805 pastori
3469 722 3655 787 fratri
3696 728 3766 787 et
3821 730 4227 806 symmystae
4271 719 4480 804 pluri-

2535 826 2717 872 mum
2762 805 3189 873 observando.

3976 891 4307 960 Genevae.

2705 1031 2777 1096 s.
2824 1030 3119 1096 Remitto
3149 1029 3231 1094 ad
3268 1038 3333 1094 to
3359 1028 3667 1112 Martyris
3700 1038 3767 1094 et
3789 1029 4124 1095 Almonis
4160 1028 4398 1095 literas.
4431 996 4481 1107 ·’)

2535 1116 2638 1181 De
2674 1116 3076 1182 confessione
3111 1116 3515 1189 filomini-9²)
3563 1116 3780 1180 nescio
3816 1137 3899 1180 an
3937 1124 4052 1179 tuo
4089 1114 4481 1198 praeiudicio

2521 1200 2823 1268 adducar
2866 1211 2943 1267 ut
2987 1202 3163 1266 idem
3206 1202 3490 1267 iudicem
3532 1200 3702 1284 quod
3746 1209 3835 1266 tu.
3926 1201 4152 1266 Metuo
4195 1222 4352 1267 sane
4397 1222 4483 1264 ne

2534 1309 2665 1353 non
2732 1287 3012 1353 multum
3077 1287 3274 1352 faciat
3339 1287 3420 1352 ad
3486 1286 3916 1353 concordiam.
4016 1287 4167 1352 Etsi
4232 1283 4487 1351 studuit

2533 1373 2855 1452 brevitati,
2922 1374 3136 1457 potuit
3201 1382 3420 1439 tamen
3488 1373 3561 1437 in
3624 1373 3811 1438 brevi
3877 1374 4277 1438 confessione
4341 1393 4484 1437 rem

2532 1467 2818 1526 tractare
2865 1461 3080 1524 minus
3134 1460 3352 1525 ieiune
3396 1466 3462 1523 et
3515 1457 3728 1539 aride,
3786 1468 3851 1524 et
3909 1458 4227 1523 rationem
4288 1466 4485 1540 atque

2531 1546 2820 1611 fructum
2869 1554 3134 1611 nostrae
3177 1564 3326 1610 cum
3364 1544 3632 1611 Christo
3675 1545 4154 1611 communionis
4200 1553 4266 1608 et
4309 1544 4483 1609 eius-

2534 1631 2683 1696 dem
2777 1631 3198 1698 exhibitionis
3302 1631 3559 1695 tradere
3657 1629 4072 1696 commodius.
4204 1630 4483 1695 Retinui

2533 1717 2870 1801 exemplar
2914 1728 3175 1782 tuarum
3221 1718 3559 1782 literarum
3604 1715 3687 1781 ad
3731 1717 4111 1783 Helveticas
4157 1726 4225 1780 et
4259 1717 4482 1781 Rhae-

2535 1805 2699 1870 ticas
2745 1804 3065 1879 ecclesias,
3088 1805 3144 1886 ⁸)
3190 1813 3266 1867 ut
3306 1803 3387 1868 ad
3416 1801 3740 1868 Farellum
3776 1803 4233 1867 transmittam.
4307 1801 4486 1882 Quia

2537 1911 2641 1954 me
2685 1887 2767 1953 ad
2811 1889 3052 1956 amieos
3097 1889 3470 1955 remittebas
3515 1889 3625 1971 qui
3671 1896 3820 1953 tuas
3865 1887 4025 1952 mihi
4074 1889 4294 1953 literas
4340 1886 4485 1953 red-

2537 1973 2873 2052 diderunt,
2932 1982 3345 2059 percontatus
3401 1997 3544 2039 sum
3602 1974 3681 2039 de
3736 1975 3817 2038 iis
3861 1995 4026 2057 quae
4082 1983 4336 2038 tantum
4383 1982 4484 2037 at-

2536 2062 2854 2145 tingebas.
2929 2060 3063 2127 Sed
3106 2063 3225 2126 vix
3268 2062 3451 2144 potui
3496 2059 3845 2144 quidquam
3893 2061 4052 2125 certi
4097 2060 4483 2143 intelligere,

2537 2148 2662 2213 nisi
2700 2147 2871 2230 quod
2908 2145 3127 2212 audivi
3172 2146 3417 2229 aliquid
3452 2146 3799 2211 deliberari
3849 2167 4044 2229 super
4079 2167 4158 2210 ea
4193 2166 4263 2210 re
4299 2146 4484 2211 cuius

2536 2254 2733 2299 causa
2777 2256 2946 2299 anno
3005 2233 3341 2315 superiore
3384 2233 3716 2299 consultae
3775 2242 3930 2298 sunt
3970 2232 4276 2298 ecclesiae
4322 2231 4484 2296 Hel-

2535 2319 2807 2395 veticae,
2854 2330 2919 2383 et
2954 2319 3128 2403 quod
3163 2318 3426 2400 quidam
3463 2317 3545 2384 de
3588 2317 3968 2383 consistorio
4006 2318 4222 2384 minus
4266 2328 4486 2383 essent

2534 2405 2890 2471 honorifice
2952 2404 3232 2488 loquuti,
3313 2403 3392 2468 de
3459 2404 3693 2487 quibus
3773 2404 3974 2469 eratis
4049 2405 4481 2486 conquesturi.

2534 2491 2771 2555 Nescio
2816 2511 2895 2555 an
2943 2490 3104 2556 haec
3151 2493 3285 2555 sint
3327 2511 3491 2573 quae
3549 2491 3967 2555 intellexeris.
4059 2490 4271 2555 Miror
4313 2489 4485 2572 quod

2536 2576 2757 2641 nullus
2803 2577 3017 2641 adhuc
3070 2576 3385 2641 librorum
3418 2582 3467 2654 ⁴)
3515 2598 3674 2660 quos
3732 2596 3957 2641 recens
4002 2576 4241 2642 curasti
4288 2597 4485 2640 excu-

2535 2662 2801 2737 dendos‚
2847 2664 3455 2746 interpretationem
3500 2660 3880 2729 concordiae
3924 2663 4355 2737 continentes,
4403 2662 4487 2725 ad

2536 2770 2654 2813 nos
2709 2769 2912 2832 usque
2968 2750 3360 2832 pervenerit.
3445 2749 3583 2813 Fac
3635 2749 3841 2833 igitur
3898 2756 3974 2812 ut
4028 2747 4110 2813 ad
4171 2769 4289 2812 nos
4333 2749 4485 2812 mit-

2535 2844 2778 2900 tantur.
2866 2835 3157 2900 Multum
3209 2833 3373 2899 mihi
3438 2834 3736 2900 laborare
3792 2834 4055 2899 videtur
4112 2834 4347 2899 Ala-sco
4412 2841 4487 2898 ut

2534 2942 2699 3003 quae
2766 2920 2882 2988 abs
2960 2930 3026 2986 te
3106 2920 3282 2987 dicta
3359 2932 3513 2986 sunt
3585 2919 3920 2987 commode
3996 2922 4483 3002 interpretetur.

2533 3007 2769 3072 Nescio
2825 3028 2912 3072 an
2968 3007 3129 3072 satis
3181 3006 3509 3091 intelligat
3566 3028 3789 3071 veram
3845 3007 4166 3071 rationem
4226 3018 4486 3072 nostrae

2534 3115 2683 3160 cum
2708 3092 2978 3160 Christo
3018 3115 3211 3159 verae
3245 3093 3868 3159 communicationis.
3932 3091 4263 3158 Videntur
4292 3113 4487 3176 quae-

2535 3177 2685 3245 dam
2728 3180 2810 3245 ab
2854 3199 2932 3244 eo
2970 3178 3141 3245 dicta
3176 3180 3361 3262 quasi
3406 3187 3584 3245 recta
3617 3188 3917 3264 peterent
3952 3179 4120 3262 quod
4167 3178 4490 3262 scripsisti

2534 3264 2615 3330 de
2662 3287 2816 3331 vera
2873 3266 3460 3332 communicatione
3505 3264 3754 3331 Christi
3809 3266 4211 3331 substantiae
4264 3262 4487 3329 nobis-

2533 3373 2705 3417 cum.
2793 3351 2938 3417 Nisi
2992 3350 3187 3417 valde
3244 3351 3436 3416 fallor
3488 3354 3699 3436 magis
3752 3350 4185 3418 commovebit
4226 3350 4489 3416 Luthe-

2533 3458 2762 3503 ranam
2808 3437 3229 3503 camarinam.
3299 3437 3553 3522 Martyr
3575 3436 3835 3503 videtur
3868 3437 4070 3502 etiam
4106 3435 4313 3501 multa
4347 3454 4489 3499 me-

2534 3530 2720 3588 tuere
2750 3525 2805 3603 ⁸)
2871 3544 3036 3607 quae
3102 3522 3263 3588 satis
3329 3523 3657 3606 explicata
3716 3531 3888 3589 sunt.
3992 3521 4126 3588 Sed
4185 3531 4489 3588 movetur

2533 3615 2803 3692 stupore
2860 3617 2929 3674 et
2985 3608 3347 3694 pertinacia
3403 3609 3948 3675 adversariorum.
4051 3607 4365 3673 Salutant
4422 3616 4488 3672 te

2532 3694 2696 3761 colle
2798 3746 2812 3773 ‚
2871 3694 3051 3761 Beza
3105 3705 3172 3759 et
3226 3695 3466 3761 caeteri
3524 3697 3780 3761 fratrea
3872 3693 4138 3761 Salutat
4188 3715 4360 3759 uxor
4417 3701 4488 3759 et

2531 3788 2671 3847 tota
2702 3780 2967 3848 familia.
3032 3781 3203 3846 Vale
3238 3782 3481 3865 optime
3525 3803 3601 3849 ac
3639 3781 4019 3848 diutissime.
4086 3781 4486 3847 Lausannae

2540 3873 2635 3934 15.
2682 3866 2974 3934 Ianuarii
3027 3873 3208 3932 1555.

3508 4005 3688 4071 Tuus
3731 4006 3974 4071 Petrus
4017 4002 4305 4069 Viretus.

2531 4278 2723 4361 2088..
2745 4279 2803 4343 1)
2840 4279 2879 4331 d
3002 4280 3163 4334 ditas.
3248 4279 3438 4336 Etiam
3489 4280 3718 4349 epistola
3775 4278 3999 4334 Calvina·
4044 4278 4122 4334 ad
4171 4294 4333 4350 quam
4392 4277 4487 4334 Mc

2530 4347 3239 4483 alludztgegonfmm
3281 4416 3348 4470 de
3392 4419 3764 4472 mnu-unione
3812 4416 4020 4472 carisa
4065 4433 4133 4471 m.
4172 4415 4333 4472 Maio
4362 4416 4486 4471 edi-

2531 4486 2690 4540 derat
2725 4484 2820 4549 (K
2988 4485 3275 4554 ,1.235),·
3320 4487 3447 4541 vide
3478 4487 3597 4542 ciue
3646 4503 3765 4556 epp.
3811 4486 3887 4540 ad
3927 4485 4116 4541 ducam
4162 4485 4488 4552 Bononiae,

2530 4557 2604 4608 ib.
2643 4555 2709 4610 11.
2746 4553 2843 4607 ⁰201
2883 4561 2935 4610 et
2968 4555 3126 4610 Bau·
3397 4557 3464 4609 11.
3501 4554 3605 4609 '103
3656 4558 3748 4611 cui
3796 4571 3915 4609 eam
3967 4570 4020 4609 a.
4056 4554 4112 4609 d.
4147 4554 4272 4609 111.
4327 4554 4486 4610 Non.

2537 4623 2652 4679 Oct.
2693 4622 2827 4677 1554
2862 4626 3028 4680 nisa't.
3084 4624 3221 4680 Vide
3255 4627 3478 4680 omnino
3514 4624 3770 4696 Kuypen‘
3793 4624 3977 4693 praes.
4015 4624 4092 4678 ad
4132 4622 4271 4693 Opp-
4307 4624 4491 4681 Lases·

2529 4693 2573 4747 Ι·
2613 4692 2796 4826 101’3)
2835 4761 2913 4817 ad
2950 4760 3337 4828 Besantionem
3366 4764 3769 4831 pertinentium.
3842 4761 3920 4816 cf.
3958 4762 4025 4815 N.
4060 4759 4215 4816 2080.

2736 4829 2798 4899 4)
2830 4832 3223 4900 exemplarium
3257 4833 3434 4901 {peaes
3469 4830 3844 4896 Defensionie.

2737 4899 4056 4970 minean'psaopo'emianupmlaudm

3318 5196 3725 5208 -———-—.
