4850 6200
347 414 456 481 521

1221 599 1415 671 21⁸⁰.

748 756 1232 827 SULZERUS
1278 756 1909 827 BULLINGERO.

511 926 597 995 In
637 931 1057 998 controversia
1098 932 1176 997 de
1227 933 1641 1000 sacramentis
1681 930 1807 997 sibi
1848 932 2299 1015 qualescumque

329 1021 551 1100 panes
592 1016 824 1099 deferri
864 1017 1248 1101 depreeatur.

341 1207 706 1289 (azur-ptum·
738 1223 806 1261 ex
840 1208 1180 1303 antoffnpho
1211 1209 1348 1262 Bibl.
1386 1209 1587 1291 divione
1602 1207 1907 1264 Turioensis
1945 1208 2096 1263 MSS.
2133 1209 2193 1264 F.
2210 1206 2297 1277 62,

634 1277 767 1330 olim
802 1276 943 1348 npp.
979 1274 1065 1343 Π,
1102 1278 1192 1331 fol.
1227 1276 1348 1332 468.
1387 1306 1449 1317 -
1488 1277 1700 1331 simler.
1738 1278 1856 1333 Vol.
1893 1275 2005 1334 84.)

345 1465 506 1532 Viro
561 1467 1130 1550 praestantissimo
1185 1467 1272 1534 D.
1330 1466 1695 1534 Heinrieho
1745 1468 2131 1553 Bullingero
2188 1465 2297 1532 do-

613 1552 794 1618 mino
831 1562 902 1617 et
944 1566 1347 1638 symmystae
1391 1553 1847 1621 colendissimo
1889 1574 2024 1621 suo.

345 1759 2293 1776 ----—-———-Q—--0--———

341 1812 444 1877 De
505 1810 759 1878 Gulosus·
814 1813 1026 1877 nostri
1084 1813 1337 1878 aotiouo
1392 1810 1566 1895 apud
1620 1811 1945 1877 Bernates
2002 1809 2296 1878 nondum

506 1899 614 1963 ovi
674 1918 842 1981 quae
906 1896 1110 1963 fuerit
1175 1898 1315 1963 eius
1374 1897 1810 1982 catastrophe.
1894 1895 1999 1964 De
2052 1919 2184 1981 qua
2239 1898 2297 1964 si

340 1983 493 2068 qmd
557 1983 765 2050 habes
828 2005 986 2068 rogo
1050 1984 1396 2068 signifioes.
1458 2020 1534 2032 —-—
1595 2022 1678 2033 —
1736 1982 1932 2066 Quod
1996 1984 2297 2068 symbola

341 2072 581 2136 attinet
623 2092 753 2137 non
789 2080 951 2154 puto
995 2079 1250 2136 tantam
1288 2092 1430 2136 esse
1468 2070 1803 2136 doctrinae
1847 2070 2298 2136 diversitatem

339 2160 514 2222 iuter
580 2178 701 2223 nos
764 2158 922 2240 quin
990 2160 1315 2241 possimus
1376 2156 1806 2223 christianam
1872 2158 1944 2221 in
2010 2157 2297 2222 Domino

339 2244 820 2309 &eternitatem
874 2245 1528 2326 ooniunotionemque
1571 2263 1977 2309 conservare.
2064 2242 2297 2326 Neque

340 2329 418 2394 de
461 2340 531 2395 te
576 2350 699 2413 ego
733 2329 1230 2412 ministerioque
1274 2339 1386 2394 tuo
1428 2338 1494 2394 et
1536 2329 1810 2395 eeclesia
1848 2349 1982 2393 non
2021 2327 2297 2395 oandide

339 2417 552 2481 sentio
595 2426 664 2481 et
721 2416 968 2498 loquor.
1058 2414 1220 2482 Colo
1265 2424 1330 2479 te
1373 2426 1449 2481 ut
1504 2417 1719 2480 virum
1767 2416 1913 2493 Dei,
1974 2436 2295 2501 organum

339 2502 597 2568 illustre
642 2512 709 2567 et
767 2503 1036 2567 fratrem
1084 2501 1533 2568 venerandum
1592 2502 1737 2567 sine
1791 2504 1958 2580 fuoo,
2018 2504 2189 2569 siout
2229 2508 2299 2567 et

341 2587 694 2666 CalvinW,
739 2590 880 2673 pios
924 2589 1275 2671 doctosque
1319 2609 1565 2653 omnes.
1647 2586 1781 2653 Sed
1826 2587 1999 2670 quod
2038 2588 2288 2671 impen-

340 2675 473 2739 sius
537 2673 859 2740 abhorreo
915 2674 998 2739 ab
1062 2674 1185 2740 hao
1251 2676 1698 2740 controversia
1762 2675 2030 2739 veniam
2089 2674 2294 2751 dabis,

339 2761 489 2845 quia
558 2761 1010 2845 experimento
1076 2760 1381 2826 didicisse
1444 2759 1608 2824 mihi
1674 2758 1899 2824 videor
1965 2760 2297 2825 humanae

337 2847 766 2913 faeculentiae
800 2847 1156 2930 plurimum
1195 2843 1468 2924 adferre,
1513 2867 1592 2913 ea
1627 2846 1966 2913 oooasione
2008 2847 2298 2911 incitatis

338 2933 688 3000 affectibus
747 2943 814 2998 et
866 2932 1195 2999 scandalis
1261 2933 1638 3015 perniciosis
1681 2952 1986 3015 oampum
2038 2933 2295 3016 aperiri.

339 3018 567 3102 Quare
601 3019 1015 3085 vacationem
1060 3018 1143 3083 ab
1185 3038 1264 3083 ea
1298 3019 1552 3097 militia,
1597 3020 1652 3083 si
1698 3019 1842 3083 fieri
1884 3028 2098 3102 queat,
2146 3039 2296 3084 oon-

337 3107 479 3172 oedi
525 3106 694 3171 mihi
738 3107 1015 3192 postulo,
1061 3107 1134 3171 in
1171 3106 1446 3171 caeteris
1481 3125 1601 3170 neo
1638 3104 1928 3171 laborem
1964 3127 2086 3171 neo
2121 3106 2294 3189 peri-

335 3193 559 3258 eulum
626 3204 1063 3259 recusaturus.
1820 3190 2121 3258 Basileae
2190 3195 2293 3257 23.

337 3277 566 3344 Martii
621 3283 801 3343 1555.

1134 3227 1748 3240 —ae——u

1659 3416 1735 3481 Τ.
1786 3413 2121 3483 Suloerus.

1231 4032 1413 4104 21⁸1.

828 4187 1330 4258 FARELLUS
1374 4186 1812 4257 CALVINO.

517 4357 654 4430 Pro
711 4360 971 4430 Calvino
1033 4364 1352 4447 facturum
1404 4382 1470 4428 se
1532 4366 1795 4429 testatur

328 4448 898 4619 &zm-n.
993 4445 1324 4515 scalmum
1385 4449 1747 4533 misatur
1850 4450 1862 4463 ‘

826 4555 946 4600 non
979 4533 1166 4618 plene
1202 4533 1488 4618 probare.

333 4722 444 4791 <¹¹
482 4724 1219 4864 mamm
1260 4721 1811 4863 wesema
1847 4741 1971 4777 w
2005 4722 2139 4860 εἷς·

1955 4364 1968 4376 “
2095 4361 2299 4430 ideo

1979 4453 2298 4515 mooatra

513 4981 769 5049 Christi
804 5002 997 5049 servo
1030 5002 1228 5066 quam
1269 4982 1832 5065 praestantissimo
1876 4980 2114 5048 Ioanni
2148 4981 2299 5048 Cal-

340 5051 496 5142 vino
546 5068 796 5152 pastori
851 5067 1163 5135 ecelesiae
1208 5067 1641 5145 Genevensis,
1697 5067 1804 5135 oui
1860 5074 1938 5131 ut
1990 5067 2297 5134 infensis-

341 5155 495 5222 simi
538 5165 698 5221 sunt·
747 5175 975 5221 omnes
1027 5151 1309 5238 improbi
1367 5153 1464 5219 ita
1518 5152 1875 5220 observant
1917 5173 2145 5221 omnes
2182 5153 2297 5238 pii,

337 5240 533 5308 tratri
576 5249 646 5308 et
689 5249 1095 5326 symmystae
1138 5260 1337 5325 quam
1382 5239 1734 5306 oarissimo.

1790 5341 2125 5410 Gonane.

2108 418 2270 482 1555
2309 409 2595 483 MART.

4224 420 4353 484 522

2572 600 2830 677 Essem,
2897 609 2974 668 ut
3014 599 3272 681 dieitur,
3333 623 3417 669 ex
3463 624 3709 689 qnerou
3762 612 3879 671 aut
3919 609 4110 689 petra
4151 607 4354 672 etiam

2400 685 2773 766 durissima,
2830 687 2889 754 si
2930 686 3116 755 nullo
3171 688 3244 752 iu
3286 697 3354 755 te
3394 686 3667 757 ducerer
3711 690 3979 758 affectu:
4039 690 4155 757 sed
4201 694 4354 776 quis

2401 772 2666 838 demum
2710 781 2783 839 et
2822 793 2950 858 quo
3006 774 3076 839 in
3131 774 3270 841 looo
3330 772 3687 853 habendus,
3744 777 3800 843 si
3844 776 4097 842 Christi
4151 799 4355 845 oausa

2399 878 2509 923 ms
2542 879 2677 924 non
2711 867 3141 943 permoveret,
3179 880 3374 943 quam
3408 860 3835 945 perditissimi
3869 862 3982 929 isti
4010 864 4109 928 tui
4132 864 4354 930 hostes

2399 953 2699 1010 evertere
2740 943 3027 1011 student.
3113 946 3433 1012 Gratulor
3488 948 3694 1013 initiis
3738 955 3874 1014 tam
3924 950 4172 1032 asperis
4216 972 4355 1015 non

2398 1030 2574 1095 male
2630 1030 2903 1096 taudem
2953 1033 3244 1099 osssisse.
3330 1031 3539 1098 Dabit
3594 1034 3922 1101 Dominus
3980 1054 4354 1102 suooessum

2399 1131 2469 1181 et
2522 1118 2773 1183 exitum
2826 1115 3105 1184 felioem.
3191 1117 3481 1185 Multum
3524 1139 3633 1185 me
3690 1141 3949 1187 reoreas
3993 1119 4166 1205 quod
4220 1122 4351 1187 ool-

2399 1201 2586 1287 legae
2620 1202 2935 1286 profestio
2970 1206 3020 1282 ¹)
3060 1224 3182 1270 neo
3216 1205 3480 1290 ingrata
3513 1226 3637 1272 neo
3680 1206 3935 1271 inutilis
3977 1207 4191 1273 fuerit.
4259 1209 4354 1273 Et

2398 1296 2620 1354 tamen
2666 1287 2748 1354 de
2789 1296 2855 1353 te
2897 1308 3041 1359 non.
3076 1310 3343 1373 possum
3387 1312 3518 1356 non
3572 1293 3757 1374 queri
3815 1292 3987 1381 quod
4048 1314 4167 1359 nos
4219 1315 4352 1363 non

2399 1373 2603 1472 halies
2664 1373 2794 1440 alio
2856 1374 3016 1454 looo,
3076 1376 3390 1441 nimirum
3436 1394 3512 1441 ut
3575 1377 3842 1456 indices,
3908 1378 4040 1443 imo
4103 1379 4351 1459 iubeas,

2397 1459 2553 1542 quid
2614 1480 2809 1544 agere
2853 1457 3222 1528 debeamus.
3310 1461 3482 1527 Nam
3526 1460 3851 1547 duplicem
3898 1464 4018 1531 tibi
4075 1464 4350 1531 habere-

2397 1566 2547 1611 mus
2590 1548 2891 1631 gratiam,
2936 1556 3005 1611 et
3039 1545 3212 1630 quod
3256 1546 3526 1615 duoeres
3570 1558 3864 1615 nostram
3899 1570 4165 1634 operam
4210 1548 4348 1629 tibi,

2397 1634 2530 1732 imo
2596 1652 2832 1732 causae
2895 1630 3177 1712 Christi,
3244 1654 3377 1699 non
3443 1635 3783 1735 inutilem&
3835 1644 3901 1701 et
3965 1634 4140 1718 quod
4202 1657 4351 1703 eam

2398 1735 2645 1903 &igin
2666 1717 3839 1890 lffiipgrtssoeaggotgrffiigtqteigduggffiass
3862 1721 4199 1873 idgggltlrgs
4207 1744 4351 1874 elsnsg

2399 1888 2782 1956 iudiearunt
2845 1900 2914 1955 et
2977 1890 3342 1976 adegerunt
3404 1900 3480 1957 ut
3543 1914 3776 1959 oausae
3836 1902 3991 1958 tuae
4054 1893 4351 1961 adessem

2400 1974 2575 2058 quod
2640 1976 2787 2059 plus
2848 1997 3047 2058 quam
3114 1988 3346 2062 sponte
3405 1999 3587 2043 eram
3652 1980 3958 2045 faoturus.
4047 1978 4184 2047 Sed
4226 2000 4351 2065 ego

2400 2060 2577 2126 solus
2620 2081 2764 2128 esse
2804 2061 2973 2141 nolo,
3029 2074 3108 2129 ut
3163 2084 3365 2146 quum
3410 2065 3649 2130 bonam
3697 2086 3959 2149 operam
4006 2066 4353 2132 navaverit

2399 2147 2653 2232 oonega
2708 2148 2889 2214 huno
2943 2158 3093 2232 peto
3148 2159 3226 2213 ut
3281 2171 3538 2216 mecum
3594 2152 3839 2217 veniat.
3944 2151 4159 2217 'I'uum
4220 2154 4352 2217 erit

2399 2232 2661 2299 difinire
2682 2236 2718 2273 ⁴⁸
2761 2255 2845 2299 an
2895 2235 3195 2319 iniquum
3232 2246 3453 2319 petam
3500 2258 3582 2302 an
3629 2236 3805 2301 non?

2569 2320 2716 2404 Ego
2781 2321 2964 2387 lusus
3029 2322 3129 2387 tui
3197 2332 3262 2384 et
3333 2322 3532 2387 Vireti
3595 2344 3711 2387 exs
3833 2324 4147 2387 tationem
4215 2346 4349 2388 non

2399 2426 2631 2487 parum
2699 2407 2935 2471 anxius
2992 2407 3073 2472 de
3128 2343 3848 2493 Mombelgardensffics
3876 2413 3935 2488 ²)
3990 2409 4350 2474 collaturus

2399 2512 2578 2557 eram
2636 2513 2783 2557 oum
2843 2514 2888 2557 u
3040 2514 3149 2569 ue,
3204 2493 3318 2559 sed
3377 2495 3547 2578 quod
3606 2493 3832 2559 datum
3889 2513 4020 2558 non
4074 2496 4196 2561 fuit
4241 2496 4350 2560 vel

2398 2577 2658 2643 Bernae
2828 2600 2911 2643 m.
3118 2589 3186 2643 to
3230 2590 3295 2643 te
3341 2579 3587 2663 aliquid
3629 2579 4031 2646 intellexisse
4077 2580 4156 2645 de
4204 2580 4350 2647 Sul-

2397 2682 2548 2739 eer0‚
2594 2684 2719 2747 quo
2799 2686 2931 2730 non
2964 2664 3157 2749 plene
3195 2667 3428 2750 probet
3469 2685 3637 2748 quae
3682 2664 4052 2748 respondes,
4097 2674 4172 2730 nt
4214 2686 4350 2732 non

2397 2758 2615 2834 potest
2655 2749 3015 2816 fanaticum
3039 2750 3445 2817 Ioaohimam.
3472 2755 3525 2823 ³)
3593 2750 3954 2817 Blamerus
3994 2755 4348 2835 rogaturus

2399 2844 2542 2900 erat
2584 2834 2739 2919 quid
2796 2844 2968 2902 esset
3022 2836 3191 2920 quod
3246 2858 3398 2903 eum
3442 2836 3613 2903 male
3654 2837 3942 2916 haberet,
3993 2836 4350 2919 Stephanus

2400 2930 2613 2986 artem
2655 2920 2943 3005 aliquam
2995 2923 3283 2989 ediscere
3325 2923 3471 2989 vult
3528 2944 3657 3006 qua
3701 2932 3943 2989 utatur.
4033 2923 4200 2988 Eius
4241 2924 4347 2987 in-

2399 3007 2699 3072 stitutum
2745 3009 3113 3161 imgrobare
3152 3030 3283 3074 uon
3326 3030 3607 3093 possum.
3677 3008 3856 3093 Opto
3900 3010 3959 3074 ei
3984 3008 4346 3074 Dominum

2398 3093 2737 3160 fautorem.
2891 3116 2974 3161 on
3030 3096 3370 3163 censebam
3430 3109 3565 3161 tam
3623 3097 3751 3162 oito
3809 3094 4137 3160 abiturum
4154 3147 4169 3174 ‚
4230 3094 4348 3160 sed

2399 3179 2583 3246 uolui
2626 3180 2696 3245 in
2733 3201 2919 3247 mora
2962 3182 3024 3246 ei
3064 3203 3207 3248 esse
3240 3185 3402 3267 quin
3438 3183 3605 3248 beno
3650 3184 3754 3247 sit.
3842 3179 4151 3247 Christus
4192 3203 4348 3247 eum
4428 3249 4441 3254 ,

2398 3277 2590 3350 regat
2631 3287 2749 3333 suo
2793 3288 3050 3351 semper
3093 3290 3124 3334 s
3171 3269 3347 3334 iritu.
3450 3267 3617 3333 Vale
3660 3269 3828 3334 bene
3870 3277 3940 3333 et
3982 3267 4346 3333 diutissime

2400 3350 2573 3436 quod
2626 3352 2788 3419 faois
2840 3354 3042 3421 effioe.
3179 3351 3426 3420 hristus
3480 3354 3793 3422 seoundet
3835 3354 4058 3418 omnia
4114 3354 4233 3419 tibi
4279 3360 4347 3416 et

2400 3436 2697 3522 collegis,
2806 3459 2927 3504 uos
2989 3438 3208 3506 salvos
3269 3449 3424 3524 opto
3486 3461 3639 3506 oum
3703 3439 3975 3524 reliquis
4037 3440 4163 3522 piis
4177 3492 4192 3517 ,
4260 3461 4347 3504 ne

2399 3524 2690 3603 fiatrem,
2828 3525 3245 3604 ormandimn,
3313 3525 3609 3591 Budaeos
3687 3535 3755 3590 et
3830 3524 3991 3590 alios
4072 3533 4342 3590 taoeam.

2399 3608 2672 3694 Collega
2714 3620 2780 3676 te
2823 3610 3083 3676 salutat.
3171 3610 3480 3678 Neooomi
3529 3615 3628 3675 24.
3674 3610 3903 3676 Martii
3947 3612 4129 3674 1555.

3102 3747 3282 3815 Tuus
3327 3747 3633 3814 Farellus
3675 3768 3759 3812 ex
3804 3747 4021 3811 animo
4066 3752 4260 3813 totus.

3374 4042 3487 4049 -.—..-·

3276 4258 3476 4329 2162.

2918 4395 3323 4464 VIRE'PUS
3368 4395 3828 4464 FARELLO.

2834 4575 2907 4636 ut
2963 4568 3246 4634 Bou-nam
3299 4588 3365 4632 se
3417 4568 3694 4651 emiserat
3748 4573 3820 4633 nd
3872 4568 4041 4632 adsit
4094 4568 4345 4651 quando

2398 4675 2596 4722 amosa
2813 4657 2825 4669 '
2884 4657 2896 4669 ‘
2939 4661 3154 4722 contra
3195 4655 3595 4720 adversarios
3636 4658 3869 4737 aydar.

2396 4827 2511 4893 (Ex
2557 4826 2894 4898 autographo
2940 4826 3085 4881 Bibl.
3118 4830 3399 4949 ἴδιοι-ἐξω
3427 4824 3896 4958 §offundam
3970 4823 4105 4893 Epp.
4158 4823 4341 4878 Vhou

2397 5150 3237 5291 mmmm
3254 5148 3776 5276 eam
3801 5153 3993 5208 w*
4010 5148 4345 5210 mm·-

2604 5358 2661 5424 s)
2696 5289 3524 5425 m.”ff31'2⁸1.m⁸⁸⁸
