<?xml version="1.0" encoding="UTF-8"?>
<!DOCTYPE html PUBLIC "-//W3C//DTD XHTML 1.0 Transitional//EN"
    "http://www.w3.org/TR/xhtml1/DTD/xhtml1-transitional.dtd">
<html xmlns="http://www.w3.org/1999/xhtml" xml:lang="en" lang="en">
 <head>
  <title>
</title>
<meta http-equiv="Content-Type" content="text/html;charset=utf-8" />
  <meta name='ocr-system' content='tesseract 3.04.00' />
  <meta name='ocr-capabilities' content='ocr_page ocr_carea ocr_par ocr_line ocrx_word'/>
</head>
<body>
  <div class='ocr_page' id='page_1' title='image "./ioanniscalvinio09unkngoog_0098.png"; bbox 0 0 4850 6200; ppageno 0'>
   <div class='ocr_carea' id='block_1_1' title="bbox 520 394 634 457">
    <p class='ocr_par' dir='ltr' id='par_1_1' title="bbox 520 394 634 457">
     <span class='ocr_line' id='line_1_1' title="bbox 520 394 634 457; baseline -0.018 0"><span class='ocrx_word' id='word_1_1' title='bbox 520 394 634 457; x_wconf 82' lang='lat'><strong>191</strong></span> 
     </span>
    </p>
   </div>
   <div class='ocr_carea' id='block_1_2' title="bbox 493 575 2464 1006">
    <p class='ocr_par' dir='ltr' id='par_1_2' title="bbox 493 575 2464 1006">
     <span class='ocr_line' id='line_1_2' title="bbox 493 575 2462 667; baseline -0.003 -20"><span class='ocrx_word' id='word_1_2' title='bbox 493 582 860 667; x_wconf 67' lang='lat' dir='ltr'><strong>,burgensis</strong></span> <span class='ocrx_word' id='word_1_3' title='bbox 902 581 1183 665; x_wconf 86' lang='lat' dir='ltr'><strong>pastoris</strong></span> <span class='ocrx_word' id='word_1_4' title='bbox 1235 575 1646 661; x_wconf 85' lang='lat' dir='ltr'><strong>respondere.</strong></span> <span class='ocrx_word' id='word_1_5' title='bbox 1736 578 1887 644; x_wconf 89' lang='lat' dir='ltr'><strong>Non</strong></span> <span class='ocrx_word' id='word_1_6' title='bbox 1940 577 2154 645; x_wconf 87' lang='lat' dir='ltr'><strong>credis</strong></span> <span class='ocrx_word' id='word_1_7' title='bbox 2211 584 2287 643; x_wconf 87' lang='lat' dir='ltr'><strong>ut</strong></span> <span class='ocrx_word' id='word_1_8' title='bbox 2339 578 2462 643; x_wconf 91' lang='lat' dir='ltr'><strong>sub</strong></span> 
     </span>
     <span class='ocr_line' id='line_1_3' title="bbox 513 662 2462 748; baseline -0.004 -13"><span class='ocrx_word' id='word_1_9' title='bbox 513 670 640 736; x_wconf 86' lang='lat' dir='ltr'><strong>hae</strong></span> <span class='ocrx_word' id='word_1_10' title='bbox 683 666 887 733; x_wconf 90' lang='lat' dir='ltr'><strong>herba</strong></span> <span class='ocrx_word' id='word_1_11' title='bbox 927 667 1172 731; x_wconf 88' lang='lat' dir='ltr'><strong>lateant</strong></span> <span class='ocrx_word' id='word_1_12' title='bbox 1211 664 1406 729; x_wconf 89' lang='lat' dir='ltr'><strong>multi</strong></span> <span class='ocrx_word' id='word_1_13' title='bbox 1450 670 1804 748; x_wconf 78' lang='lat' dir='ltr'><strong>serpentes.</strong></span> <span class='ocrx_word' id='word_1_14' title='bbox 1893 662 2221 731; x_wconf 78' lang='lat' dir='ltr'>Dominus</span> <span class='ocrx_word' id='word_1_15' title='bbox 2273 662 2462 741; x_wconf 81' lang='lat' dir='ltr'><strong>faxit,</strong></span> 
     </span>
     <span class='ocr_line' id='line_1_4' title="bbox 513 750 2464 820; baseline -0.004 0"><span class='ocrx_word' id='word_1_16' title='bbox 513 766 594 820; x_wconf 88' lang='lat' dir='ltr'><strong>ut</strong></span> <span class='ocrx_word' id='word_1_17' title='bbox 635 752 900 819; x_wconf 83' lang='lat' dir='ltr'><strong>tandem</strong></span> <span class='ocrx_word' id='word_1_18' title='bbox 943 750 1280 817; x_wconf 79' lang='lat' dir='ltr'><strong>debellatis</strong></span> <span class='ocrx_word' id='word_1_19' title='bbox 1321 758 1421 814; x_wconf 90' lang='lat' dir='ltr'><strong>tot</strong></span> <span class='ocrx_word' id='word_1_20' title='bbox 1464 752 1774 816; x_wconf 83' lang='lat' dir='ltr'><strong>monstris</strong></span> <span class='ocrx_word' id='word_1_21' title='bbox 1828 760 2153 815; x_wconf 87' lang='lat' dir='ltr'><strong>sectarum</strong></span> <span class='ocrx_word' id='word_1_22' title='bbox 2197 757 2268 815; x_wconf 91' lang='lat' dir='ltr'><strong>et</strong></span> <span class='ocrx_word' id='word_1_23' title='bbox 2307 770 2464 815; x_wconf 90' lang='lat' dir='ltr'><strong>con-</strong></span> 
     </span>
     <span class='ocr_line' id='line_1_5' title="bbox 511 834 2462 920; baseline -0.003 -14"><span class='ocrx_word' id='word_1_24' title='bbox 511 840 935 906; x_wconf 80' lang='lat' dir='ltr'><strong>fusanearum</strong></span> <span class='ocrx_word' id='word_1_25' title='bbox 1001 837 1385 920; x_wconf 86' lang='lat' dir='ltr'>opinionum</span> <span class='ocrx_word' id='word_1_26' title='bbox 1458 834 1542 901; x_wconf 92' lang='lat' dir='ltr'><strong>de</strong></span> <span class='ocrx_word' id='word_1_27' title='bbox 1612 857 1744 902; x_wconf 91' lang='lat' dir='ltr'><strong>non</strong></span> <span class='ocrx_word' id='word_1_28' title='bbox 1815 835 2069 902; x_wconf 85' lang='lat' dir='ltr'><strong>levibus</strong></span> <span class='ocrx_word' id='word_1_29' title='bbox 2146 834 2462 913; x_wconf 88' lang='lat' dir='ltr'><strong>articulis,</strong></span> 
     </span>
     <span class='ocr_line' id='line_1_6' title="bbox 515 922 2002 1006; baseline -0.004 -14"><span class='ocrx_word' id='word_1_30' title='bbox 515 926 693 992; x_wconf 89' lang='lat' dir='ltr'><strong>idem</strong></span> <span class='ocrx_word' id='word_1_31' title='bbox 734 945 864 1001; x_wconf 88' lang='lat' dir='ltr'><strong>ore,</strong></span> <span class='ocrx_word' id='word_1_32' title='bbox 907 922 1101 991; x_wconf 88' lang='lat' dir='ltr'><strong>eorde</strong></span> <span class='ocrx_word' id='word_1_33' title='bbox 1144 931 1213 987; x_wconf 92' lang='lat' dir='ltr'><strong>et</strong></span> <span class='ocrx_word' id='word_1_34' title='bbox 1250 923 1500 988; x_wconf 87' lang='lat' dir='ltr'><strong>calamo</strong></span> <span class='ocrx_word' id='word_1_35' title='bbox 1543 923 1920 988; x_wconf 78' lang='lat' dir='ltr'><strong>sentiamus.</strong></span> <span class='ocrx_word' id='word_1_36' title='bbox 1950 922 2002 1006; x_wconf 91' lang='lat'><strong>¹)</strong></span> 
     </span>
    </p>
   </div>
   <div class='ocr_carea' id='block_1_3' title="bbox 516 1043 2457 1061">
    <p class='ocr_par' dir='ltr' id='par_1_3' title="bbox 516 1043 2457 1061">
     <span class='ocr_line' id='line_1_7' title="bbox 516 1043 2457 1061; baseline -0.003 -2"><span class='ocrx_word' id='word_1_37' title='bbox 516 1043 2457 1061; x_wconf 63' lang='lat'>-——-—--——-——————-</span> 
     </span>
    </p>
   </div>
   <div class='ocr_carea' id='block_1_4' title="bbox 1339 1305 1706 1315">
    <p class='ocr_par' dir='ltr' id='par_1_4' title="bbox 1339 1305 1706 1315">
     <span class='ocr_line' id='line_1_8' title="bbox 1339 1305 1706 1315; baseline -0.011 0"><span class='ocrx_word' id='word_1_38' title='bbox 1339 1309 1422 1315; x_wconf 41' lang='lat' dir='ltr'><strong>..q—„-</strong></span> <span class='ocrx_word' id='word_1_39' title='bbox 1451 1308 1546 1315; x_wconf 43' lang='grc' dir='ltr'>Ω...-</span> <span class='ocrx_word' id='word_1_40' title='bbox 1593 1305 1706 1312; x_wconf 49' lang='grc' dir='ltr'><strong>*ι’-</strong></span> 
     </span>
    </p>
   </div>
   <div class='ocr_carea' id='block_1_5' title="bbox 839 1518 2129 1735">
    <p class='ocr_par' dir='ltr' id='par_1_5' title="bbox 839 1518 2129 1735">
     <span class='ocr_line' id='line_1_9' title="bbox 1397 1518 1582 1588; baseline -0.011 -2"><span class='ocrx_word' id='word_1_41' title='bbox 1397 1518 1582 1588; x_wconf 75' lang='lat'><strong>1987.</strong></span> 
     </span>
     <span class='ocr_line' id='line_1_10' title="bbox 839 1656 2129 1735; baseline -0.003 -11"><span class='ocrx_word' id='word_1_42' title='bbox 839 1656 1369 1724; x_wconf 70' lang='lat' dir='ltr'>BERTLINUS</span> <span class='ocrx_word' id='word_1_43' title='bbox 1399 1660 1449 1735; x_wconf 83' lang='lat'><strong>¹)</strong></span> <span class='ocrx_word' id='word_1_44' title='bbox 1496 1656 2129 1724; x_wconf 83' lang='lat' dir='ltr'><strong>BULLINGERO.</strong></span> 
     </span>
    </p>
   </div>
   <div class='ocr_carea' id='block_1_6' title="bbox 511 1828 2468 2262">
    <p class='ocr_par' dir='ltr' id='par_1_6' title="bbox 511 1828 2468 2262">
     <span class='ocr_line' id='line_1_11' title="bbox 695 1828 2468 1911; baseline -0.003 -12"><span class='ocrx_word' id='word_1_45' title='bbox 695 1833 960 1899; x_wconf 75' lang='lat' dir='ltr'><strong>Gratias</strong></span> <span class='ocrx_word' id='word_1_46' title='bbox 1015 1832 1144 1911; x_wconf 63' lang='lat' dir='ltr'><strong>ecit</strong></span> <span class='ocrx_word' id='word_1_47' title='bbox 1202 1832 1262 1894; x_wconf 75' lang='lat' dir='ltr'><strong>ei</strong></span> <span class='ocrx_word' id='word_1_48' title='bbox 1311 1831 1385 1894; x_wconf 80' lang='lat' dir='ltr'><strong>de</strong></span> <span class='ocrx_word' id='word_1_49' title='bbox 1443 1850 1683 1910; x_wconf 72' lang='lat' dir='ltr'><strong>nupera</strong></span> <span class='ocrx_word' id='word_1_50' title='bbox 1725 1831 1861 1895; x_wconf 78' lang='lat' dir='ltr'><strong>eius</strong></span> <span class='ocrx_word' id='word_1_51' title='bbox 1907 1828 2183 1911; x_wconf 71' lang='lat' dir='ltr'><strong>epistola,</strong></span> <span class='ocrx_word' id='word_1_52' title='bbox 2248 1828 2468 1893; x_wconf 81' lang='lat' dir='ltr'><strong>laudat</strong></span> 
     </span>
     <span class='ocr_line' id='line_1_12' title="bbox 521 1914 2462 1996; baseline -0.004 -11"><span class='ocrx_word' id='word_1_53' title='bbox 521 1920 957 1986; x_wconf 70' lang='lat' dir='ltr'><strong>Turicensium</strong></span> <span class='ocrx_word' id='word_1_54' title='bbox 999 1917 1234 1996; x_wconf 78' lang='lat' dir='ltr'><strong>scripta</strong></span> <span class='ocrx_word' id='word_1_55' title='bbox 1278 1922 1487 1980; x_wconf 78' lang='lat' dir='ltr'><strong>contra</strong></span> <span class='ocrx_word' id='word_1_56' title='bbox 1510 1916 1853 1980; x_wconf 79' lang='lat' dir='ltr'><strong>Lutleerum</strong></span> <span class='ocrx_word' id='word_1_57' title='bbox 1897 1920 1950 1979; x_wconf 74' lang='lat' dir='ltr'><strong>et</strong></span> <span class='ocrx_word' id='word_1_58' title='bbox 1977 1914 2462 1989; x_wconf 72' lang='lat' dir='ltr'><strong>Lutherelatras,</strong></span> 
     </span>
     <span class='ocr_line' id='line_1_13' title="bbox 511 2001 2466 2091; baseline -0.005 -19"><span class='ocrx_word' id='word_1_59' title='bbox 511 2006 740 2091; x_wconf 74' lang='lat' dir='ltr'><strong>yaudet</strong></span> <span class='ocrx_word' id='word_1_60' title='bbox 782 2010 837 2067; x_wconf 79' lang='lat' dir='ltr'><strong>et</strong></span> <span class='ocrx_word' id='word_1_61' title='bbox 887 2002 1218 2069; x_wconf 65' lang='lat' dir='ltr'><strong>Calvinum</strong></span> <span class='ocrx_word' id='word_1_62' title='bbox 1261 2004 1332 2065; x_wconf 77' lang='lat' dir='ltr'><strong>in</strong></span> <span class='ocrx_word' id='word_1_63' title='bbox 1373 2022 1632 2066; x_wconf 77' lang='lat' dir='ltr'><strong>arenam</strong></span> <span class='ocrx_word' id='word_1_64' title='bbox 1675 2003 2052 2079; x_wconf 77' lang='lat' dir='ltr'><strong>descendere,</strong></span> <span class='ocrx_word' id='word_1_65' title='bbox 2110 2005 2164 2065; x_wconf 78' lang='lat' dir='ltr'><strong>et</strong></span> <span class='ocrx_word' id='word_1_66' title='bbox 2197 2001 2353 2082; x_wconf 77' lang='lat' dir='ltr'><strong>petit</strong></span> <span class='ocrx_word' id='word_1_67' title='bbox 2394 2006 2466 2064; x_wconf 78' lang='lat' dir='ltr'><strong>ut</strong></span> 
     </span>
     <span class='ocr_line' id='line_1_14' title="bbox 516 2086 2466 2168; baseline -0.004 -11"><span class='ocrx_word' id='word_1_68' title='bbox 516 2092 642 2157; x_wconf 67' lang='lat' dir='ltr'><strong>sibi</strong></span> <span class='ocrx_word' id='word_1_69' title='bbox 696 2090 1213 2157; x_wconf 74' lang='lat' dir='ltr'><strong>communicentur</strong></span> <span class='ocrx_word' id='word_1_70' title='bbox 1285 2108 1444 2168; x_wconf 78' lang='lat' dir='ltr'><strong>quae</strong></span> <span class='ocrx_word' id='word_1_71' title='bbox 1506 2088 1580 2151; x_wconf 77' lang='lat' dir='ltr'><strong>de</strong></span> <span class='ocrx_word' id='word_1_72' title='bbox 1639 2088 1850 2153; x_wconf 81' lang='lat' dir='ltr'><strong>eadem</strong></span> <span class='ocrx_word' id='word_1_73' title='bbox 1901 2109 1971 2153; x_wconf 80' lang='lat' dir='ltr'><strong>re</strong></span> <span class='ocrx_word' id='word_1_74' title='bbox 2035 2107 2236 2167; x_wconf 74' lang='lat' dir='ltr'><strong>nuper</strong></span> <span class='ocrx_word' id='word_1_75' title='bbox 2292 2086 2466 2168; x_wconf 79' lang='lat' dir='ltr'><strong>apud</strong></span> 
     </span>
     <span class='ocr_line' id='line_1_15' title="bbox 517 2175 1421 2262; baseline -0.007 -18"><span class='ocrx_word' id='word_1_76' title='bbox 517 2178 763 2262; x_wconf 76' lang='lat' dir='ltr'><strong>Anylos</strong></span> <span class='ocrx_word' id='word_1_77' title='bbox 804 2180 1069 2241; x_wconf 74' lang='lat' dir='ltr'><strong>tractata</strong></span> <span class='ocrx_word' id='word_1_78' title='bbox 1111 2175 1421 2240; x_wconf 81' lang='lat' dir='ltr'><strong>dicuntur.</strong></span> 
     </span>
    </p>
   </div>
   <div class='ocr_carea' id='block_1_7' title="bbox 520 2343 2465 2484">
    <p class='ocr_par' dir='ltr' id='par_1_7' title="bbox 520 2343 2465 2484">
     <span class='ocr_line' id='line_1_16' title="bbox 520 2343 2465 2417; baseline -0.004 -14"><span class='ocrx_word' id='word_1_79' title='bbox 520 2349 627 2413; x_wconf 78' lang='lat' dir='ltr'><strong>(Ex</strong></span> <span class='ocrx_word' id='word_1_80' title='bbox 675 2347 1010 2417; x_wconf 81' lang='lat' dir='ltr'><strong>autographo</strong></span> <span class='ocrx_word' id='word_1_81' title='bbox 1053 2346 1218 2401; x_wconf 87' lang='lat' dir='ltr'><strong>Areh.</strong></span> <span class='ocrx_word' id='word_1_82' title='bbox 1264 2346 1438 2398; x_wconf 76' lang='lat' dir='ltr'><strong>Tui-ic.</strong></span> <span class='ocrx_word' id='word_1_83' title='bbox 1487 2346 1632 2398; x_wconf 88' lang='lat' dir='ltr'><strong>Plut.</strong></span> <span class='ocrx_word' id='word_1_84' title='bbox 1673 2344 1772 2398; x_wconf 88' lang='lat' dir='ltr'><strong>VI.</strong></span> <span class='ocrx_word' id='word_1_85' title='bbox 1809 2346 1927 2399; x_wconf 84' lang='lat' dir='ltr'><strong>Vel.</strong></span> <span class='ocrx_word' id='word_1_86' title='bbox 1967 2343 2093 2397; x_wconf 72' lang='lat'><strong>117⁸</strong></span> <span class='ocrx_word' id='word_1_87' title='bbox 2127 2345 2256 2398; x_wconf 89' lang='lat' dir='ltr'><strong>elim</strong></span> <span class='ocrx_word' id='word_1_88' title='bbox 2292 2344 2465 2397; x_wconf 88' lang='lat' dir='ltr'><strong>Scrin.</strong></span> 
     </span>
     <span class='ocr_line' id='line_1_17' title="bbox 775 2412 2191 2484; baseline -0.004 -13"><span class='ocrx_word' id='word_1_89' title='bbox 775 2416 830 2471; x_wconf 91' lang='lat' dir='ltr'><strong>C.</strong></span> <span class='ocrx_word' id='word_1_90' title='bbox 868 2417 1004 2484; x_wconf 84' lang='lat' dir='ltr'><strong>Epp.</strong></span> <span class='ocrx_word' id='word_1_91' title='bbox 1044 2416 1196 2470; x_wconf 88' lang='lat' dir='ltr'><strong>Tem.</strong></span> <span class='ocrx_word' id='word_1_92' title='bbox 1230 2414 1271 2467; x_wconf 91' lang='lat'><strong>1.</strong></span> <span class='ocrx_word' id='word_1_93' title='bbox 1309 2414 1398 2468; x_wconf 81' lang='lat' dir='ltr'><strong>sol.</strong></span> <span class='ocrx_word' id='word_1_94' title='bbox 1435 2413 1554 2468; x_wconf 81' lang='lat'><strong>401.</strong></span> <span class='ocrx_word' id='word_1_95' title='bbox 1596 2441 1656 2452; x_wconf 93' lang='lat'><strong>—</strong></span> <span class='ocrx_word' id='word_1_96' title='bbox 1694 2414 1893 2468; x_wconf 89' lang='lat' dir='ltr'><strong>Simler</strong></span> <span class='ocrx_word' id='word_1_97' title='bbox 1929 2414 2045 2468; x_wconf 90' lang='lat' dir='ltr'><strong>Vol.</strong></span> <span class='ocrx_word' id='word_1_98' title='bbox 2082 2412 2191 2479; x_wconf 81' lang='lat'><strong>82.)</strong></span> 
     </span>
    </p>
   </div>
   <div class='ocr_carea' id='block_1_8' title="bbox 517 2585 2471 2826">
    <p class='ocr_par' dir='ltr' id='par_1_8' title="bbox 517 2585 2471 2826">
     <span class='ocr_line' id='line_1_18' title="bbox 519 2585 2467 2671; baseline -0.002 -18"><span class='ocrx_word' id='word_1_99' title='bbox 519 2590 694 2655; x_wconf 84' lang='lat' dir='ltr'><strong>Vere</strong></span> <span class='ocrx_word' id='word_1_100' title='bbox 739 2590 844 2671; x_wconf 91' lang='lat' dir='ltr'><strong>pio</strong></span> <span class='ocrx_word' id='word_1_101' title='bbox 889 2597 954 2652; x_wconf 88' lang='lat' dir='ltr'><strong>et</strong></span> <span class='ocrx_word' id='word_1_102' title='bbox 997 2585 1080 2650; x_wconf 90' lang='lat' dir='ltr'><strong>ad</strong></span> <span class='ocrx_word' id='word_1_103' title='bbox 1139 2606 1419 2669; x_wconf 89' lang='lat' dir='ltr'><strong>regnum</strong></span> <span class='ocrx_word' id='word_1_104' title='bbox 1476 2586 1602 2651; x_wconf 91' lang='lat' dir='ltr'><strong>Dei</strong></span> <span class='ocrx_word' id='word_1_105' title='bbox 1662 2586 1848 2653; x_wconf 85' lang='lat' dir='ltr'><strong>docto</strong></span> <span class='ocrx_word' id='word_1_106' title='bbox 1893 2586 2259 2653; x_wconf 87' lang='lat' dir='ltr'><strong>Heinricho</strong></span> <span class='ocrx_word' id='word_1_107' title='bbox 2303 2585 2467 2650; x_wconf 91' lang='lat' dir='ltr'><strong>Bul-</strong></span> 
     </span>
     <span class='ocr_line' id='line_1_19' title="bbox 517 2672 2471 2759; baseline -0.003 -19"><span class='ocrx_word' id='word_1_108' title='bbox 517 2676 769 2759; x_wconf 78' lang='lat' dir='ltr'><strong>lingero</strong></span> <span class='ocrx_word' id='word_1_109' title='bbox 814 2674 1120 2740; x_wconf 81' lang='lat' dir='ltr'><strong>ecclesiae</strong></span> <span class='ocrx_word' id='word_1_110' title='bbox 1158 2673 1512 2755; x_wconf 76' lang='lat' dir='ltr'><strong>Tigurinae</strong></span> <span class='ocrx_word' id='word_1_111' title='bbox 1548 2674 1847 2756; x_wconf 89' lang='lat' dir='ltr'><strong>episeopo</strong></span> <span class='ocrx_word' id='word_1_112' title='bbox 1884 2672 2061 2738; x_wconf 88' lang='lat' dir='ltr'><strong>fideli</strong></span> <span class='ocrx_word' id='word_1_113' title='bbox 2098 2672 2360 2737; x_wconf 90' lang='lat' dir='ltr'><strong>domino</strong></span> <span class='ocrx_word' id='word_1_114' title='bbox 2403 2677 2471 2734; x_wconf 89' lang='lat' dir='ltr'><strong>et</strong></span> 
     </span>
     <span class='ocr_line' id='line_1_20' title="bbox 638 2757 2336 2826; baseline -0.001 -2"><span class='ocrx_word' id='word_1_115' title='bbox 638 2760 846 2826; x_wconf 87' lang='lat' dir='ltr'><strong>amico</strong></span> <span class='ocrx_word' id='word_1_116' title='bbox 892 2780 1010 2825; x_wconf 89' lang='lat' dir='ltr'><strong>suo</strong></span> <span class='ocrx_word' id='word_1_117' title='bbox 1057 2760 1126 2824; x_wconf 89' lang='lat' dir='ltr'><strong>iu</strong></span> <span class='ocrx_word' id='word_1_118' title='bbox 1172 2759 1441 2824; x_wconf 87' lang='lat' dir='ltr'><strong>Christo</strong></span> <span class='ocrx_word' id='word_1_119' title='bbox 1486 2758 1892 2825; x_wconf 86' lang='lat' dir='ltr'><strong>observando</strong></span> <span class='ocrx_word' id='word_1_120' title='bbox 1938 2768 2006 2824; x_wconf 92' lang='lat' dir='ltr'><strong>et</strong></span> <span class='ocrx_word' id='word_1_121' title='bbox 2050 2757 2336 2826; x_wconf 86' lang='lat' dir='ltr'><strong>colendo.</strong></span> 
     </span>
    </p>
   </div>
   <div class='ocr_carea' id='block_1_9' title="bbox 518 2895 2473 3667">
    <p class='ocr_par' dir='ltr' id='par_1_9' title="bbox 518 2895 2473 3667">
     <span class='ocr_line' id='line_1_21' title="bbox 691 2895 2469 2977; baseline -0.002 -16"><span class='ocrx_word' id='word_1_122' title='bbox 691 2895 760 2961; x_wconf 78' lang='lat' dir='ltr'><strong>S.</strong></span> <span class='ocrx_word' id='word_1_123' title='bbox 811 2899 893 2960; x_wconf 91' lang='lat' dir='ltr'><strong>D.</strong></span> <span class='ocrx_word' id='word_1_124' title='bbox 962 2895 1156 2977; x_wconf 76' lang='lat' dir='ltr'><strong>Quod</strong></span> <span class='ocrx_word' id='word_1_125' title='bbox 1213 2904 1351 2959; x_wconf 86' lang='lat' dir='ltr'><strong>tam</strong></span> <span class='ocrx_word' id='word_1_126' title='bbox 1407 2895 1636 2960; x_wconf 89' lang='lat' dir='ltr'><strong>multis</strong></span> <span class='ocrx_word' id='word_1_127' title='bbox 1691 2905 1756 2961; x_wconf 92' lang='lat' dir='ltr'><strong>et</strong></span> <span class='ocrx_word' id='word_1_128' title='bbox 1812 2904 2041 2961; x_wconf 86' lang='lat' dir='ltr'><strong>exacte</strong></span> <span class='ocrx_word' id='word_1_129' title='bbox 2096 2896 2176 2960; x_wconf 90' lang='lat' dir='ltr'><strong>de</strong></span> <span class='ocrx_word' id='word_1_130' title='bbox 2218 2895 2469 2960; x_wconf 90' lang='lat' dir='ltr'><strong>Biblio-</strong></span> 
     </span>
     <span class='ocr_line' id='line_1_22' title="bbox 518 2979 2472 3063; baseline -0.002 -16"><span class='ocrx_word' id='word_1_131' title='bbox 518 2983 714 3048; x_wconf 87' lang='lat' dir='ltr'><strong>theca</strong></span> <span class='ocrx_word' id='word_1_132' title='bbox 795 2984 1141 3057; x_wconf 65' lang='lat' dir='ltr'><strong>(iesum-5²)</strong></span> <span class='ocrx_word' id='word_1_133' title='bbox 1214 2979 1298 3043; x_wconf 89' lang='lat' dir='ltr'><strong>ad</strong></span> <span class='ocrx_word' id='word_1_134' title='bbox 1369 3000 1476 3043; x_wconf 93' lang='lat' dir='ltr'><strong>me</strong></span> <span class='ocrx_word' id='word_1_135' title='bbox 1545 2982 2026 3063; x_wconf 89' lang='lat' dir='ltr'><strong>perscripseris‚</strong></span> <span class='ocrx_word' id='word_1_136' title='bbox 2104 2980 2472 3063; x_wconf 76' lang='lat' dir='ltr'><strong>Bullinyere</strong></span> 
     </span>
     <span class='ocr_line' id='line_1_23' title="bbox 518 3064 2473 3144; baseline -0.003 -9"><span class='ocrx_word' id='word_1_137' title='bbox 518 3067 892 3135; x_wconf 88' lang='lat' dir='ltr'><strong>doctissime</strong></span> <span class='ocrx_word' id='word_1_138' title='bbox 944 3066 1116 3131; x_wconf 91' lang='lat' dir='ltr'><strong>idem</strong></span> <span class='ocrx_word' id='word_1_139' title='bbox 1187 3064 1690 3144; x_wconf 80' lang='lat' dir='ltr'><strong>humanissime,</strong></span> <span class='ocrx_word' id='word_1_140' title='bbox 1758 3067 2081 3132; x_wconf 82' lang='lat' dir='ltr'><strong>maximas</strong></span> <span class='ocrx_word' id='word_1_141' title='bbox 2137 3066 2346 3132; x_wconf 89' lang='lat' dir='ltr'><strong>habeo</strong></span> <span class='ocrx_word' id='word_1_142' title='bbox 2403 3074 2473 3131; x_wconf 93' lang='lat' dir='ltr'><strong>et</strong></span> 
     </span>
     <span class='ocr_line' id='line_1_24' title="bbox 522 3151 2471 3238; baseline -0.002 -17"><span class='ocrx_word' id='word_1_143' title='bbox 522 3175 647 3238; x_wconf 90' lang='lat' dir='ltr'><strong>ago</strong></span> <span class='ocrx_word' id='word_1_144' title='bbox 684 3157 947 3237; x_wconf 80' lang='lat' dir='ltr'><strong>gratias,</strong></span> <span class='ocrx_word' id='word_1_145' title='bbox 992 3151 1167 3235; x_wconf 89' lang='lat' dir='ltr'><strong>quod</strong></span> <span class='ocrx_word' id='word_1_146' title='bbox 1202 3153 1272 3216; x_wconf 90' lang='lat' dir='ltr'><strong>in</strong></span> <span class='ocrx_word' id='word_1_147' title='bbox 1307 3151 1568 3217; x_wconf 87' lang='lat' dir='ltr'><strong>tantilla</strong></span> <span class='ocrx_word' id='word_1_148' title='bbox 1603 3172 1675 3217; x_wconf 89' lang='lat' dir='ltr'><strong>re</strong></span> <span class='ocrx_word' id='word_1_149' title='bbox 1711 3161 1894 3218; x_wconf 89' lang='lat' dir='ltr'><strong>tanta</strong></span> <span class='ocrx_word' id='word_1_150' title='bbox 1929 3152 2272 3237; x_wconf 82' lang='lat' dir='ltr'><strong>diligentia</strong></span> <span class='ocrx_word' id='word_1_151' title='bbox 2305 3152 2471 3217; x_wconf 92' lang='lat' dir='ltr'><strong>mihi</strong></span> 
     </span>
     <span class='ocr_line' id='line_1_25' title="bbox 518 3237 2470 3324; baseline -0.001 -19"><span class='ocrx_word' id='word_1_152' title='bbox 518 3238 936 3324; x_wconf 78' lang='lat' dir='ltr'><strong>paupercule,</strong></span> <span class='ocrx_word' id='word_1_153' title='bbox 983 3240 1190 3304; x_wconf 86' lang='lat' dir='ltr'><strong>veteri</strong></span> <span class='ocrx_word' id='word_1_154' title='bbox 1235 3247 1454 3303; x_wconf 88' lang='lat' dir='ltr'><strong>tamen</strong></span> <span class='ocrx_word' id='word_1_155' title='bbox 1500 3238 1795 3317; x_wconf 88' lang='lat' dir='ltr'><strong>amiculo,</strong></span> <span class='ocrx_word' id='word_1_156' title='bbox 1852 3239 2248 3304; x_wconf 87' lang='lat' dir='ltr'><strong>inservieris.</strong></span> <span class='ocrx_word' id='word_1_157' title='bbox 2337 3237 2470 3304; x_wconf 80' lang='lat' dir='ltr'><strong>Sed</strong></span> 
     </span>
     <span class='ocr_line' id='line_1_26' title="bbox 519 3323 2472 3391; baseline 0 -2"><span class='ocrx_word' id='word_1_158' title='bbox 519 3326 718 3391; x_wconf 83' lang='lat' dir='ltr'><strong>video</strong></span> <span class='ocrx_word' id='word_1_159' title='bbox 775 3323 1079 3390; x_wconf 86' lang='lat' dir='ltr'><strong>omnibus</strong></span> <span class='ocrx_word' id='word_1_160' title='bbox 1137 3331 1201 3389; x_wconf 90' lang='lat' dir='ltr'><strong>te</strong></span> <span class='ocrx_word' id='word_1_161' title='bbox 1259 3323 1617 3389; x_wconf 85' lang='lat' dir='ltr'><strong>debitorem</strong></span> <span class='ocrx_word' id='word_1_162' title='bbox 1675 3324 2021 3390; x_wconf 88' lang='lat' dir='ltr'><strong>constituis</strong></span> <span class='ocrx_word' id='word_1_163' title='bbox 2080 3325 2353 3391; x_wconf 83' lang='lat' dir='ltr'><strong>Graecis</strong></span> <span class='ocrx_word' id='word_1_164' title='bbox 2406 3335 2472 3391; x_wconf 91' lang='lat' dir='ltr'><strong>et</strong></span> 
     </span>
     <span class='ocr_line' id='line_1_27' title="bbox 518 3408 2473 3491; baseline -0.001 -13"><span class='ocrx_word' id='word_1_165' title='bbox 518 3411 856 3488; x_wconf 81' lang='lat' dir='ltr'><strong>Barbarie,</strong></span> <span class='ocrx_word' id='word_1_166' title='bbox 916 3409 1141 3490; x_wconf 87' lang='lat' dir='ltr'><strong>doctis,</strong></span> <span class='ocrx_word' id='word_1_167' title='bbox 1196 3408 1510 3488; x_wconf 74' lang='lat' dir='ltr'><strong>indoctis,</strong></span> <span class='ocrx_word' id='word_1_168' title='bbox 1569 3410 1814 3487; x_wconf 86' lang='lat' dir='ltr'><strong>amicis,</strong></span> <span class='ocrx_word' id='word_1_169' title='bbox 1871 3409 2171 3477; x_wconf 87' lang='lat' dir='ltr'><strong>inimicis.</strong></span> <span class='ocrx_word' id='word_1_170' title='bbox 2276 3409 2473 3491; x_wconf 81' lang='lat' dir='ltr'><strong>Quod</strong></span> 
     </span>
     <span class='ocr_line' id='line_1_28' title="bbox 519 3494 2472 3565; baseline -0.001 -1"><span class='ocrx_word' id='word_1_171' title='bbox 519 3506 594 3565; x_wconf 87' lang='lat' dir='ltr'><strong>ut</strong></span> <span class='ocrx_word' id='word_1_172' title='bbox 649 3519 876 3563; x_wconf 90' lang='lat' dir='ltr'><strong>omnes</strong></span> <span class='ocrx_word' id='word_1_173' title='bbox 932 3496 1252 3564; x_wconf 87' lang='lat' dir='ltr'><strong>haetenus</strong></span> <span class='ocrx_word' id='word_1_174' title='bbox 1307 3516 1348 3559; x_wconf 92' lang='lat' dir='ltr'><strong>a</strong></span> <span class='ocrx_word' id='word_1_175' title='bbox 1401 3505 1468 3561; x_wconf 89' lang='lat' dir='ltr'><strong>te</strong></span> <span class='ocrx_word' id='word_1_176' title='bbox 1525 3494 1736 3560; x_wconf 89' lang='lat' dir='ltr'><strong>editae</strong></span> <span class='ocrx_word' id='word_1_177' title='bbox 1788 3503 2114 3561; x_wconf 86' lang='lat' dir='ltr'><strong>testantur</strong></span> <span class='ocrx_word' id='word_1_178' title='bbox 2169 3497 2472 3563; x_wconf 87' lang='lat' dir='ltr'><strong>lucubra-</strong></span> 
     </span>
     <span class='ocr_line' id='line_1_29' title="bbox 520 3582 2471 3667; baseline -0.001 -17"><span class='ocrx_word' id='word_1_179' title='bbox 520 3587 751 3663; x_wconf 84' lang='lat' dir='ltr'><strong>tiones,</strong></span> <span class='ocrx_word' id='word_1_180' title='bbox 798 3584 1212 3667; x_wconf 90' lang='lat' dir='ltr'><strong>potissimum</strong></span> <span class='ocrx_word' id='word_1_181' title='bbox 1251 3602 1406 3647; x_wconf 86' lang='lat' dir='ltr'><strong>vero</strong></span> <span class='ocrx_word' id='word_1_182' title='bbox 1457 3590 1525 3646; x_wconf 88' lang='lat' dir='ltr'><strong>et</strong></span> <span class='ocrx_word' id='word_1_183' title='bbox 1573 3582 1945 3648; x_wconf 89' lang='lat' dir='ltr'><strong>firmissime</strong></span> <span class='ocrx_word' id='word_1_184' title='bbox 1981 3584 2326 3648; x_wconf 86' lang='lat' dir='ltr'><strong>confirmat</strong></span> <span class='ocrx_word' id='word_1_185' title='bbox 2368 3605 2471 3648; x_wconf 89' lang='lat' dir='ltr'><strong>re-</strong></span> 
     </span>
    </p>
   </div>
   <div class='ocr_carea' id='block_1_10' title="bbox 416 3665 2472 3755">
    <p class='ocr_par' dir='ltr' id='par_1_10' title="bbox 416 3665 2472 3755">
     <span class='ocr_line' id='line_1_30' title="bbox 416 3665 2472 3755; baseline -0 -19"><span class='ocrx_word' id='word_1_186' title='bbox 416 3682 421 3686; x_wconf 83' lang='lat'>&#39;</span> <span class='ocrx_word' id='word_1_187' title='bbox 518 3691 832 3755; x_wconf 88' lang='lat' dir='ltr'><strong>sponsum</strong></span> <span class='ocrx_word' id='word_1_188' title='bbox 898 3681 1192 3735; x_wconf 82' lang='lat' dir='ltr'><strong>vestrum</strong></span> <span class='ocrx_word' id='word_1_189' title='bbox 1256 3665 1339 3732; x_wconf 91' lang='lat' dir='ltr'><strong>ad</strong></span> <span class='ocrx_word' id='word_1_190' title='bbox 1404 3674 1800 3750; x_wconf 86' lang='lat' dir='ltr'><strong>postremam</strong></span> <span class='ocrx_word' id='word_1_191' title='bbox 1860 3669 1948 3734; x_wconf 84' lang='lat' dir='ltr'><strong>M.</strong></span> <span class='ocrx_word' id='word_1_192' title='bbox 2000 3670 2262 3735; x_wconf 71' lang='lat' dir='ltr'><strong>Lacheri</strong></span> <span class='ocrx_word' id='word_1_193' title='bbox 2317 3691 2472 3736; x_wconf 92' lang='lat' dir='ltr'><strong>con-</strong></span> 
     </span>
    </p>
   </div>
   <div class='ocr_carea' id='block_1_11' title="bbox 516 3754 2476 4529">
    <p class='ocr_par' dir='ltr' id='par_1_11' title="bbox 516 3754 2476 4529">
     <span class='ocr_line' id='line_1_31' title="bbox 519 3754 2473 3839; baseline -0.002 -17"><span class='ocrx_word' id='word_1_194' title='bbox 519 3757 868 3822; x_wconf 80' lang='lat' dir='ltr'><strong>fessionem</strong></span> <span class='ocrx_word' id='word_1_195' title='bbox 892 3755 1139 3834; x_wconf 88' lang='lat' dir='ltr'><strong>datum,</strong></span> <span class='ocrx_word' id='word_1_196' title='bbox 1165 3754 1218 3839; x_wconf 78' lang='lat'><strong>³)</strong></span> <span class='ocrx_word' id='word_1_197' title='bbox 1254 3774 1380 3836; x_wconf 89' lang='lat' dir='ltr'><strong>quo</strong></span> <span class='ocrx_word' id='word_1_198' title='bbox 1409 3763 1703 3819; x_wconf 82' lang='lat' dir='ltr'><strong>sanctam</strong></span> <span class='ocrx_word' id='word_1_199' title='bbox 1725 3754 2107 3834; x_wconf 74' lang='lat' dir='ltr'><strong>doctrinam,</strong></span> <span class='ocrx_word' id='word_1_200' title='bbox 2146 3755 2473 3839; x_wconf 87' lang='lat' dir='ltr'><strong>pietatem,</strong></span> 
     </span>
     <span class='ocr_line' id='line_1_32' title="bbox 516 3839 2471 3923; baseline -0.001 -17"><span class='ocrx_word' id='word_1_201' title='bbox 516 3841 906 3907; x_wconf 86' lang='lat' dir='ltr'><strong>modestiam</strong></span> <span class='ocrx_word' id='word_1_202' title='bbox 942 3850 1228 3907; x_wconf 81' lang='lat' dir='ltr'><strong>vestram</strong></span> <span class='ocrx_word' id='word_1_203' title='bbox 1252 3839 1557 3906; x_wconf 89' lang='lat' dir='ltr'><strong>omnibus</strong></span> <span class='ocrx_word' id='word_1_204' title='bbox 1589 3842 1695 3923; x_wconf 91' lang='lat' dir='ltr'><strong>pie</strong></span> <span class='ocrx_word' id='word_1_205' title='bbox 1718 3840 1927 3907; x_wconf 88' lang='lat' dir='ltr'><strong>doctis</strong></span> <span class='ocrx_word' id='word_1_206' title='bbox 1955 3853 2024 3906; x_wconf 93' lang='lat' dir='ltr'><strong>et</strong></span> <span class='ocrx_word' id='word_1_207' title='bbox 2046 3841 2297 3908; x_wconf 81' lang='lat' dir='ltr'><strong>Christi</strong></span> <span class='ocrx_word' id='word_1_208' title='bbox 2334 3841 2471 3907; x_wconf 90' lang='lat' dir='ltr'><strong>cul·</strong></span> 
     </span>
     <span class='ocr_line' id='line_1_33' title="bbox 517 3924 2473 4011; baseline 0.001 -20"><span class='ocrx_word' id='word_1_209' title='bbox 517 3927 790 4002; x_wconf 81' lang='lat' dir='ltr'><strong>toribus,</strong></span> <span class='ocrx_word' id='word_1_210' title='bbox 813 3927 947 3991; x_wconf 92' lang='lat' dir='ltr'><strong>imo</strong></span> <span class='ocrx_word' id='word_1_211' title='bbox 969 3924 1110 3991; x_wconf 90' lang='lat' dir='ltr'><strong>orbi</strong></span> <span class='ocrx_word' id='word_1_212' title='bbox 1133 3925 1511 4004; x_wconf 87' lang='lat' dir='ltr'><strong>christiane,</strong></span> <span class='ocrx_word' id='word_1_213' title='bbox 1536 3926 1592 3992; x_wconf 89' lang='lat' dir='ltr'><strong>si</strong></span> <span class='ocrx_word' id='word_1_214' title='bbox 1613 3926 1771 3992; x_wconf 84' lang='lat' dir='ltr'><strong>velit</strong></span> <span class='ocrx_word' id='word_1_215' title='bbox 1792 3926 2037 4007; x_wconf 90' lang='lat' dir='ltr'><strong>audire,</strong></span> <span class='ocrx_word' id='word_1_216' title='bbox 2061 3927 2473 4011; x_wconf 87' lang='lat' dir='ltr'><strong>comprobas-</strong></span> 
     </span>
     <span class='ocr_line' id='line_1_34' title="bbox 519 4012 2472 4095; baseline 0.001 -18"><span class='ocrx_word' id='word_1_217' title='bbox 519 4012 610 4077; x_wconf 80' lang='lat' dir='ltr'><strong>tis</strong></span> <span class='ocrx_word' id='word_1_218' title='bbox 631 4012 1007 4090; x_wconf 78' lang='lat' dir='ltr'><strong>clarissime,</strong></span> <span class='ocrx_word' id='word_1_219' title='bbox 1033 4020 1188 4077; x_wconf 91' lang='lat' dir='ltr'><strong>utut</strong></span> <span class='ocrx_word' id='word_1_220' title='bbox 1209 4012 1524 4078; x_wconf 85' lang='lat' dir='ltr'><strong>malesani</strong></span> <span class='ocrx_word' id='word_1_221' title='bbox 1547 4012 1809 4095; x_wconf 87' lang='lat' dir='ltr'><strong>quidam</strong></span> <span class='ocrx_word' id='word_1_222' title='bbox 1832 4014 2472 4090; x_wconf 83' lang='lat' dir='ltr'><strong>Lutherozelatores,</strong></span> 
     </span>
     <span class='ocr_line' id='line_1_35' title="bbox 519 4096 2471 4184; baseline -0.001 -18"><span class='ocrx_word' id='word_1_223' title='bbox 519 4096 639 4166; x_wconf 76' lang='lat' dir='ltr'><strong>sed</strong></span> <span class='ocrx_word' id='word_1_224' title='bbox 681 4099 894 4184; x_wconf 87' lang='lat' dir='ltr'><strong>magis</strong></span> <span class='ocrx_word' id='word_1_225' title='bbox 931 4098 1438 4164; x_wconf 83' lang='lat' dir='ltr'><strong>Lutherolatrae</strong></span> <span class='ocrx_word' id='word_1_226' title='bbox 1475 4097 1810 4165; x_wconf 85' lang='lat' dir='ltr'><strong>diversum</strong></span> <span class='ocrx_word' id='word_1_227' title='bbox 1843 4109 2103 4180; x_wconf 87' lang='lat' dir='ltr'><strong>canant,</strong></span> <span class='ocrx_word' id='word_1_228' title='bbox 2139 4110 2208 4165; x_wconf 92' lang='lat' dir='ltr'><strong>et</strong></span> <span class='ocrx_word' id='word_1_229' title='bbox 2242 4101 2471 4166; x_wconf 84' lang='lat' dir='ltr'><strong>furiosi</strong></span> 
     </span>
     <span class='ocr_line' id='line_1_36' title="bbox 517 4183 2476 4270; baseline 0 -18"><span class='ocrx_word' id='word_1_230' title='bbox 517 4185 822 4262; x_wconf 85' lang='lat' dir='ltr'><strong>clament,</strong></span> <span class='ocrx_word' id='word_1_231' title='bbox 849 4183 994 4269; x_wconf 89' lang='lat' dir='ltr'><strong>plus</strong></span> <span class='ocrx_word' id='word_1_232' title='bbox 1018 4185 1178 4250; x_wconf 87' lang='lat' dir='ltr'><strong>satis</strong></span> <span class='ocrx_word' id='word_1_233' title='bbox 1201 4185 1550 4251; x_wconf 78' lang='lat' dir='ltr'><strong>carnaliter</strong></span> <span class='ocrx_word' id='word_1_234' title='bbox 1570 4186 1928 4252; x_wconf 88' lang='lat' dir='ltr'><strong>etiamnum</strong></span> <span class='ocrx_word' id='word_1_235' title='bbox 1951 4208 2069 4270; x_wconf 90' lang='lat' dir='ltr'><strong>pro</strong></span> <span class='ocrx_word' id='word_1_236' title='bbox 2093 4186 2338 4252; x_wconf 87' lang='lat' dir='ltr'><strong>carnali</strong></span> <span class='ocrx_word' id='word_1_237' title='bbox 2359 4186 2476 4252; x_wconf 88' lang='lat' dir='ltr'><strong>illa</strong></span> 
     </span>
     <span class='ocr_line' id='line_1_37' title="bbox 517 4270 2474 4421; baseline 0.001 -83"><span class='ocrx_word' id='word_1_238' title='bbox 517 4271 773 4338; x_wconf 81' lang='lat' dir='ltr'><strong>Christi</strong></span> <span class='ocrx_word' id='word_1_239' title='bbox 792 4271 863 4335; x_wconf 92' lang='lat' dir='ltr'><strong>in</strong></span> <span class='ocrx_word' id='word_1_240' title='bbox 898 4291 1101 4338; x_wconf 87' lang='lat' dir='ltr'><strong>coena</strong></span> <span class='ocrx_word' id='word_1_241' title='bbox 1123 4270 1496 4356; x_wconf 86' lang='lat' dir='ltr'><strong>praesentia</strong></span> <span class='ocrx_word' id='word_1_242' title='bbox 1523 4281 1916 4421; x_wconf 54' lang='lat' dir='ltr'><strong>pugnantes,</strong></span> <span class='ocrx_word' id='word_1_243' title='bbox 1951 4274 2148 4338; x_wconf 87' lang='lat' dir='ltr'><strong>etiam</strong></span> <span class='ocrx_word' id='word_1_244' title='bbox 2184 4270 2267 4337; x_wconf 91' lang='lat' dir='ltr'><strong>ad</strong></span> <span class='ocrx_word' id='word_1_245' title='bbox 2303 4271 2474 4339; x_wconf 88' lang='lat' dir='ltr'><strong>hane</strong></span> 
     </span>
     <span class='ocr_line' id='line_1_38' title="bbox 517 4357 2474 4443; baseline 0 -20"><span class='ocrx_word' id='word_1_246' title='bbox 517 4358 1073 4442; x_wconf 85' lang='lat' dir='ltr'><strong>propugnaculam</strong></span> <span class='ocrx_word' id='word_1_247' title='bbox 1096 4357 1357 4424; x_wconf 86' lang='lat' dir='ltr'><strong>carnale</strong></span> <span class='ocrx_word' id='word_1_248' title='bbox 1368 4358 1521 4424; x_wconf 89' lang='lat' dir='ltr'><strong>brac</strong></span> <span class='ocrx_word' id='word_1_249' title='bbox 1572 4359 1704 4422; x_wconf 89' lang='lat' dir='ltr'><strong>ium</strong></span> <span class='ocrx_word' id='word_1_250' title='bbox 1725 4357 2028 4435; x_wconf 87' lang='lat' dir='ltr'><strong>incitant,</strong></span> <span class='ocrx_word' id='word_1_251' title='bbox 2044 4358 2334 4443; x_wconf 87' lang='lat' dir='ltr'><strong>adeoque</strong></span> <span class='ocrx_word' id='word_1_252' title='bbox 2355 4379 2474 4423; x_wconf 77' lang='lat' dir='ltr'><strong>ex-</strong></span> 
     </span>
     <span class='ocr_line' id='line_1_39' title="bbox 520 4441 2472 4529; baseline 0 -19"><span class='ocrx_word' id='word_1_253' title='bbox 520 4444 687 4520; x_wconf 79' lang='lat' dir='ltr'><strong>silio,</strong></span> <span class='ocrx_word' id='word_1_254' title='bbox 724 4441 940 4520; x_wconf 88' lang='lat' dir='ltr'><strong>caede,</strong></span> <span class='ocrx_word' id='word_1_255' title='bbox 977 4445 1296 4528; x_wconf 82' lang='lat' dir='ltr'><strong>sanguine</strong></span> <span class='ocrx_word' id='word_1_256' title='bbox 1318 4443 1465 4526; x_wconf 88' lang='lat' dir='ltr'><strong>plus</strong></span> <span class='ocrx_word' id='word_1_257' title='bbox 1506 4444 1666 4511; x_wconf 88' lang='lat' dir='ltr'><strong>satis</strong></span> <span class='ocrx_word' id='word_1_258' title='bbox 1688 4443 2225 4529; x_wconf 87' lang='lat' dir='ltr'><strong>sanguinolenter</strong></span> <span class='ocrx_word' id='word_1_259' title='bbox 2260 4444 2472 4510; x_wconf 82' lang='lat' dir='ltr'><strong>vindi-</strong></span> 
     </span>
    </p>
   </div>
   <div class='ocr_carea' id='block_1_12' title="bbox 829 4600 928 4608">
    <p class='ocr_par' dir='ltr' id='par_1_12' title="bbox 829 4600 928 4608">
     <span class='ocr_line' id='line_1_40' title="bbox 829 4600 928 4608; baseline 0 0"><span class='ocrx_word' id='word_1_260' title='bbox 829 4600 928 4608; x_wconf 44' lang='grc' dir='ltr'><strong>...Α</strong></span> 
     </span>
    </p>
   </div>
   <div class='ocr_carea' id='block_1_13' title="bbox 517 4601 568 4613">
    <p class='ocr_par' dir='ltr' id='par_1_13' title="bbox 517 4601 568 4613">
     <span class='ocr_line' id='line_1_41' title="bbox 517 4601 568 4613; baseline -0.02 0"><span class='ocrx_word' id='word_1_261' title='bbox 517 4601 568 4613; x_wconf 68' lang='lat' dir='ltr'><strong>-O</strong></span> 
     </span>
    </p>
   </div>
   <div class='ocr_carea' id='block_1_14' title="bbox 581 4602 810 4611">
    <p class='ocr_par' dir='ltr' id='par_1_14' title="bbox 581 4602 810 4611">
     <span class='ocr_line' id='line_1_42' title="bbox 581 4602 810 4611; baseline 0 1589"><span class='ocrx_word' id='word_1_262' title='bbox 581 4602 810 4611; x_wconf 95' lang='lat' dir='ltr'><strong> </strong></span> 
     </span>
    </p>
   </div>
   <div class='ocr_carea' id='block_1_15' title="bbox 513 4697 2469 5390">
    <p class='ocr_par' dir='ltr' id='par_1_15' title="bbox 513 4697 2469 5184">
     <span class='ocr_line' id='line_1_43' title="bbox 515 4697 2467 4768; baseline 0.001 -12"><span class='ocrx_word' id='word_1_263' title='bbox 515 4700 694 4756; x_wconf 71' lang='lat'><strong>1006.</strong></span> <span class='ocrx_word' id='word_1_264' title='bbox 733 4701 788 4766; x_wconf 89' lang='lat'><strong>1)</strong></span> <span class='ocrx_word' id='word_1_265' title='bbox 832 4700 916 4767; x_wconf 76' lang='grc'><strong>01.</strong></span> <span class='ocrx_word' id='word_1_266' title='bbox 951 4701 1171 4755; x_wconf 65' lang='lat' dir='ltr'><strong>onm&#39;ne</strong></span> <span class='ocrx_word' id='word_1_267' title='bbox 1205 4697 1283 4754; x_wconf 76' lang='lat' dir='ltr'><strong>N.</strong></span> <span class='ocrx_word' id='word_1_268' title='bbox 1322 4697 1459 4752; x_wconf 85' lang='grc'><strong>1965</strong></span> <span class='ocrx_word' id='word_1_269' title='bbox 1492 4705 1544 4753; x_wconf 78' lang='lat' dir='ltr'><strong>et</strong></span> <span class='ocrx_word' id='word_1_270' title='bbox 1575 4715 1716 4768; x_wconf 73' lang='lat' dir='ltr'><strong>quae</strong></span> <span class='ocrx_word' id='word_1_271' title='bbox 1748 4702 1829 4755; x_wconf 70' lang='lat' dir='ltr'><strong>ibi</strong></span> <span class='ocrx_word' id='word_1_272' title='bbox 1858 4701 2260 4757; x_wconf 71' lang='lat' dir='ltr'><strong>annotavimus.</strong></span> <span class='ocrx_word' id='word_1_273' title='bbox 2335 4702 2467 4757; x_wconf 79' lang='lat' dir='ltr'><strong>Gae-</strong></span> 
     </span>
     <span class='ocr_line' id='line_1_44' title="bbox 513 4768 2467 4840; baseline 0.001 -15"><span class='ocrx_word' id='word_1_274' title='bbox 513 4775 687 4826; x_wconf 65' lang='lat' dir='ltr'><strong>mwn</strong></span> <span class='ocrx_word' id='word_1_275' title='bbox 722 4771 810 4826; x_wconf 61' lang='lat' dir='ltr'><strong>hic</strong></span> <span class='ocrx_word' id='word_1_276' title='bbox 845 4769 1145 4840; x_wconf 67' lang='lat' dir='ltr'><strong>Noyelinus</strong></span> <span class='ocrx_word' id='word_1_277' title='bbox 1176 4784 1298 4824; x_wconf 69' lang='lat' dir='ltr'><strong>em</strong></span> <span class='ocrx_word' id='word_1_278' title='bbox 1328 4768 1602 4822; x_wconf 64' lang='lat' dir='ltr'><strong>Beruenses·</strong></span> <span class='ocrx_word' id='word_1_279' title='bbox 1633 4773 1850 4824; x_wconf 68' lang='lat' dir='ltr'><strong>cenula</strong></span> <span class='ocrx_word' id='word_1_280' title='bbox 1882 4770 2102 4824; x_wconf 71' lang='lat' dir='ltr'><strong>minime</strong></span> <span class='ocrx_word' id='word_1_281' title='bbox 2132 4771 2467 4838; x_wconf 71' lang='lat' dir='ltr'><strong>confunden-</strong></span> 
     </span>
     <span class='ocr_line' id='line_1_45' title="bbox 513 4836 1735 4905; baseline -0.002 -13"><span class='ocrx_word' id='word_1_282' title='bbox 513 4838 624 4893; x_wconf 66' lang='lat' dir='ltr'><strong>da·</strong></span> <span class='ocrx_word' id='word_1_283' title='bbox 656 4846 751 4894; x_wconf 72' lang='lat' dir='ltr'><strong>eet.</strong></span> <span class='ocrx_word' id='word_1_284' title='bbox 823 4838 935 4893; x_wconf 76' lang='lat' dir='ltr'><strong>Hic</strong></span> <span class='ocrx_word' id='word_1_285' title='bbox 967 4844 1150 4893; x_wconf 64' lang='lat' dir='ltr'><strong>aanor</strong></span> <span class='ocrx_word' id='word_1_286' title='bbox 1193 4836 1474 4905; x_wconf 67' lang='lat' dir='ltr'><strong>Tubiuyae</strong></span> <span class='ocrx_word' id='word_1_287' title='bbox 1505 4837 1735 4891; x_wconf 71' lang='lat' dir='ltr'><strong>sedebat.</strong></span> 
     </span>
     <span class='ocr_line' id='line_1_46' title="bbox 518 4906 2467 4977; baseline 0.001 -15"><span class='ocrx_word' id='word_1_288' title='bbox 518 4906 691 4962; x_wconf 71' lang='lat'><strong>1⁹87.</strong></span> <span class='ocrx_word' id='word_1_289' title='bbox 721 4909 779 4973; x_wconf 86' lang='lat'><strong>1)</strong></span> <span class='ocrx_word' id='word_1_290' title='bbox 822 4908 964 4963; x_wconf 68' lang='lat' dir='ltr'><strong>Olim</strong></span> <span class='ocrx_word' id='word_1_291' title='bbox 996 4907 1066 4963; x_wconf 73' lang='lat' dir='ltr'><strong>ab</strong></span> <span class='ocrx_word' id='word_1_292' title='bbox 1103 4906 1442 4972; x_wconf 68' lang='lat' dir='ltr'><strong>Imperatore</strong></span> <span class='ocrx_word' id='word_1_293' title='bbox 1480 4912 1706 4974; x_wconf 75' lang='lat' dir='ltr'><strong>proptor</strong></span> <span class='ocrx_word' id='word_1_294' title='bbox 1744 4906 1975 4962; x_wconf 74' lang='lat' dir='ltr'><strong>Interim</strong></span> <span class='ocrx_word' id='word_1_295' title='bbox 2007 4907 2342 4977; x_wconf 64' lang='lat' dir='ltr'><strong>Memminqa</strong></span> <span class='ocrx_word' id='word_1_296' title='bbox 2376 4926 2467 4963; x_wconf 67' lang='lat' dir='ltr'><strong>ec-</strong></span> 
     </span>
     <span class='ocr_line' id='line_1_47' title="bbox 513 4973 2469 5046; baseline 0.001 -16"><span class='ocrx_word' id='word_1_297' title='bbox 513 4975 712 5045; x_wconf 65' lang='lat' dir='ltr'><strong>poeluus</strong></span> <span class='ocrx_word' id='word_1_298' title='bbox 743 4992 865 5032; x_wconf 71' lang='lat' dir='ltr'><strong>cum</strong></span> <span class='ocrx_word' id='word_1_299' title='bbox 902 4976 1113 5046; x_wconf 67' lang='lat' dir='ltr'><strong>Meque</strong></span> <span class='ocrx_word' id='word_1_300' title='bbox 1149 4975 1418 5030; x_wconf 64' lang='lat' dir='ltr'><strong>michaele</strong></span> <span class='ocrx_word' id='word_1_301' title='bbox 1451 4981 1503 5029; x_wconf 78' lang='lat' dir='ltr'><strong>et</strong></span> <span class='ocrx_word' id='word_1_302' title='bbox 1535 4973 1623 5029; x_wconf 90' lang='lat' dir='ltr'><strong>Io.</strong></span> <span class='ocrx_word' id='word_1_303' title='bbox 1659 4974 1922 5042; x_wconf 74' lang='lat' dir='ltr'><strong>Klebere,</strong></span> <span class='ocrx_word' id='word_1_304' title='bbox 1968 4993 2020 5032; x_wconf 77' lang='lat' dir='ltr'><strong>a.</strong></span> <span class='ocrx_word' id='word_1_305' title='bbox 2068 4977 2281 5032; x_wconf 71' lang='lat' dir='ltr'><strong>demum</strong></span> <span class='ocrx_word' id='word_1_306' title='bbox 2329 4977 2469 5032; x_wconf 88' lang='grc'><strong>1553</strong></span> 
     </span>
     <span class='ocr_line' id='line_1_48' title="bbox 515 5043 2468 5116; baseline 0.001 -16"><span class='ocrx_word' id='word_1_307' title='bbox 515 5045 771 5101; x_wconf 71' lang='lat' dir='ltr'><strong>redierat.</strong></span> <span class='ocrx_word' id='word_1_308' title='bbox 832 5043 978 5099; x_wconf 73' lang='lat' dir='ltr'><strong>Obiit</strong></span> <span class='ocrx_word' id='word_1_309' title='bbox 1009 5060 1061 5099; x_wconf 78' lang='lat' dir='ltr'><strong>a.</strong></span> <span class='ocrx_word' id='word_1_310' title='bbox 1097 5044 1249 5100; x_wconf 78' lang='lat'><strong>1562.</strong></span> <span class='ocrx_word' id='word_1_311' title='bbox 1301 5045 1627 5108; x_wconf 68' lang='lat' dir='ltr'><strong>(schemam</strong></span> <span class='ocrx_word' id='word_1_312' title='bbox 1667 5043 1792 5110; x_wconf 71' lang='lat' dir='ltr'><strong>Res.</strong></span> <span class='ocrx_word' id='word_1_313' title='bbox 1832 5045 1978 5100; x_wconf 76' lang='lat' dir='ltr'><strong>Hist.</strong></span> <span class='ocrx_word' id='word_1_314' title='bbox 2012 5061 2062 5100; x_wconf 79' lang='lat' dir='ltr'><strong>v.</strong></span> <span class='ocrx_word' id='word_1_315' title='bbox 2101 5046 2468 5116; x_wconf 65' lang='lat' dir='ltr'><strong>Meuaniam</strong></span> 
     </span>
     <span class='ocr_line' id='line_1_49' title="bbox 514 5110 1788 5184; baseline -0.002 -16"><span class='ocrx_word' id='word_1_316' title='bbox 514 5127 573 5184; x_wconf 72' lang='lat' dir='ltr'><strong>p-</strong></span> <span class='ocrx_word' id='word_1_317' title='bbox 607 5111 728 5168; x_wconf 73' lang='lat'><strong>242.</strong></span> <span class='ocrx_word' id='word_1_318' title='bbox 754 5112 875 5167; x_wconf 77' lang='lat'><strong>253.</strong></span> <span class='ocrx_word' id='word_1_319' title='bbox 947 5113 1114 5179; x_wconf 67' lang='lat' dir='ltr'><strong>Idem,</strong></span> <span class='ocrx_word' id='word_1_320' title='bbox 1155 5118 1377 5168; x_wconf 65' lang='lat' dir='ltr'><strong>Amoen.</strong></span> <span class='ocrx_word' id='word_1_321' title='bbox 1409 5115 1491 5170; x_wconf 70' lang='lat' dir='ltr'><strong>ut.</strong></span> <span class='ocrx_word' id='word_1_322' title='bbox 1530 5113 1603 5167; x_wconf 87' lang='lat' dir='ltr'><strong>V.</strong></span> <span class='ocrx_word' id='word_1_323' title='bbox 1637 5110 1788 5174; x_wconf 73' lang='lat'><strong>221.)</strong></span> 
     </span>
    </p>

    <p class='ocr_par' dir='ltr' id='par_1_16' title="bbox 518 5181 2465 5322">
     <span class='ocr_line' id='line_1_50' title="bbox 725 5181 2465 5257; baseline 0.004 -22"><span class='ocrx_word' id='word_1_324' title='bbox 725 5181 788 5248; x_wconf 79' lang='lat'><strong>2)</strong></span> <span class='ocrx_word' id='word_1_325' title='bbox 824 5181 1160 5238; x_wconf 70' lang='grc' dir='ltr'><strong>Βῶῐίοτὴοοα</strong></span> <span class='ocrx_word' id='word_1_326' title='bbox 1190 5184 1522 5237; x_wconf 74' lang='lat' dir='ltr'><strong>universalis</strong></span> <span class='ocrx_word' id='word_1_327' title='bbox 1557 5197 1599 5236; x_wconf 71' lang='lat'><strong>⁸.</strong></span> <span class='ocrx_word' id='word_1_328' title='bbox 1640 5182 1933 5252; x_wconf 62' lang='lat' dir='ltr'><strong>Caeloque</strong></span> <span class='ocrx_word' id='word_1_329' title='bbox 1965 5185 2202 5239; x_wconf 71' lang='lat' dir='ltr'><strong>emnium</strong></span> <span class='ocrx_word' id='word_1_330' title='bbox 2237 5187 2465 5257; x_wconf 71' lang='lat' dir='ltr'><strong>scripto·</strong></span> 
     </span>
     <span class='ocr_line' id='line_1_51' title="bbox 518 5249 2188 5322; baseline 0.001 -15"><span class='ocrx_word' id='word_1_331' title='bbox 518 5265 642 5307; x_wconf 62' lang='lat' dir='ltr'><strong>m</strong></span> <span class='ocrx_word' id='word_1_332' title='bbox 674 5252 1119 5322; x_wconf 46' lang='lat' dir='ltr'><strong>conplet-focinus</strong></span> <span class='ocrx_word' id='word_1_333' title='bbox 1152 5255 1214 5306; x_wconf 73' lang='lat' dir='ltr'><strong>in</strong></span> <span class='ocrx_word' id='word_1_334' title='bbox 1244 5252 1424 5307; x_wconf 62' lang='lat' dir='ltr'><strong>erm</strong></span> <span class='ocrx_word' id='word_1_335' title='bbox 1457 5251 1678 5321; x_wconf 59' lang='lat' dir='ltr'><strong>litantia.</strong></span> <span class='ocrx_word' id='word_1_336' title='bbox 1761 5250 1887 5306; x_wconf 80' lang='lat' dir='ltr'><strong>Tur.</strong></span> <span class='ocrx_word' id='word_1_337' title='bbox 1925 5249 2062 5307; x_wconf 78' lang='lat'>1545</span> <span class='ocrx_word' id='word_1_338' title='bbox 2091 5254 2188 5320; x_wconf 72' lang='lat' dir='ltr'><strong>fol.</strong></span> 
     </span>
    </p>

    <p class='ocr_par' dir='ltr' id='par_1_17' title="bbox 724 5317 1433 5390">
     <span class='ocr_line' id='line_1_52' title="bbox 724 5317 1433 5390; baseline -0.001 -16"><span class='ocrx_word' id='word_1_339' title='bbox 724 5319 785 5390; x_wconf 84' lang='grc'><strong>3)</strong></span> <span class='ocrx_word' id='word_1_340' title='bbox 816 5335 995 5377; x_wconf 69' lang='lat' dir='ltr'><strong>mx</strong></span> <span class='ocrx_word' id='word_1_341' title='bbox 1031 5320 1244 5376; x_wconf 72' lang='lat' dir='ltr'><strong>Martio</strong></span> <span class='ocrx_word' id='word_1_342' title='bbox 1278 5317 1433 5375; x_wconf 76' lang='lat'><strong>1545.</strong></span> 
     </span>
    </p>
   </div>
   <div class='ocr_carea' id='block_1_16' title="bbox 2011 387 3008 457">
    <p class='ocr_par' dir='ltr' id='par_1_18' title="bbox 2011 387 3008 457">
     <span class='ocr_line' id='line_1_53' title="bbox 2011 387 3008 457; baseline 0 -3"><span class='ocrx_word' id='word_1_343' title='bbox 2011 387 2541 457; x_wconf 82' lang='lat' dir='ltr'>EPIS&#39;POLAE</span> <span class='ocrx_word' id='word_1_344' title='bbox 2589 391 3008 454; x_wconf 65' lang='lat'><strong>1986—103‘.»</strong></span> 
     </span>
    </p>
   </div>
   <div class='ocr_carea' id='block_1_17' title="bbox 2513 594 2536 5372">
    <p class='ocr_par' dir='ltr' id='par_1_19' title="bbox 2513 594 2536 5372">
     <span class='ocr_line' id='line_1_54' title="bbox 2513 594 2536 5372; baseline 0 0"><span class='ocrx_word' id='word_1_345' title='bbox 2513 594 2536 5372; x_wconf 95' lang='lat' dir='ltr'><strong> </strong></span> 
     </span>
    </p>
   </div>
   <div class='ocr_carea' id='block_1_18' title="bbox 4075 396 4509 510">
    <p class='ocr_par' dir='ltr' id='par_1_20' title="bbox 4075 396 4509 510">
     <span class='ocr_line' id='line_1_55' title="bbox 4075 396 4509 510; baseline 0 -50"><span class='ocrx_word' id='word_1_346' title='bbox 4075 446 4132 510; x_wconf 52' lang='lat'><em>4</em></span> <span class='ocrx_word' id='word_1_347' title='bbox 4389 396 4509 461; x_wconf 76' lang='lat'><strong>192</strong></span> 
     </span>
    </p>
   </div>
   <div class='ocr_carea' id='block_1_19' title="bbox 2565 576 4528 3334">
    <p class='ocr_par' dir='ltr' id='par_1_21' title="bbox 2565 576 4521 1935">
     <span class='ocr_line' id='line_1_56' title="bbox 2567 576 4519 648; baseline 0.002 -4"><span class='ocrx_word' id='word_1_348' title='bbox 2567 578 2843 644; x_wconf 86' lang='lat' dir='ltr'><strong>eandam</strong></span> <span class='ocrx_word' id='word_1_349' title='bbox 2872 579 3302 647; x_wconf 87' lang='lat' dir='ltr'><strong>inflammant.</strong></span> <span class='ocrx_word' id='word_1_350' title='bbox 3338 576 3645 647; x_wconf 84' lang='lat' dir='ltr'><strong>Christus</strong></span> <span class='ocrx_word' id='word_1_351' title='bbox 3675 588 3897 647; x_wconf 87' lang='lat' dir='ltr'><strong>autem</strong></span> <span class='ocrx_word' id='word_1_352' title='bbox 3912 580 4241 647; x_wconf 88' lang='lat' dir='ltr'><strong>Dominus</strong></span> <span class='ocrx_word' id='word_1_353' title='bbox 4266 578 4428 648; x_wconf 86' lang='lat' dir='ltr'><strong>deus</strong></span> <span class='ocrx_word' id='word_1_354' title='bbox 4449 588 4519 647; x_wconf 82' lang='lat' dir='ltr'><strong>et</strong></span> 
     </span>
     <span class='ocr_line' id='line_1_57' title="bbox 2579 665 4519 746; baseline 0.003 -18"><span class='ocrx_word' id='word_1_355' title='bbox 2579 673 2875 730; x_wconf 88' lang='lat' dir='ltr'><strong>servator</strong></span> <span class='ocrx_word' id='word_1_356' title='bbox 2913 673 3136 733; x_wconf 86' lang='lat' dir='ltr'><strong>noster</strong></span> <span class='ocrx_word' id='word_1_357' title='bbox 3176 669 3246 733; x_wconf 91' lang='lat' dir='ltr'><strong>in</strong></span> <span class='ocrx_word' id='word_1_358' title='bbox 3290 666 3551 735; x_wconf 79' lang='lat' dir='ltr'><strong>saecula</strong></span> <span class='ocrx_word' id='word_1_359' title='bbox 3594 666 3994 746; x_wconf 88' lang='lat' dir='ltr'><strong>benedictus,</strong></span> <span class='ocrx_word' id='word_1_360' title='bbox 4040 666 4123 731; x_wconf 87' lang='lat' dir='ltr'><strong>ad</strong></span> <span class='ocrx_word' id='word_1_361' title='bbox 4174 665 4519 734; x_wconf 85' lang='lat' dir='ltr'><strong>dexteram</strong></span> 
     </span>
     <span class='ocr_line' id='line_1_58' title="bbox 2567 749 4519 838; baseline 0.002 -23"><span class='ocrx_word' id='word_1_362' title='bbox 2567 749 2774 832; x_wconf 86' lang='lat' dir='ltr'><strong>patris</strong></span> <span class='ocrx_word' id='word_1_363' title='bbox 2816 771 3123 835; x_wconf 89' lang='lat' dir='ltr'><strong>regnans,</strong></span> <span class='ocrx_word' id='word_1_364' title='bbox 3168 753 3403 836; x_wconf 89' lang='lat' dir='ltr'><strong>spiritu</strong></span> <span class='ocrx_word' id='word_1_365' title='bbox 3436 772 3557 818; x_wconf 89' lang='lat' dir='ltr'><strong>sue</strong></span> <span class='ocrx_word' id='word_1_366' title='bbox 3592 762 3837 831; x_wconf 87' lang='lat' dir='ltr'><strong>sancto,</strong></span> <span class='ocrx_word' id='word_1_367' title='bbox 3882 752 4160 819; x_wconf 84' lang='lat' dir='ltr'><strong>veritate</strong></span> <span class='ocrx_word' id='word_1_368' title='bbox 4196 774 4273 820; x_wconf 86' lang='lat' dir='ltr'><strong>ac</strong></span> <span class='ocrx_word' id='word_1_369' title='bbox 4305 754 4519 838; x_wconf 83' lang='lat' dir='ltr'><strong>gratia</strong></span> 
     </span>
     <span class='ocr_line' id='line_1_59' title="bbox 2565 835 4518 923; baseline 0 -21"><span class='ocrx_word' id='word_1_370' title='bbox 2565 835 2903 919; x_wconf 86' lang='lat' dir='ltr'><strong>saluteque</strong></span> <span class='ocrx_word' id='word_1_371' title='bbox 2946 860 3083 915; x_wconf 90' lang='lat' dir='ltr'><strong>sua,</strong></span> <span class='ocrx_word' id='word_1_372' title='bbox 3130 848 3206 903; x_wconf 91' lang='lat' dir='ltr'><strong>ut</strong></span> <span class='ocrx_word' id='word_1_373' title='bbox 3248 837 3573 923; x_wconf 88' lang='lat' dir='ltr'><strong>pollicitus</strong></span> <span class='ocrx_word' id='word_1_374' title='bbox 3615 848 3733 915; x_wconf 89' lang='lat' dir='ltr'><strong>est,</strong></span> <span class='ocrx_word' id='word_1_375' title='bbox 3779 838 4085 906; x_wconf 87' lang='lat' dir='ltr'><strong>eeclesiae</strong></span> <span class='ocrx_word' id='word_1_376' title='bbox 4118 859 4295 919; x_wconf 87' lang='lat' dir='ltr'><strong>suae,</strong></span> <span class='ocrx_word' id='word_1_377' title='bbox 4338 838 4518 905; x_wconf 89' lang='lat' dir='ltr'><strong>fideli</strong></span> 
     </span>
     <span class='ocr_line' id='line_1_60' title="bbox 2566 923 4517 1009; baseline 0.002 -22"><span class='ocrx_word' id='word_1_378' title='bbox 2566 942 2682 987; x_wconf 89' lang='lat' dir='ltr'><strong>suo</strong></span> <span class='ocrx_word' id='word_1_379' title='bbox 2698 923 2927 1001; x_wconf 83' lang='lat' dir='ltr'><strong>cuivis,</strong></span> <span class='ocrx_word' id='word_1_380' title='bbox 2943 925 3531 1006; x_wconf 77' lang='lat' dir='ltr'><strong>praesentissimae,</strong></span> <span class='ocrx_word' id='word_1_381' title='bbox 3548 924 3694 990; x_wconf 90' lang='lat' dir='ltr'><strong>illos</strong></span> <span class='ocrx_word' id='word_1_382' title='bbox 3710 946 3750 989; x_wconf 99' lang='lat' dir='ltr'><strong>a</strong></span> <span class='ocrx_word' id='word_1_383' title='bbox 3769 944 3966 992; x_wconf 89' lang='lat' dir='ltr'><strong>earne</strong></span> <span class='ocrx_word' id='word_1_384' title='bbox 3977 945 4143 1009; x_wconf 86' lang='lat' dir='ltr'><strong>quae</strong></span> <span class='ocrx_word' id='word_1_385' title='bbox 4166 946 4298 990; x_wconf 90' lang='lat' dir='ltr'><strong>non</strong></span> <span class='ocrx_word' id='word_1_386' title='bbox 4319 924 4517 1009; x_wconf 86' lang='lat' dir='ltr'><strong>prod·</strong></span> 
     </span>
     <span class='ocr_line' id='line_1_61' title="bbox 2568 1008 4512 1094; baseline 0.003 -23"><span class='ocrx_word' id='word_1_387' title='bbox 2568 1016 2668 1072; x_wconf 90' lang='lat' dir='ltr'><strong>est</strong></span> <span class='ocrx_word' id='word_1_388' title='bbox 2710 1008 2793 1073; x_wconf 89' lang='lat' dir='ltr'><strong>ad</strong></span> <span class='ocrx_word' id='word_1_389' title='bbox 2838 1010 3139 1092; x_wconf 83' lang='lat' dir='ltr'><strong>spiritum</strong></span> <span class='ocrx_word' id='word_1_390' title='bbox 3185 1012 3297 1094; x_wconf 88' lang='lat' dir='ltr'><strong>qui</strong></span> <span class='ocrx_word' id='word_1_391' title='bbox 3346 1011 3632 1077; x_wconf 84' lang='lat' dir='ltr'><strong>vivificat</strong></span> <span class='ocrx_word' id='word_1_392' title='bbox 3690 1010 3914 1090; x_wconf 86' lang='lat' dir='ltr'><strong>ducat,</strong></span> <span class='ocrx_word' id='word_1_393' title='bbox 3971 1019 4048 1076; x_wconf 91' lang='lat' dir='ltr'><strong>ut</strong></span> <span class='ocrx_word' id='word_1_394' title='bbox 4103 1031 4331 1078; x_wconf 87' lang='lat' dir='ltr'><strong>omnes</strong></span> <span class='ocrx_word' id='word_1_395' title='bbox 4386 1011 4512 1076; x_wconf 91' lang='lat' dir='ltr'><strong>sub</strong></span> 
     </span>
     <span class='ocr_line' id='line_1_62' title="bbox 2568 1096 4513 1180; baseline 0.002 -21"><span class='ocrx_word' id='word_1_396' title='bbox 2568 1114 2639 1160; x_wconf 84' lang='lat' dir='ltr'><strong>se</strong></span> <span class='ocrx_word' id='word_1_397' title='bbox 2683 1096 2893 1177; x_wconf 87' lang='lat' dir='ltr'><strong>eapite</strong></span> <span class='ocrx_word' id='word_1_398' title='bbox 2929 1105 3153 1161; x_wconf 87' lang='lat' dir='ltr'><strong>nostre</strong></span> <span class='ocrx_word' id='word_1_399' title='bbox 3189 1117 3398 1162; x_wconf 92' lang='lat' dir='ltr'><strong>unum</strong></span> <span class='ocrx_word' id='word_1_400' title='bbox 3443 1098 3680 1162; x_wconf 88' lang='lat' dir='ltr'><strong>fiamus</strong></span> <span class='ocrx_word' id='word_1_401' title='bbox 3715 1118 3949 1180; x_wconf 88' lang='lat' dir='ltr'><strong>eorpus</strong></span> <span class='ocrx_word' id='word_1_402' title='bbox 3993 1107 4060 1162; x_wconf 89' lang='lat' dir='ltr'><strong>et</strong></span> <span class='ocrx_word' id='word_1_403' title='bbox 4092 1118 4263 1162; x_wconf 89' lang='lat' dir='ltr'><strong>unus</strong></span> <span class='ocrx_word' id='word_1_404' title='bbox 4304 1097 4513 1180; x_wconf 85' lang='lat' dir='ltr'><strong>panis.</strong></span> 
     </span>
     <span class='ocr_line' id='line_1_63' title="bbox 2572 1181 4514 1267; baseline 0.001 -21"><span class='ocrx_word' id='word_1_405' title='bbox 2572 1182 2804 1246; x_wconf 90' lang='lat' dir='ltr'><strong>Amen.</strong></span> <span class='ocrx_word' id='word_1_406' title='bbox 2866 1181 3001 1246; x_wconf 89' lang='lat' dir='ltr'><strong>Nos</strong></span> <span class='ocrx_word' id='word_1_407' title='bbox 3026 1203 3143 1265; x_wconf 92' lang='lat' dir='ltr'><strong>pro</strong></span> <span class='ocrx_word' id='word_1_408' title='bbox 3167 1183 3377 1267; x_wconf 88' lang='lat' dir='ltr'><strong>gratia</strong></span> <span class='ocrx_word' id='word_1_409' title='bbox 3412 1202 3450 1247; x_wconf 85' lang='lat' dir='ltr'><strong>a</strong></span> <span class='ocrx_word' id='word_1_410' title='bbox 3472 1182 3739 1248; x_wconf 89' lang='lat' dir='ltr'><strong>Christo</strong></span> <span class='ocrx_word' id='word_1_411' title='bbox 3774 1182 3962 1247; x_wconf 90' lang='lat' dir='ltr'><strong>nobis</strong></span> <span class='ocrx_word' id='word_1_412' title='bbox 4005 1182 4514 1261; x_wconf 88' lang='lat' dir='ltr'><strong>subministrata,</strong></span> 
     </span>
     <span class='ocr_line' id='line_1_64' title="bbox 2569 1266 4517 1351; baseline 0.001 -21"><span class='ocrx_word' id='word_1_413' title='bbox 2569 1268 2640 1331; x_wconf 91' lang='lat' dir='ltr'><strong>in</strong></span> <span class='ocrx_word' id='word_1_414' title='bbox 2685 1266 3158 1351; x_wconf 88' lang='lat' dir='ltr'><strong>propugnanda</strong></span> <span class='ocrx_word' id='word_1_415' title='bbox 3194 1268 3446 1334; x_wconf 81' lang='lat' dir='ltr'><strong>Christi</strong></span> <span class='ocrx_word' id='word_1_416' title='bbox 3500 1270 3779 1334; x_wconf 82' lang='lat' dir='ltr'><strong>veritate</strong></span> <span class='ocrx_word' id='word_1_417' title='bbox 3831 1268 4057 1334; x_wconf 91' lang='lat' dir='ltr'><strong>sedule</strong></span> <span class='ocrx_word' id='word_1_418' title='bbox 4114 1280 4181 1334; x_wconf 91' lang='lat' dir='ltr'><strong>et</strong></span> <span class='ocrx_word' id='word_1_419' title='bbox 4224 1269 4517 1334; x_wconf 90' lang='lat' dir='ltr'><strong>animose</strong></span> 
     </span>
     <span class='ocr_line' id='line_1_65' title="bbox 2569 1353 4516 1439; baseline 0 -20"><span class='ocrx_word' id='word_1_420' title='bbox 2569 1360 2799 1419; x_wconf 87' lang='lat' dir='ltr'><strong>eontra</strong></span> <span class='ocrx_word' id='word_1_421' title='bbox 2864 1374 3089 1419; x_wconf 91' lang='lat' dir='ltr'><strong>omnes</strong></span> <span class='ocrx_word' id='word_1_422' title='bbox 3167 1354 3660 1438; x_wconf 87' lang='lat' dir='ltr'><strong>impugnatores</strong></span> <span class='ocrx_word' id='word_1_423' title='bbox 3738 1354 3932 1419; x_wconf 89' lang='lat' dir='ltr'><strong>huius</strong></span> <span class='ocrx_word' id='word_1_424' title='bbox 4005 1353 4516 1439; x_wconf 84' lang='lat' dir='ltr'><strong>invigilabimus.</strong></span> 
     </span>
     <span class='ocr_line' id='line_1_66' title="bbox 2574 1438 4517 1507; baseline 0.001 -3"><span class='ocrx_word' id='word_1_425' title='bbox 2574 1438 2901 1504; x_wconf 77' lang='lat' dir='ltr'><strong>Calvinum</strong></span> <span class='ocrx_word' id='word_1_426' title='bbox 2945 1440 3203 1504; x_wconf 90' lang='lat' dir='ltr'><strong>fidelem</strong></span> <span class='ocrx_word' id='word_1_427' title='bbox 3250 1440 3498 1506; x_wconf 85' lang='lat' dir='ltr'><strong>Christi</strong></span> <span class='ocrx_word' id='word_1_428' title='bbox 3554 1441 3861 1507; x_wconf 85' lang='lat' dir='ltr'><strong>ecclesiae</strong></span> <span class='ocrx_word' id='word_1_429' title='bbox 3905 1441 4278 1506; x_wconf 87' lang='lat' dir='ltr'><strong>ministrum</strong></span> <span class='ocrx_word' id='word_1_430' title='bbox 4320 1441 4517 1506; x_wconf 88' lang='lat' dir='ltr'><strong>audio</strong></span> 
     </span>
     <span class='ocr_line' id='line_1_67' title="bbox 2570 1524 4519 1609; baseline 0.001 -18"><span class='ocrx_word' id='word_1_431' title='bbox 2570 1534 2801 1591; x_wconf 89' lang='lat' dir='ltr'><strong>eontra</strong></span> <span class='ocrx_word' id='word_1_432' title='bbox 2862 1524 3285 1609; x_wconf 76' lang='lat' dir='ltr'><strong>Westphalum</strong></span> <span class='ocrx_word' id='word_1_433' title='bbox 3335 1526 3523 1591; x_wconf 91' lang='lat' dir='ltr'><strong>illum</strong></span> <span class='ocrx_word' id='word_1_434' title='bbox 3580 1526 3862 1592; x_wconf 86' lang='lat' dir='ltr'><strong>carnalis</strong></span> <span class='ocrx_word' id='word_1_435' title='bbox 3922 1527 4328 1609; x_wconf 84' lang='lat' dir='ltr'><strong>praesentiae</strong></span> <span class='ocrx_word' id='word_1_436' title='bbox 4401 1526 4519 1591; x_wconf 88' lang='lat' dir='ltr'><strong>ad-</strong></span> 
     </span>
     <span class='ocr_line' id='line_1_68' title="bbox 2568 1611 4518 1695; baseline 0.001 -18"><span class='ocrx_word' id='word_1_437' title='bbox 2568 1619 2881 1677; x_wconf 85' lang='lat' dir='ltr'><strong>sertorem</strong></span> <span class='ocrx_word' id='word_1_438' title='bbox 2941 1612 3011 1675; x_wconf 90' lang='lat' dir='ltr'><strong>in</strong></span> <span class='ocrx_word' id='word_1_439' title='bbox 3056 1613 3257 1678; x_wconf 89' lang='lat' dir='ltr'><strong>aciem</strong></span> <span class='ocrx_word' id='word_1_440' title='bbox 3303 1611 3619 1695; x_wconf 86' lang='lat' dir='ltr'><strong>prodiisse</strong></span> <span class='ocrx_word' id='word_1_441' title='bbox 3641 1618 3693 1690; x_wconf 85' lang='lat'><strong>⁴)</strong></span> <span class='ocrx_word' id='word_1_442' title='bbox 3754 1621 3934 1679; x_wconf 91' lang='lat' dir='ltr'><strong>scuto</strong></span> <span class='ocrx_word' id='word_1_443' title='bbox 3991 1624 4253 1678; x_wconf 88' lang='lat' dir='ltr'><strong>sanetae</strong></span> <span class='ocrx_word' id='word_1_444' title='bbox 4297 1614 4518 1679; x_wconf 91' lang='lat' dir='ltr'><strong>ortho-</strong></span> 
     </span>
     <span class='ocr_line' id='line_1_69' title="bbox 2570 1694 4519 1783; baseline 0.002 -22"><span class='ocrx_word' id='word_1_445' title='bbox 2570 1695 2778 1761; x_wconf 79' lang='lat' dir='ltr'><strong>doxae</strong></span> <span class='ocrx_word' id='word_1_446' title='bbox 2824 1694 3030 1783; x_wconf 72' lang='lat' dir='ltr'><strong>[fidei]</strong></span> <span class='ocrx_word' id='word_1_447' title='bbox 3078 1697 3563 1781; x_wconf 86' lang='lat' dir='ltr'><strong>impenetrabili</strong></span> <span class='ocrx_word' id='word_1_448' title='bbox 3621 1700 4055 1782; x_wconf 81' lang='lat' dir='ltr'><strong>excipientem</strong></span> <span class='ocrx_word' id='word_1_449' title='bbox 4112 1699 4339 1777; x_wconf 87' lang='lat' dir='ltr'><strong>iacula,</strong></span> <span class='ocrx_word' id='word_1_450' title='bbox 4398 1720 4519 1765; x_wconf 90' lang='lat' dir='ltr'><strong>nec</strong></span> 
     </span>
     <span class='ocr_line' id='line_1_70' title="bbox 2570 1782 4521 1867; baseline 0.001 -19"><span class='ocrx_word' id='word_1_451' title='bbox 2570 1804 2703 1848; x_wconf 91' lang='lat' dir='ltr'><strong>non</strong></span> <span class='ocrx_word' id='word_1_452' title='bbox 2749 1792 2814 1846; x_wconf 92' lang='lat' dir='ltr'><strong>et</strong></span> <span class='ocrx_word' id='word_1_453' title='bbox 2858 1787 3057 1847; x_wconf 86' lang='lat' dir='ltr'><strong>armis</strong></span> <span class='ocrx_word' id='word_1_454' title='bbox 3102 1785 3303 1849; x_wconf 87' lang='lat' dir='ltr'><strong>curtis</strong></span> <span class='ocrx_word' id='word_1_455' title='bbox 3347 1782 3611 1867; x_wconf 90' lang='lat' dir='ltr'><strong>quidem</strong></span> <span class='ocrx_word' id='word_1_456' title='bbox 3656 1783 3769 1850; x_wconf 91' lang='lat' dir='ltr'><strong>sed</strong></span> <span class='ocrx_word' id='word_1_457' title='bbox 3813 1786 3909 1849; x_wconf 89' lang='lat' dir='ltr'><strong>uti</strong></span> <span class='ocrx_word' id='word_1_458' title='bbox 3971 1786 4139 1850; x_wconf 85' lang='lat' dir='ltr'><strong>ferre</strong></span> <span class='ocrx_word' id='word_1_459' title='bbox 4198 1784 4362 1850; x_wconf 90' lang='lat' dir='ltr'><strong>solet</strong></span> <span class='ocrx_word' id='word_1_460' title='bbox 4405 1786 4521 1850; x_wconf 78' lang='lat' dir='ltr'><strong>fu·-</strong></span> 
     </span>
     <span class='ocr_line' id='line_1_71' title="bbox 2569 1869 3070 1935; baseline 0.002 -2"><span class='ocrx_word' id='word_1_461' title='bbox 2569 1870 2694 1934; x_wconf 90' lang='lat' dir='ltr'><strong>mis</strong></span> <span class='ocrx_word' id='word_1_462' title='bbox 2736 1877 2804 1934; x_wconf 92' lang='lat' dir='ltr'><strong>et</strong></span> <span class='ocrx_word' id='word_1_463' title='bbox 2845 1869 3070 1935; x_wconf 75' lang='lat' dir='ltr'><strong>acutis.</strong></span> 
     </span>
    </p>

    <p class='ocr_par' dir='ltr' id='par_1_22' title="bbox 2569 1955 4528 3334">
     <span class='ocr_line' id='line_1_72' title="bbox 2740 1955 4519 2040; baseline 0.001 -21"><span class='ocrx_word' id='word_1_464' title='bbox 2740 1956 3047 2021; x_wconf 85' lang='lat' dir='ltr'><strong>Breviter</strong></span> <span class='ocrx_word' id='word_1_465' title='bbox 3066 1959 3120 2032; x_wconf 67' lang='grc' dir='ltr'><strong>ὃ)</strong></span> <span class='ocrx_word' id='word_1_466' title='bbox 3179 1956 3407 2020; x_wconf 90' lang='lat' dir='ltr'><strong>multis</strong></span> <span class='ocrx_word' id='word_1_467' title='bbox 3464 1956 3626 2020; x_wconf 91' lang='lat' dir='ltr'><strong>mihi</strong></span> <span class='ocrx_word' id='word_1_468' title='bbox 3687 1955 3793 2022; x_wconf 90' lang='lat' dir='ltr'><strong>hic</strong></span> <span class='ocrx_word' id='word_1_469' title='bbox 3852 1956 4107 2022; x_wconf 88' lang='lat' dir='ltr'><strong>libellus</strong></span> <span class='ocrx_word' id='word_1_470' title='bbox 4160 1955 4519 2040; x_wconf 82' lang='lat' dir='ltr'><strong>perbrevis,</strong></span> 
     </span>
     <span class='ocr_line' id='line_1_73' title="bbox 2569 2040 4519 2124; baseline 0 -19"><span class='ocrx_word' id='word_1_471' title='bbox 2569 2061 2609 2105; x_wconf 90' lang='lat' dir='ltr'><strong>a</strong></span> <span class='ocrx_word' id='word_1_472' title='bbox 2651 2040 2935 2124; x_wconf 90' lang='lat' dir='ltr'><strong>quodam</strong></span> <span class='ocrx_word' id='word_1_473' title='bbox 2978 2042 3329 2108; x_wconf 87' lang='lat' dir='ltr'><strong>Basiliensi</strong></span> <span class='ocrx_word' id='word_1_474' title='bbox 3386 2042 3687 2108; x_wconf 89' lang='lat' dir='ltr'><strong>laudatus</strong></span> <span class='ocrx_word' id='word_1_475' title='bbox 3746 2054 3811 2107; x_wconf 87' lang='lat' dir='ltr'><strong>et</strong></span> <span class='ocrx_word' id='word_1_476' title='bbox 3863 2040 4355 2109; x_wconf 87' lang='lat' dir='ltr'><strong>commendatus</strong></span> <span class='ocrx_word' id='word_1_477' title='bbox 4399 2051 4519 2107; x_wconf 88' lang='lat' dir='ltr'><strong>est.</strong></span> 
     </span>
     <span class='ocr_line' id='line_1_74' title="bbox 2572 2125 4519 2213; baseline 0 -21"><span class='ocrx_word' id='word_1_478' title='bbox 2572 2125 2783 2207; x_wconf 79' lang='lat' dir='ltr'><strong>Quem</strong></span> <span class='ocrx_word' id='word_1_479' title='bbox 2823 2128 2964 2191; x_wconf 86' lang='lat' dir='ltr'><strong>fieri</strong></span> <span class='ocrx_word' id='word_1_480' title='bbox 3010 2129 3065 2192; x_wconf 89' lang='lat' dir='ltr'><strong>si</strong></span> <span class='ocrx_word' id='word_1_481' title='bbox 3110 2136 3342 2213; x_wconf 88' lang='lat' dir='ltr'><strong>petest,</strong></span> <span class='ocrx_word' id='word_1_482' title='bbox 3388 2129 3860 2194; x_wconf 88' lang='lat' dir='ltr'><strong>humanissime</strong></span> <span class='ocrx_word' id='word_1_483' title='bbox 3900 2128 4276 2212; x_wconf 56' lang='lat' dir='ltr'><strong>Bullinyera</strong></span> <span class='ocrx_word' id='word_1_484' title='bbox 4321 2138 4397 2193; x_wconf 89' lang='lat' dir='ltr'><strong>ut</strong></span> <span class='ocrx_word' id='word_1_485' title='bbox 4438 2126 4519 2193; x_wconf 90' lang='lat' dir='ltr'><strong>de</strong></span> 
     </span>
     <span class='ocr_line' id='line_1_75' title="bbox 2570 2211 4523 2297; baseline 0 -19"><span class='ocrx_word' id='word_1_486' title='bbox 2570 2212 2763 2278; x_wconf 91' lang='lat' dir='ltr'><strong>rebus</strong></span> <span class='ocrx_word' id='word_1_487' title='bbox 2810 2211 3103 2296; x_wconf 87' lang='lat' dir='ltr'><strong>Anglicis</strong></span> <span class='ocrx_word' id='word_1_488' title='bbox 3149 2216 3432 2279; x_wconf 81' lang='lat' dir='ltr'><strong>maxime</strong></span> <span class='ocrx_word' id='word_1_489' title='bbox 3479 2213 3557 2279; x_wconf 88' lang='lat' dir='ltr'><strong>de</strong></span> <span class='ocrx_word' id='word_1_490' title='bbox 3604 2214 4045 2297; x_wconf 85' lang='lat' dir='ltr'><strong>disputatione</strong></span> <span class='ocrx_word' id='word_1_491' title='bbox 4088 2214 4523 2281; x_wconf 87' lang='lat' dir='ltr'><strong>eucharistiae</strong></span> 
     </span>
     <span class='ocr_line' id='line_1_76' title="bbox 2573 2297 4521 2385; baseline -0.001 -22"><span class='ocrx_word' id='word_1_492' title='bbox 2573 2297 2859 2363; x_wconf 87' lang='lat' dir='ltr'><strong>Londini</strong></span> <span class='ocrx_word' id='word_1_493' title='bbox 2903 2300 2974 2363; x_wconf 91' lang='lat' dir='ltr'><strong>in</strong></span> <span class='ocrx_word' id='word_1_494' title='bbox 3016 2310 3341 2366; x_wconf 83' lang='lat' dir='ltr'><strong>conventu</strong></span> <span class='ocrx_word' id='word_1_495' title='bbox 3383 2301 3569 2385; x_wconf 87' lang='lat' dir='ltr'><strong>regni</strong></span> <span class='ocrx_word' id='word_1_496' title='bbox 3615 2301 3796 2366; x_wconf 86' lang='lat' dir='ltr'><strong>xviii.</strong></span> <span class='ocrx_word' id='word_1_497' title='bbox 3825 2300 4131 2367; x_wconf 90' lang='lat' dir='ltr'><strong>Octobris</strong></span> <span class='ocrx_word' id='word_1_498' title='bbox 4174 2301 4521 2365; x_wconf 82' lang='lat' dir='ltr'><strong>anni1553</strong></span> 
     </span>
     <span class='ocr_line' id='line_1_77' title="bbox 2572 2385 4521 2469; baseline 0.001 -20"><span class='ocrx_word' id='word_1_499' title='bbox 2572 2385 2812 2464; x_wconf 85' lang='lat' dir='ltr'><strong>habita,</strong></span> <span class='ocrx_word' id='word_1_500' title='bbox 2874 2394 2940 2451; x_wconf 87' lang='lat' dir='ltr'><strong>et</strong></span> <span class='ocrx_word' id='word_1_501' title='bbox 2998 2394 3071 2449; x_wconf 91' lang='lat' dir='ltr'><strong>ut</strong></span> <span class='ocrx_word' id='word_1_502' title='bbox 3124 2387 3324 2464; x_wconf 85' lang='lat' dir='ltr'><strong>aiunt,</strong></span> <span class='ocrx_word' id='word_1_503' title='bbox 3386 2389 3496 2469; x_wconf 91' lang='lat' dir='ltr'><strong>qui</strong></span> <span class='ocrx_word' id='word_1_504' title='bbox 3556 2385 3869 2451; x_wconf 82' lang='lat' dir='ltr'><strong>viderunt</strong></span> <span class='ocrx_word' id='word_1_505' title='bbox 3907 2386 4207 2452; x_wconf 87' lang='lat' dir='ltr'><strong>Rhomae</strong></span> <span class='ocrx_word' id='word_1_506' title='bbox 4263 2405 4521 2452; x_wconf 78' lang='lat' dir='ltr'><strong>excusa.</strong></span> 
     </span>
     <span class='ocr_line' id='line_1_78' title="bbox 2571 2470 4527 2555; baseline 0.001 -20"><span class='ocrx_word' id='word_1_507' title='bbox 2571 2470 2966 2536; x_wconf 89' lang='lat' dir='ltr'><strong>Huiusmodi</strong></span> <span class='ocrx_word' id='word_1_508' title='bbox 3013 2471 3337 2537; x_wconf 89' lang='lat' dir='ltr'><strong>libellulos</strong></span> <span class='ocrx_word' id='word_1_509' title='bbox 3393 2475 3445 2537; x_wconf 88' lang='lat' dir='ltr'><strong>si</strong></span> <span class='ocrx_word' id='word_1_510' title='bbox 3502 2472 3672 2555; x_wconf 89' lang='lat' dir='ltr'><strong>apud</strong></span> <span class='ocrx_word' id='word_1_511' title='bbox 3716 2494 3837 2538; x_wconf 81' lang='lat' dir='ltr'><strong>vos</strong></span> <span class='ocrx_word' id='word_1_512' title='bbox 3883 2479 4221 2537; x_wconf 82' lang='lat' dir='ltr'><strong>exstarent</strong></span> <span class='ocrx_word' id='word_1_513' title='bbox 4265 2481 4331 2536; x_wconf 92' lang='lat' dir='ltr'><strong>et</strong></span> <span class='ocrx_word' id='word_1_514' title='bbox 4373 2492 4527 2553; x_wconf 85' lang='lat' dir='ltr'><strong>pre·</strong></span> 
     </span>
     <span class='ocr_line' id='line_1_79' title="bbox 2571 2557 4525 2642; baseline 0.002 -21"><span class='ocrx_word' id='word_1_515' title='bbox 2571 2564 2824 2622; x_wconf 87' lang='lat' dir='ltr'><strong>starent</strong></span> <span class='ocrx_word' id='word_1_516' title='bbox 2867 2578 2980 2622; x_wconf 91' lang='lat' dir='ltr'><strong>oro</strong></span> <span class='ocrx_word' id='word_1_517' title='bbox 3045 2568 3111 2623; x_wconf 89' lang='lat' dir='ltr'><strong>et</strong></span> <span class='ocrx_word' id='word_1_518' title='bbox 3175 2559 3471 2635; x_wconf 89' lang='lat' dir='ltr'><strong>obsecro,</strong></span> <span class='ocrx_word' id='word_1_519' title='bbox 3536 2560 3626 2622; x_wconf 92' lang='lat' dir='ltr'><strong>mi</strong></span> <span class='ocrx_word' id='word_1_520' title='bbox 3685 2559 3767 2623; x_wconf 93' lang='lat' dir='ltr'><strong>D.</strong></span> <span class='ocrx_word' id='word_1_521' title='bbox 3826 2557 4215 2642; x_wconf 74' lang='lat' dir='ltr'><strong>Bullinyere,</strong></span> <span class='ocrx_word' id='word_1_522' title='bbox 4276 2558 4525 2624; x_wconf 85' lang='lat' dir='ltr'><strong>indices</strong></span> 
     </span>
     <span class='ocr_line' id='line_1_80' title="bbox 2572 2642 4523 2729; baseline 0.002 -23"><span class='ocrx_word' id='word_1_523' title='bbox 2572 2643 2805 2707; x_wconf 88' lang='lat' dir='ltr'><strong>Ioanni</strong></span> <span class='ocrx_word' id='word_1_524' title='bbox 2834 2642 3103 2710; x_wconf 74' lang='lat' dir='ltr'><strong>Funetio</strong></span> <span class='ocrx_word' id='word_1_525' title='bbox 3124 2646 3177 2727; x_wconf 78' lang='lat'><strong>⁶)</strong></span> <span class='ocrx_word' id='word_1_526' title='bbox 3202 2644 3726 2728; x_wconf 83' lang='lat' dir='ltr'><strong>Memmingensi,</strong></span> <span class='ocrx_word' id='word_1_527' title='bbox 3752 2646 4064 2729; x_wconf 88' lang='lat' dir='ltr'><strong>municipi</strong></span> <span class='ocrx_word' id='word_1_528' title='bbox 4085 2663 4263 2709; x_wconf 89' lang='lat' dir='ltr'><strong>nunc</strong></span> <span class='ocrx_word' id='word_1_529' title='bbox 4287 2652 4523 2723; x_wconf 83' lang='lat' dir='ltr'><strong>vestre,</strong></span> 
     </span>
     <span class='ocr_line' id='line_1_81' title="bbox 2573 2729 4523 2814; baseline 0 -20"><span class='ocrx_word' id='word_1_530' title='bbox 2573 2730 2941 2794; x_wconf 84' lang='lat' dir='ltr'><strong>Mecaenati</strong></span> <span class='ocrx_word' id='word_1_531' title='bbox 2984 2751 3128 2795; x_wconf 90' lang='lat' dir='ltr'><strong>meo</strong></span> <span class='ocrx_word' id='word_1_532' title='bbox 3171 2750 3456 2807; x_wconf 89' lang='lat' dir='ltr'><strong>summe,</strong></span> <span class='ocrx_word' id='word_1_533' title='bbox 3518 2732 3629 2813; x_wconf 93' lang='lat' dir='ltr'><strong>qui</strong></span> <span class='ocrx_word' id='word_1_534' title='bbox 3688 2740 4015 2814; x_wconf 89' lang='lat' dir='ltr'><strong>coemptos</strong></span> <span class='ocrx_word' id='word_1_535' title='bbox 4076 2729 4239 2795; x_wconf 91' lang='lat' dir='ltr'><strong>mihi</strong></span> <span class='ocrx_word' id='word_1_536' title='bbox 4284 2730 4523 2795; x_wconf 82' lang='lat' dir='ltr'><strong>mittet.</strong></span> 
     </span>
     <span class='ocr_line' id='line_1_82' title="bbox 2573 2814 4521 2901; baseline 0.002 -23"><span class='ocrx_word' id='word_1_537' title='bbox 2573 2814 2760 2893; x_wconf 86' lang='lat' dir='ltr'><strong>Vale,</strong></span> <span class='ocrx_word' id='word_1_538' title='bbox 2808 2815 3178 2882; x_wconf 86' lang='lat' dir='ltr'><strong>doctissime</strong></span> <span class='ocrx_word' id='word_1_539' title='bbox 3212 2817 3305 2880; x_wconf 93' lang='lat' dir='ltr'><strong>mi</strong></span> <span class='ocrx_word' id='word_1_540' title='bbox 3330 2815 3719 2899; x_wconf 72' lang='lat' dir='ltr'><strong>Btdlinyere,</strong></span> <span class='ocrx_word' id='word_1_541' title='bbox 3765 2837 3915 2882; x_wconf 90' lang='lat' dir='ltr'><strong>cum</strong></span> <span class='ocrx_word' id='word_1_542' title='bbox 3960 2817 4253 2901; x_wconf 85' lang='lat' dir='ltr'><strong>coniuge,</strong></span> <span class='ocrx_word' id='word_1_543' title='bbox 4299 2814 4521 2881; x_wconf 86' lang='lat' dir='ltr'><strong>liberis</strong></span> 
     </span>
     <span class='ocr_line' id='line_1_83' title="bbox 2575 2901 4528 2968; baseline 0.001 -3"><span class='ocrx_word' id='word_1_544' title='bbox 2575 2922 2649 2967; x_wconf 91' lang='lat' dir='ltr'><strong>ac</strong></span> <span class='ocrx_word' id='word_1_545' title='bbox 2705 2903 2883 2966; x_wconf 91' lang='lat' dir='ltr'><strong>omni</strong></span> <span class='ocrx_word' id='word_1_546' title='bbox 2940 2902 3130 2967; x_wconf 90' lang='lat' dir='ltr'><strong>dome</strong></span> <span class='ocrx_word' id='word_1_547' title='bbox 3185 2911 3299 2967; x_wconf 87' lang='lat' dir='ltr'><strong>tua</strong></span> <span class='ocrx_word' id='word_1_548' title='bbox 3358 2903 3429 2966; x_wconf 89' lang='lat' dir='ltr'><strong>in</strong></span> <span class='ocrx_word' id='word_1_549' title='bbox 3486 2903 3752 2968; x_wconf 87' lang='lat' dir='ltr'><strong>Christe</strong></span> <span class='ocrx_word' id='word_1_550' title='bbox 3808 2903 4201 2968; x_wconf 89' lang='lat' dir='ltr'><strong>felicissime.</strong></span> <span class='ocrx_word' id='word_1_551' title='bbox 4289 2901 4528 2967; x_wconf 85' lang='lat' dir='ltr'><strong>Ioanni</strong></span> 
     </span>
     <span class='ocr_line' id='line_1_84' title="bbox 2592 2986 4525 3072; baseline 0 -20"><span class='ocrx_word' id='word_1_552' title='bbox 2592 2986 2973 3065; x_wconf 74' lang='lat' dir='ltr'><strong>Waeckerlin</strong></span> <span class='ocrx_word' id='word_1_553' title='bbox 3017 2990 3263 3071; x_wconf 87' lang='lat' dir='ltr'><strong>pastori</strong></span> <span class='ocrx_word' id='word_1_554' title='bbox 3308 2989 3376 3051; x_wconf 93' lang='lat' dir='ltr'><strong>in</strong></span> <span class='ocrx_word' id='word_1_555' title='bbox 3424 2988 3714 3066; x_wconf 85' lang='lat' dir='ltr'><strong>Gessau,</strong></span> <span class='ocrx_word' id='word_1_556' title='bbox 3775 2988 3885 3053; x_wconf 90' lang='lat' dir='ltr'><strong>ubi</strong></span> <span class='ocrx_word' id='word_1_557' title='bbox 3940 3011 4060 3072; x_wconf 85' lang='lat' dir='ltr'><strong>per</strong></span> <span class='ocrx_word' id='word_1_558' title='bbox 4103 2989 4525 3054; x_wconf 85' lang='lat' dir='ltr'><strong>tabellionem</strong></span> 
     </span>
     <span class='ocr_line' id='line_1_85' title="bbox 2575 3074 4527 3158; baseline 0 -18"><span class='ocrx_word' id='word_1_559' title='bbox 2575 3074 2680 3140; x_wconf 78' lang='lat' dir='ltr'><strong>vel</strong></span> <span class='ocrx_word' id='word_1_560' title='bbox 2726 3075 3129 3141; x_wconf 79' lang='lat' dir='ltr'><strong>occasionem</strong></span> <span class='ocrx_word' id='word_1_561' title='bbox 3183 3074 3441 3140; x_wconf 86' lang='lat' dir='ltr'><strong>licuerit</strong></span> <span class='ocrx_word' id='word_1_562' title='bbox 3496 3095 3725 3158; x_wconf 87' lang='lat' dir='ltr'><strong>precer</strong></span> <span class='ocrx_word' id='word_1_563' title='bbox 3781 3075 4062 3141; x_wconf 87' lang='lat' dir='ltr'><strong>salutem</strong></span> <span class='ocrx_word' id='word_1_564' title='bbox 4107 3074 4301 3143; x_wconf 87' lang='lat' dir='ltr'><strong>dicas.</strong></span> <span class='ocrx_word' id='word_1_565' title='bbox 4392 3074 4527 3140; x_wconf 77' lang='lat' dir='ltr'><strong>Mi-</strong></span> 
     </span>
     <span class='ocr_line' id='line_1_86' title="bbox 2575 3160 4528 3245; baseline 0.001 -20"><span class='ocrx_word' id='word_1_566' title='bbox 2575 3181 2801 3225; x_wconf 88' lang='lat' dir='ltr'><strong>ramur</strong></span> <span class='ocrx_word' id='word_1_567' title='bbox 2847 3160 3126 3244; x_wconf 76' lang='lat' dir='ltr'><strong>Maynus</strong></span> <span class='ocrx_word' id='word_1_568' title='bbox 3168 3169 3233 3226; x_wconf 93' lang='lat' dir='ltr'><strong>et</strong></span> <span class='ocrx_word' id='word_1_569' title='bbox 3289 3180 3411 3244; x_wconf 85' lang='lat' dir='ltr'><strong>ego</strong></span> <span class='ocrx_word' id='word_1_570' title='bbox 3469 3162 3638 3243; x_wconf 90' lang='lat' dir='ltr'><strong>quod</strong></span> <span class='ocrx_word' id='word_1_571' title='bbox 3684 3162 3851 3227; x_wconf 88' lang='lat' dir='ltr'><strong>nihil</strong></span> <span class='ocrx_word' id='word_1_572' title='bbox 3895 3162 4211 3229; x_wconf 89' lang='lat' dir='ltr'><strong>hactenus</strong></span> <span class='ocrx_word' id='word_1_573' title='bbox 4254 3181 4528 3245; x_wconf 88' lang='lat' dir='ltr'><strong>respon-</strong></span> 
     </span>
     <span class='ocr_line' id='line_1_87' title="bbox 2577 3246 4525 3334; baseline 0.001 -23"><span class='ocrx_word' id='word_1_574' title='bbox 2577 3246 2761 3312; x_wconf 89' lang='lat' dir='ltr'><strong>derit.</strong></span> <span class='ocrx_word' id='word_1_575' title='bbox 2850 3247 3117 3312; x_wconf 91' lang='lat' dir='ltr'><strong>Iterum.</strong></span> <span class='ocrx_word' id='word_1_576' title='bbox 3204 3246 3311 3311; x_wconf 84' lang='lat' dir='ltr'><strong>Ex</strong></span> <span class='ocrx_word' id='word_1_577' title='bbox 3369 3246 3808 3334; x_wconf 85' lang='lat' dir='ltr'><strong>Memminga,</strong></span> <span class='ocrx_word' id='word_1_578' title='bbox 3866 3271 3975 3315; x_wconf 82' lang='lat' dir='ltr'><strong>xv.</strong></span> <span class='ocrx_word' id='word_1_579' title='bbox 4035 3248 4177 3316; x_wconf 89' lang='lat' dir='ltr'><strong>Cal.</strong></span> <span class='ocrx_word' id='word_1_580' title='bbox 4237 3249 4525 3333; x_wconf 88' lang='lat' dir='ltr'><strong>Augusti</strong></span> 
     </span>
    </p>
   </div>
   <div class='ocr_carea' id='block_1_20' title="bbox 2954 3470 4435 3746">
    <p class='ocr_par' dir='ltr' id='par_1_23' title="bbox 2954 3470 4435 3746">
     <span class='ocr_line' id='line_1_88' title="bbox 2954 3470 4071 3538; baseline 0.004 -5"><span class='ocrx_word' id='word_1_581' title='bbox 2954 3481 3105 3536; x_wconf 89' lang='lat' dir='ltr'><strong>tuae</strong></span> <span class='ocrx_word' id='word_1_582' title='bbox 3153 3470 3583 3538; x_wconf 86' lang='lat' dir='ltr'><strong>humanitatis</strong></span> <span class='ocrx_word' id='word_1_583' title='bbox 3626 3470 4071 3538; x_wconf 85' lang='lat' dir='ltr'><strong>deditissimus</strong></span> 
     </span>
     <span class='ocr_line' id='line_1_89' title="bbox 3253 3573 4181 3640; baseline 0.002 -2"><span class='ocrx_word' id='word_1_584' title='bbox 3253 3573 3798 3640; x_wconf 85' lang='lat' dir='ltr'><strong>Bartholomaeus</strong></span> <span class='ocrx_word' id='word_1_585' title='bbox 3840 3574 4181 3640; x_wconf 88' lang='lat' dir='ltr'><strong>Bertlinus</strong></span> 
     </span>
     <span class='ocr_line' id='line_1_90' title="bbox 3431 3676 4435 3746; baseline 0.004 -5"><span class='ocrx_word' id='word_1_586' title='bbox 3431 3676 3764 3744; x_wconf 86' lang='lat' dir='ltr'><strong>Ecclesiae</strong></span> <span class='ocrx_word' id='word_1_587' title='bbox 3809 3677 4059 3744; x_wconf 89' lang='lat' dir='ltr'><strong>Christi</strong></span> <span class='ocrx_word' id='word_1_588' title='bbox 4104 3677 4435 3746; x_wconf 80' lang='lat' dir='ltr'><strong>Minister.</strong></span> 
     </span>
    </p>
   </div>
   <div class='ocr_carea' id='block_1_21' title="bbox 2698 3851 2836 3859">
    <p class='ocr_par' dir='ltr' id='par_1_24' title="bbox 2698 3851 2836 3859">
     <span class='ocr_line' id='line_1_91' title="bbox 2698 3851 2836 3859; baseline -0.007 0"><span class='ocrx_word' id='word_1_589' title='bbox 2698 3851 2836 3859; x_wconf 52' lang='lat' dir='ltr'><strong><em>—r—-—-—-</em></strong></span> 
     </span>
    </p>
   </div>
   <div class='ocr_carea' id='block_1_22' title="bbox 2573 3966 4529 4590">
    <p class='ocr_par' dir='ltr' id='par_1_25' title="bbox 2780 3966 3795 4038">
     <span class='ocr_line' id='line_1_92' title="bbox 2780 3966 3795 4038; baseline 0.003 -18"><span class='ocrx_word' id='word_1_590' title='bbox 2780 3966 2841 4031; x_wconf 79' lang='lat'><strong>4)</strong></span> <span class='ocrx_word' id='word_1_591' title='bbox 2882 3966 2997 4022; x_wconf 81' lang='lat' dir='ltr'><strong>Pro</strong></span> <span class='ocrx_word' id='word_1_592' title='bbox 3032 3974 3263 4036; x_wconf 77' lang='lat' dir='ltr'><strong>tempere</strong></span> <span class='ocrx_word' id='word_1_593' title='bbox 3296 3967 3539 4023; x_wconf 74' lang='lat' dir='ltr'><strong>nondum</strong></span> <span class='ocrx_word' id='word_1_594' title='bbox 3566 3969 3795 4038; x_wconf 75' lang='lat' dir='ltr'><strong>prodiit.</strong></span> 
     </span>
    </p>

    <p class='ocr_par' dir='ltr' id='par_1_26' title="bbox 2573 4035 4529 4522">
     <span class='ocr_line' id='line_1_93' title="bbox 2779 4035 4521 4106; baseline 0.002 -18"><span class='ocrx_word' id='word_1_595' title='bbox 2779 4035 2837 4104; x_wconf 87' lang='grc'><strong>5)</strong></span> <span class='ocrx_word' id='word_1_596' title='bbox 2874 4036 3039 4091; x_wconf 72' lang='lat' dir='ltr'><strong>Hunc</strong></span> <span class='ocrx_word' id='word_1_597' title='bbox 3073 4037 3244 4092; x_wconf 75' lang='grc' dir='ltr'><strong><em>ῑοσαηι</em></strong></span> <span class='ocrx_word' id='word_1_598' title='bbox 3277 4044 3589 4106; x_wconf 74' lang='lat' dir='ltr'><strong>corruptum</strong></span> <span class='ocrx_word' id='word_1_599' title='bbox 3624 4053 3737 4092; x_wconf 73' lang='lat' dir='ltr'><strong>esee</strong></span> <span class='ocrx_word' id='word_1_600' title='bbox 3772 4038 3879 4092; x_wconf 74' lang='grc' dir='ltr'><strong>ιἀοη</strong></span> <span class='ocrx_word' id='word_1_601' title='bbox 3904 4037 4165 4092; x_wconf 73' lang='lat' dir='ltr'><strong>Simlerue</strong></span> <span class='ocrx_word' id='word_1_602' title='bbox 4199 4035 4521 4104; x_wconf 68' lang='lat' dir='ltr'><strong>observavit,</strong></span> 
     </span>
     <span class='ocr_line' id='line_1_94' title="bbox 2574 4106 4523 4176; baseline 0 -16"><span class='ocrx_word' id='word_1_603' title='bbox 2574 4108 2732 4162; x_wconf 76' lang='lat' dir='ltr'><strong>nobis</strong></span> <span class='ocrx_word' id='word_1_604' title='bbox 2775 4121 2900 4160; x_wconf 77' lang='lat' dir='ltr'><strong>vere</strong></span> <span class='ocrx_word' id='word_1_605' title='bbox 2947 4107 3289 4176; x_wconf 65' lang='lat' dir='ltr'><strong>autemapho</strong></span> <span class='ocrx_word' id='word_1_606' title='bbox 3332 4107 3620 4176; x_wconf 72' lang='lat' dir='ltr'><strong>diliqentcr</strong></span> <span class='ocrx_word' id='word_1_607' title='bbox 3664 4108 3856 4163; x_wconf 74' lang='lat' dir='ltr'><strong>cauato</strong></span> <span class='ocrx_word' id='word_1_608' title='bbox 3900 4113 3982 4162; x_wconf 67' lang='lat' dir='ltr'><strong>sic</strong></span> <span class='ocrx_word' id='word_1_609' title='bbox 4014 4109 4097 4162; x_wconf 67' lang='lat' dir='ltr'><strong>iba·</strong></span> <span class='ocrx_word' id='word_1_610' title='bbox 4127 4109 4235 4175; x_wconf 68' lang='lat' dir='ltr'><strong>lem·</strong></span> <span class='ocrx_word' id='word_1_611' title='bbox 4266 4106 4523 4161; x_wconf 62' lang='lat' dir='ltr'><strong>vidium.</strong></span> 
     </span>
     <span class='ocr_line' id='line_1_95' title="bbox 2580 4174 4525 4243; baseline 0.001 -13"><span class='ocrx_word' id='word_1_612' title='bbox 2580 4174 2863 4231; x_wconf 76' lang='lat' dir='ltr'><strong>Caeterum</strong></span> <span class='ocrx_word' id='word_1_613' title='bbox 2898 4175 3048 4243; x_wconf 75' lang='lat' dir='ltr'><strong>loqui</strong></span> <span class='ocrx_word' id='word_1_614' title='bbox 3079 4176 3294 4231; x_wconf 70' lang='lat' dir='ltr'><strong>videtur</strong></span> <span class='ocrx_word' id='word_1_615' title='bbox 3328 4176 3395 4230; x_wconf 77' lang='lat' dir='ltr'><strong>de</strong></span> <span class='ocrx_word' id='word_1_616' title='bbox 3432 4177 3826 4232; x_wconf 68' lang='lat' dir='ltr'><strong>Cenaeo-atione</strong></span> <span class='ocrx_word' id='word_1_617' title='bbox 3872 4193 3941 4229; x_wconf 81' lang='lat' dir='ltr'><strong>m.</strong></span> <span class='ocrx_word' id='word_1_618' title='bbox 3982 4174 4209 4232; x_wconf 77' lang='lat' dir='ltr'><strong>Octobrc</strong></span> <span class='ocrx_word' id='word_1_619' title='bbox 4254 4175 4525 4232; x_wconf 68' lang='lat' dir='ltr'><strong>celebrata</strong></span> 
     </span>
     <span class='ocr_line' id='line_1_96' title="bbox 2575 4243 4529 4314; baseline -0.001 -14"><span class='ocrx_word' id='word_1_620' title='bbox 2575 4246 2673 4300; x_wconf 77' lang='lat' dir='ltr'><strong>ubi</strong></span> <span class='ocrx_word' id='word_1_621' title='bbox 2700 4259 2798 4314; x_wconf 80' lang='lat' dir='ltr'><strong>per</strong></span> <span class='ocrx_word' id='word_1_622' title='bbox 2826 4243 3014 4312; x_wconf 77' lang='lat' dir='ltr'><strong>plures</strong></span> <span class='ocrx_word' id='word_1_623' title='bbox 3047 4244 3162 4299; x_wconf 74' lang='lat' dir='ltr'><strong>dies</strong></span> <span class='ocrx_word' id='word_1_624' title='bbox 3195 4245 3263 4299; x_wconf 75' lang='lat' dir='ltr'><strong>de</strong></span> <span class='ocrx_word' id='word_1_625' title='bbox 3296 4247 3463 4300; x_wconf 72' lang='lat' dir='ltr'><strong>missa</strong></span> <span class='ocrx_word' id='word_1_626' title='bbox 3481 4252 3532 4300; x_wconf 82' lang='lat' dir='ltr'><strong>et</strong></span> <span class='ocrx_word' id='word_1_627' title='bbox 3553 4261 3720 4301; x_wconf 77' lang='lat' dir='ltr'><strong>coena</strong></span> <span class='ocrx_word' id='word_1_628' title='bbox 3737 4246 4075 4313; x_wconf 77' lang='lat' dir='ltr'><strong>disputatum</strong></span> <span class='ocrx_word' id='word_1_629' title='bbox 4107 4244 4221 4311; x_wconf 71' lang='lat' dir='ltr'><strong>fuit</strong></span> <span class='ocrx_word' id='word_1_630' title='bbox 4251 4251 4303 4299; x_wconf 74' lang='lat' dir='ltr'><strong>et</strong></span> <span class='ocrx_word' id='word_1_631' title='bbox 4337 4252 4529 4300; x_wconf 70' lang='lat' dir='ltr'><strong>trans-</strong></span> 
     </span>
     <span class='ocr_line' id='line_1_97' title="bbox 2573 4312 4525 4384; baseline 0.001 -17"><span class='ocrx_word' id='word_1_632' title='bbox 2573 4314 2959 4369; x_wconf 63' lang='lat' dir='ltr'><strong>substantiata&gt;</strong></span> <span class='ocrx_word' id='word_1_633' title='bbox 3008 4319 3059 4368; x_wconf 79' lang='lat' dir='ltr'><strong>et</strong></span> <span class='ocrx_word' id='word_1_634' title='bbox 3142 4314 3350 4381; x_wconf 64' lang='lat' dir='ltr'><strong>carifici</strong></span> <span class='ocrx_word' id='word_1_635' title='bbox 3391 4314 3534 4368; x_wconf 72' lang='lat' dir='ltr'><strong>ritus</strong></span> <span class='ocrx_word' id='word_1_636' title='bbox 3577 4316 3782 4369; x_wconf 67' lang='lat' dir='ltr'><strong>canem</strong></span> <span class='ocrx_word' id='word_1_637' title='bbox 3799 4316 4050 4383; x_wconf 74' lang='lat' dir='ltr'><strong>fuerunt.</strong></span> <span class='ocrx_word' id='word_1_638' title='bbox 4120 4314 4241 4384; x_wconf 71' lang='lat' dir='ltr'><strong>(Str</strong></span> <span class='ocrx_word' id='word_1_639' title='bbox 4347 4355 4361 4382; x_wconf 88' lang='lat'>‚</span> <span class='ocrx_word' id='word_1_640' title='bbox 4399 4312 4525 4369; x_wconf 65' lang='lat' dir='ltr'><strong>aad.</strong></span> 
     </span>
     <span class='ocr_line' id='line_1_98' title="bbox 2575 4330 4527 4454; baseline 0.001 -19"><span class='ocrx_word' id='word_1_641' title='bbox 2575 4399 2725 4437; x_wconf 74' lang='lat' dir='ltr'><strong>mem.</strong></span> <span class='ocrx_word' id='word_1_642' title='bbox 2763 4381 2863 4436; x_wconf 88' lang='grc' dir='ltr'><strong>ΠΙ.</strong></span> <span class='ocrx_word' id='word_1_643' title='bbox 2904 4385 2924 4434; x_wconf 90' lang='lat' dir='ltr'><strong>l</strong></span> <span class='ocrx_word' id='word_1_644' title='bbox 3005 4422 3017 4435; x_wconf 97' lang='lat'><strong>.</strong></span> <span class='ocrx_word' id='word_1_645' title='bbox 3053 4330 3138 4437; x_wconf 49' lang='grc' dir='ltr'><strong>δέ)</strong></span> <span class='ocrx_word' id='word_1_646' title='bbox 3154 4398 3294 4454; x_wconf 74' lang='lat' dir='ltr'><strong>seqq.</strong></span> <span class='ocrx_word' id='word_1_647' title='bbox 3367 4381 3517 4438; x_wconf 72' lang='lat' dir='ltr'><strong>Idem</strong></span> <span class='ocrx_word' id='word_1_648' title='bbox 3559 4382 3837 4439; x_wconf 76' lang='lat' dir='ltr'><strong>Oranmer.</strong></span> <span class='ocrx_word' id='word_1_649' title='bbox 3870 4383 3944 4437; x_wconf 91' lang='lat'><strong>11.</strong></span> <span class='ocrx_word' id='word_1_650' title='bbox 3978 4399 4032 4451; x_wconf 79' lang='lat' dir='ltr'><strong>p.</strong></span> <span class='ocrx_word' id='word_1_651' title='bbox 4060 4381 4143 4437; x_wconf 81' lang='lat'><strong>29.</strong></span> <span class='ocrx_word' id='word_1_652' title='bbox 4272 4381 4527 4440; x_wconf 69' lang='lat' dir='ltr'><strong>metu.</strong></span> 
     </span>
     <span class='ocr_line' id='line_1_99' title="bbox 2574 4450 4294 4522; baseline 0.001 -16"><span class='ocrx_word' id='word_1_653' title='bbox 2574 4450 2680 4506; x_wconf 76' lang='lat'><strong>526</strong></span> <span class='ocrx_word' id='word_1_654' title='bbox 2714 4467 2769 4507; x_wconf 75' lang='lat' dir='ltr'><strong>se</strong></span> <span class='ocrx_word' id='word_1_655' title='bbox 2804 4453 2880 4521; x_wconf 75' lang='lat' dir='ltr'><strong>q.)</strong></span> <span class='ocrx_word' id='word_1_656' title='bbox 3016 4467 3042 4505; x_wconf 80' lang='lat' dir='ltr'><strong>e</strong></span> <span class='ocrx_word' id='word_1_657' title='bbox 3075 4453 3218 4509; x_wconf 73' lang='lat' dir='ltr'><strong>edite</strong></span> <span class='ocrx_word' id='word_1_658' title='bbox 3252 4453 3489 4522; x_wconf 74' lang='lat' dir='ltr'><strong>quedam</strong></span> <span class='ocrx_word' id='word_1_659' title='bbox 3520 4454 3698 4508; x_wconf 69' lang='lat' dir='ltr'><strong>libello</strong></span> <span class='ocrx_word' id='word_1_660' title='bbox 3730 4453 3888 4507; x_wconf 69' lang='lat' dir='ltr'><strong>nobie</strong></span> <span class='ocrx_word' id='word_1_661' title='bbox 3920 4469 4035 4508; x_wconf 70' lang='lat' dir='ltr'><strong>non</strong></span> <span class='ocrx_word' id='word_1_662' title='bbox 4066 4459 4294 4510; x_wconf 69' lang='lat' dir='ltr'><strong>constat.</strong></span> 
     </span>
    </p>

    <p class='ocr_par' dir='ltr' id='par_1_27' title="bbox 2816 4519 3863 4590">
     <span class='ocr_line' id='line_1_100' title="bbox 2816 4519 3863 4590; baseline 0 -16"><span class='ocrx_word' id='word_1_663' title='bbox 2816 4526 2842 4590; x_wconf 84' lang='lat'>)</span> <span class='ocrx_word' id='word_1_664' title='bbox 2879 4521 3096 4576; x_wconf 80' lang='lat' dir='ltr'><strong>Nomen</strong></span> <span class='ocrx_word' id='word_1_665' title='bbox 3133 4522 3369 4578; x_wconf 75' lang='lat' dir='ltr'><strong>dubium.</strong></span> <span class='ocrx_word' id='word_1_666' title='bbox 3442 4522 3538 4577; x_wconf 73' lang='lat' dir='ltr'><strong>Aa</strong></span> <span class='ocrx_word' id='word_1_667' title='bbox 3576 4519 3863 4577; x_wconf 73' lang='lat' dir='ltr'><strong>Fuaklio?</strong></span> 
     </span>
    </p>
   </div>
  </div>
 </body>
</html>
