4850 6200
394 440 509 501 5837

389 625 509 692 hoe
551 638 826 693 monent
878 627 1244 693 cavendum
1295 648 1439 693 esse
1483 648 1568 692 ne
1598 629 1685 708 ¹⁷)
1731 629 1915 694 virus
1957 629 2128 712 quod
2173 629 2337 696 latet

388 732 525 779 sese
568 711 822 778 fundat.
911 712 1061 778 Non
1106 713 1433 798 attingam
1491 735 1659 796 quae
1717 714 1927 781 bonus
1971 716 2076 780 vir
2134 715 2332 800 paulo

386 814 537 868 ante
558 810 839 866 mortem
871 797 1142 877 dieebat,
1178 800 1620 884 reprehensus
1641 821 1682 864 a
1710 800 1987 866 Tossmo
2009 801 2183 885 quod
2204 801 2336 868 huo

384 887 669 953 venisset
710 906 916 969 quum
960 885 1199 951 melius
1255 894 1325 951 et
1378 888 1669 952 sanetius
1726 888 1799 952 in
1856 888 2154 971 papismo
2197 889 2332 954 Do-

382 975 561 1039 mino
639 971 890 1037 servire
968 973 1302 1055 potuisset.
1410 971 1591 1053 Quin
1666 974 1917 1057 aliquot
1992 974 2331 1041 eeclesiam

381 1059 1064 1144 lombelgardensem
1123 1056 1542 1124 consulentes
1598 1061 1812 1125 missis
1854 1060 2062 1125 literis
2119 1062 2337 1143 (novit

387 1149 713 1214 Tossamoe
746 1168 830 1210 an
870 1166 981 1210 eas
1026 1144 1542 1215 eommunioarit.
1590 1157 1835 1211 norunt
1878 1162 1947 1211 et
1988 1148 2227 1212 fratres
2261 1157 2337 1212 ut

380 1244 599 1301 aetum
665 1233 753 1297 sit
818 1253 903 1295 an
970 1230 1289 1311 viderint)
1353 1245 1421 1295 et
1488 1252 1873 1314 responsum
1939 1244 2072 1307 est.
2138 1232 2336 1299 lieere

380 1322 583 1387 saeris
640 1317 943 1382 omnibus
1007 1317 1357 1399 pontificiis
1421 1319 1769 1394 interesse,
1836 1318 1998 1383 adeo
2056 1332 2133 1384 ut
2182 1339 2335 1385 eum

508 1404 616 1470 dio
682 1413 925 1470 canant
989 1403 1060 1467 in
1128 1403 1423 1486 templis:
1490 1400 1913 1469 Gaudeamus
1974 1426 2203 1471 omnes
2259 1406 2331 1470 in

378 1427 696 1567 fflmino,
756 1490 927 1555 diem
984 1488 1135 1555 faoit
1181 1489 1499 1555 eelebrem
1548 1491 1668 1555 sub
1724 1490 1971 1555 honore
2014 1491 2330 1575 Virginis,

379 1579 459 1643 de
524 1577 714 1643 euius
777 1575 1221 1658 assumptione
1282 1585 1400 1640 ete.
1513 1580 1621 1640 An
1692 1576 1850 1642 haee
1915 1588 2071 1641 sunt
2134 1599 2333 1643 sanae

378 1663 760 1730 doetrinae?
852 1663 1003 1727 Non
1064 1661 1332 1726 afferam
1390 1682 1584 1743 qnam
1646 1676 1905 1741 gratum
1961 1666 2050 1728 sit
2104 1663 2332 1729 audire

380 1749 719 1818 cavinum
754 1769 961 1829 paene
998 1747 1345 1829 perditum,
1390 1746 1631 1812 tabulis
1668 1749 1944 1829 publicis
1980 1750 2329 1832 depictum,

374 1836 583 1901 libros
627 1855 857 1899 omnes
898 1834 1242 1899 damnatos
1298 1846 1363 1898 et
1421 1832 1642 1898 hostes
1690 1836 1996 1909 victores,
2056 1852 2119 1899 ot
2174 1835 2330 1919 quid

376 1921 558 1989 non?
650 1919 713 1987 Ο
758 1919 1043 1985 Domine
1088 1919 1260 1993 Iesu.
1322 1921 1431 2001 qui
1475 1920 1697 1984 omnia
1740 1920 1938 1986 habes
1990 1923 2058 1984 in
2110 1943 2329 2001 nnana,

373 2009 702 2093 propitius
762 2009 977 2090 aspiee
1034 2018 1100 2070 et
1158 2006 1471 2070 Satanam
1532 2004 1863 2088 disperde,
1930 2008 2116 2073 euius
2173 2022 2331 2074 sunt

375 2104 517 2159 tam
570 2093 777 2176 impia
830 2091 1087 2175 gaudia.
1149 2106 1215 2155 et
1270 2100 1347 2156 ut
1404 2103 1475 2156 tu
1534 2092 1666 2155 tuis
1720 2093 1911 2157 iustis
1972 2115 2329 2159 moerorem

375 2202 579 2264 super
638 2180 743 2244 his
804 2181 903 2243 vis
961 2191 1032 2241 ut
1085 2180 1406 2249 sentiant.
1468 2179 1561 2241 ita
1611 2199 1919 2243 succurre
1974 2192 2039 2244 et
2082 2181 2326 2246 adesto.

376 2265 556 2347 Quid
618 2267 911 2331 facerent
965 2263 1312 2338 eiusmodi,
1381 2264 1437 2328 si
1492 2285 1647 2327 vers
1710 2264 1869 2339 haee
1936 2279 2154 2330 essent
2208 2286 2331 2348 pro

373 2354 614 2436 quibus
668 2352 903 2416 merito
959 2371 1186 2415 omnes
1242 2350 1334 2434 pii
1389 2351 1761 2415 contristari
1821 2350 2087 2427 debent,
2146 2355 2199 2417 si
2259 2354 2327 2416 in

373 2438 547 2503 falsa
603 2437 941 2502 auditione
994 2437 1088 2500 ita
1142 2437 1446 2519 gestiant.
1540 2436 1884 2519 Dignusne
1940 2449 2042 2503 est
2097 2459 2330 2503 servus

376 2523 628 2591 Christi
675 2541 808 2588 tam
864 2523 1163 2606 insignis,
1224 2543 1414 2604 quem
1464 2543 1655 2586 nemo
1703 2521 1907 2588 bonus
1950 2546 2080 2588 non
2135 2537 2329 2601 amat,

374 2622 452 2676 nt
495 2611 617 2675 soli
663 2611 775 2691 qui
823 2608 903 2674 de
948 2630 1023 2672 eo
1080 2608 1359 2690 pessime
1416 2608 1790 2690 loquuntur,
1849 2611 2332 2692 qualescunque

373 2698 530 2773 sint,
578 2697 991 2778 excipiantur
1028 2715 1255 2758 mensa
1298 2712 1364 2757 et
1397 2715 1593 2774 quam
1637 2693 2014 2760 avidissime
2058 2694 2332 2760 audian-

373 2792 491 2847 tur
534 2796 604 2846 et
647 2802 904 2846 summo
951 2780 1312 2864 applausu?
1390 2781 1533 2863 Ego
1578 2779 1746 2843 nihil
1793 2801 2054 2863 possum
2103 2781 2332 2847 audire

371 2867 548 2951 quod
596 2869 805 2951 magis
849 2880 1001 2931 urat
1033 2887 1228 2950 quam
1275 2886 1442 2948 quae
1477 2887 1672 2948 eogor
1708 2866 1933 2932 audire
1978 2868 2057 2932 de
2094 2871 2332 2933 misero

376 2954 680 3020 Tassano.
758 2954 851 3019 Et
894 2974 1229 3035 nunquam
1278 2951 1398 3016 tibi
1444 2965 1559 3016 aut
1601 2951 1797 3017 alieni
1844 2954 2113 3019 verbum
2158 2955 2329 3019 faee-

370 3060 537 3116 rem.
583 3041 709 3106 nisi
755 3052 831 3105 ut
858 3036 1219 3105 Dominum
1258 3058 1617 3122 precemur,
1664 3054 1729 3102 et
1776 3052 1847 3104 ut
1887 3060 2006 3122 per
2047 3040 2327 3124 gratiam

370 3125 627 3194 Christi
674 3127 1026 3202 medearis,
1084 3127 1272 3192 euius
1318 3126 1529 3209 gratia
1576 3137 1640 3189 te
1683 3125 1922 3190 iterum
1968 3146 2043 3191 ao
2085 3128 2328 3192 iterum

368 3234 551 3298 rogo.
624 3212 823 3277 Faxit
846 3211 1154 3279 Christus
1191 3224 1265 3275 ut
1307 3231 1472 3294 quos
1506 3211 1739 3277 misisti
1786 3211 2064 3277 fideliter
2109 3213 2329 3278 omnia

369 3313 837 3381 exsequantur.

545 3383 621 3449 Si
688 3386 1045 3466 potuissem
1113 3385 1465 3450 convenire
1543 3384 1905 3466 prinoipem
1972 3405 2090 3450 vos
2169 3405 2327 3451 sane

365 3472 887 3554 praevenissem:
948 3470 1064 3535 sed
1120 3490 1321 3553 quum
1380 3469 1615 3534 scirem
1679 3471 2028 3535 Tassanum
2086 3470 2326 3537 habere

366 3577 597 3622 omnes
655 3558 723 3621 in
770 3578 973 3623 manu
1031 3568 1099 3620 et
1152 3577 1257 3621 me
1316 3577 1447 3620 non
1508 3577 1696 3638 posse
1754 3556 2102 3621 convenire
2150 3558 2325 3640 prin-

365 3644 600 3725 oipem,
646 3644 809 3708 satis
854 3643 1005 3707 novi
1049 3641 1215 3707 nihil
1245 3642 1654 3714 effecturum,
1697 3663 1926 3707 verum
1964 3643 2183 3726 potius
2222 3667 2325 3709 res

364 3728 858 3811 impediturum.
950 3728 1144 3793 Nune
1186 3730 1254 3792 in
1309 3737 1378 3792 te
1432 3738 1500 3791 et
1545 3727 1795 3793 Sulmo
1848 3728 2006 3812 quid
2052 3744 2326 3810 possunt

363 3815 543 3881 servi
590 3816 858 3880 Domini
903 3818 1101 3882 situm
1138 3827 1256 3878 est.
1324 3812 1520 3893 Quod
1554 3827 1855 3896 superest
1896 3814 2075 3880 illius
2120 3814 2320 3880 eoele-

362 3902 499 3967 siae
560 3913 837 3966 servate.
929 3898 1414 3967 Offendieulnm
1471 3920 1601 3965 nou
1650 3900 1921 3984 vulgare
1978 3900 2103 3965 fuit
2146 3900 2320 3983 quod

362 3999 586 4053 aetum
632 3999 732 4051 est
773 4011 815 4052 a
842 3987 1151 4056 fossam.
1218 3983 1413 4067 Quod
1457 3986 1511 4051 si
1561 4001 1808 4069 pergat,
1854 3987 2138 4051 sentient
2183 4010 2318 4052 om-

363 4093 484 4137 nes
552 4072 747 4157 longe
810 4075 1079 4157 gravius
1144 4092 1338 4155 quam
1396 4070 1521 4135 diei
1580 4086 1790 4154 queat.
1888 4072 2162 4137 vafrum
2219 4086 2322 4139 est

367 4157 642 4224 Tossani
707 4159 1049 4243 ingenium
1108 4173 1176 4222 et
1243 4179 1470 4240 parum
1535 4171 1715 4223 tenet
1774 4158 1942 4239 quod
2010 4171 2110 4224 est
2169 4157 2317 4237 Dei,

362 4293 770 4311 ........
820 4259 886 4309 et
928 4256 1338 4328 contemptor
1381 4257 1485 4308 est
1541 4243 1991 4326 providentiae
2036 4264 2168 4308 non
2220 4246 2316 4309 vi-

360 4328 527 4396 dens
570 4331 763 4413 quale
808 4346 874 4395 et
916 4343 1236 4411 quantum
1280 4330 1367 4394 sit
1412 4329 1678 4394 Domini
1724 4330 2060 4407 indicium,
2106 4351 2317 4415 neque

354 4418 524 4482 satis
588 4415 964 4482 considerat
1027 4416 1195 4498 quod
1263 4418 1355 4479 ait
1410 4415 1735 4480 Christus.
1827 4414 1903 4480 Si
1970 4417 2034 4480 in
2098 4415 2314 4496 viridi,

356 4502 517 4587 quid
574 4504 647 4566 in
692 4502 909 4568 sieeo?
979 4502 1039 4567 O
1094 4524 1434 4585 perversos
1482 4505 1784 4566 affectus:
1844 4523 2037 4583 quam
2085 4522 2313 4568 exeae-

356 4589 530 4654 estis
584 4589 889 4654 miseros!
984 4589 1309 4653 Dominus
1354 4588 1539 4651 Iesus
1596 4589 1914 4651 instauret
1969 4610 2151 4653 suam
2210 4612 2313 4655 ee-

356 4672 657 4754 alesiam,
727 4693 801 4739 ut
858 4675 1069 4739 furiae
1129 4674 1444 4738 eiusmodi
1515 4695 1645 4738 non
1710 4674 1994 4756 amplius
2060 4674 2149 4740 ita
2212 4677 2312 4739 in·

355 4762 644 4828 saniant.

534 4848 722 4918 Vale.
761 4848 851 4911 mi
879 4846 1207 4924 Blaurere,
1244 4858 1310 4910 et
1344 4846 1509 4911 mihi
1545 4868 1784 4928 quaeso
1818 4846 2101 4929 ignosee.
2162 4847 2312 4912 Non

357 4954 602 5018 quaero
625 4933 734 4999 hie
757 4932 1003 5017 aliquid
1047 4934 1175 4997 nisi
1211 4947 1285 4998 ut
1325 4942 1753 4998 conservetur
1786 4933 2074 5010 eeclesia,
2119 4934 2310 4999 euius

354 5021 575 5105 gratia
624 5022 790 5085 mire
847 5039 1053 5104 angor
1107 5018 1248 5084 dies
1292 5029 1360 5085 et
1416 5029 1655 5085 nostes.
1744 5017 1894 5082 Non
1938 5039 2095 5103 ergo
2138 5019 2310 5086 feras

355 5106 699 5172 molestius
754 5106 811 5170 si
871 5103 1045 5189 apud
1099 5120 1163 5170 te
1205 5126 1462 5188 querar,
1523 5107 1635 5188 qui
1695 5126 1824 5169 non
1873 5105 2092 5170 minus
2148 5106 2311 5173 haee

357 5192 582 5268 sentis,
640 5213 724 5257 ne
782 5191 995 5257 dieam
1054 5192 1281 5276 magis.
1371 5189 1507 5257 Sed
1563 5211 1905 5273 preoemur
1952 5191 2307 5258 Dominum

350 5312 583 5328 D-——-—-⁴-—-
616 5317 653 5323 -

532 5381 624 5448 17)
663 5382 862 5439 abhinc
895 5382 1075 5451 deficit
1108 5389 1288 5436 mm
1321 5380 1679 5435 numm.

2195 443 2357 505 1555
2400 441 2598 508 MAI.

2437 651 2686 707 omnes,
2747 639 2816 697 et
2869 640 2947 697 tn
3003 653 3272 699 manum
3327 636 3590 721 porrige
3633 635 3944 705 ecelesiae
3988 646 4054 706 ts

2436 737 2596 783 nam
2651 737 2769 800 pro
2827 716 3095 785 Christo
3147 719 3459 787 eeclesiae
3515 723 3781 789 nomine
3838 734 3905 790 te
3958 745 4090 792 oro.
4180 726 4393 813 Onpie

2435 803 2755 889 eollegam
2787 803 3047 870 salvum
3081 814 3152 871 et
3175 805 3516 873 meolam
3548 829 3696 874 eum
3730 809 3881 876 aliis
3907 811 4050 895 piis.
4119 811 4393 901 Collega

2438 899 2502 955 te
2557 888 2834 966 salutat,
2892 898 2963 956 et
3017 893 3133 974 qui
3185 911 3443 958 meeum
3500 902 3604 960 est
3658 896 3948 979 optimus
4004 898 4393 969 Han-barm

2434 977 3368 1130 mattssffifflffi
3379 980 3683 1133 sffffi‘
3709 983 4010 1137 mumffque
4052 984 4392 1140 Ψοᾼωᾟ

4096 643 4394 727 roganh':

3448 1287 3626 1356 Tuus
3671 1297 3848 1357 totus
3889 1290 4213 1360 Fal-ellus.

3205 1602 3240 1607 .-
3253 1602 3328 1608 --—.-
3343 1602 3612 1610 -„..-.--....——--.

3313 1854 3506 1924 ms.

2806 2007 3519 2092 vsonmnnns1)
3572 2008 4010 2077 οΑιΝιΝο.

2609 2178 2870 2244 Calvino
2903 2179 3096 2245 obiter
3121 2187 3379 2264 propter
3397 2182 3883 2263 disputationem
3914 2188 4131 2249 eontra
4157 2183 4390 2252 onias·-

2431 2265 2626 2329 arum
2666 2263 2949 2342 laudato,
3008 2268 3241 2331 transit
3292 2268 3381 2334 ad
3435 2270 3914 2334 controversiam
3964 2277 4387 2338 sacram

2431 2351 2602 2415 riam
2655 2356 2713 2415 et
2763 2351 3030 2417 modeste
3083 2352 3192 2418 sed
3241 2352 3507 2433 fimiter
3566 2353 3910 2435 fmulos·
3960 2354 4390 2424 οαίυίηόαοιω

2433 2436 2761 2519 ὀαριιρκαί
2800 2442 2855 2501 et
2896 2438 3118 2503 reiicit.

2727 2608 2840 2672 (Ex
2877 2608 3214 2678 autographo
3251 2610 3382 2664 Cod.
3418 2610 3626 2664 Gener.
3662 2609 3782 2675 113,
3817 2612 3910 2665 fol.
3950 2610 4097 2677 116.)

2607 2778 2678 2845 S.
2747 2779 3011 2846 Literas
3077 2791 3258 2857 tuas,
3288 2786 3344 2855 ²)
3417 2781 3515 2847 vir
3577 2781 3969 2862 elarissime,
4039 2782 4390 2867 bibliopola

2435 2878 2657 2930 vester
2698 2866 2862 2930 mihi
2907 2867 3161 2945 obtulit,
3219 2887 3382 2950 quas
3422 2876 3646 2952 gratas
3687 2867 3911 2947 habui,
3955 2868 4127 2954 quod
4171 2869 4388 2936 inibo-

2434 2960 2569 3014 tam
2615 2960 2683 3015 et
2724 2953 2983 3017 firmam
3037 2960 3445 3018 testarentur
3496 2960 3682 3019 tuam
3742 2974 3902 3039 erga
3943 2975 4051 3020 me
4107 2955 4389 3023 benevo-

2434 3035 2722 3104 lentiam.
2809 3037 3034 3105 Faeile
3074 3039 3272 3105 etiam
3330 3039 3819 3108 exeusationem
3862 3041 4155 3123 admitto,
4214 3040 4392 3127 quod

2433 3121 2685 3190 tardius
2740 3124 3030 3207 epistolis
3088 3125 3336 3210 aliquot
3375 3127 3541 3192 meis
3567 3128 3625 3205 8)
3681 3127 4121 3211 responderis,
4178 3149 4387 3214 eoque

2432 3211 2629 3274 etism
2671 3210 2925 3278 facilius
2959 3211 3134 3295 quod
3161 3211 3529 3298 perieulum
3549 3211 3914 3294 literarum,
3949 3212 4033 3280 de
4067 3235 4195 3299 quo
4225 3215 4389 3283 seri·

2432 3293 2532 3361 bis
2545 3348 2559 3373 ‚
2622 3309 2887 3381 propter
2931 3299 3149 3364 varias
3443 3298 3764 3366 'nationes
3805 3319 3988 3366 meas
4030 3317 4390 3386 moneam

2431 3384 2701 3465 gravius
2758 3384 3053 3449 futurum
3111 3383 3335 3451 fuisse.
3433 3384 3789 3452 Caeterum
3841 3385 4017 3470 qued
4080 3385 4392 3454 osia-adn·

2429 3489 2725 3533 errorum
2771 3481 2954 3534 tuam
2982 3489 3239 3554 quoque
3272 3470 3560 3554 aliquam
3593 3469 4175 3539 eontiadiotionem
4196 3470 4389 3539 nobis

2428 3554 2775 3635 polliceris,
2806 3561 2863 3634 ⁴)
2907 3557 2980 3620 in
3023 3576 3102 3621 eo
3142 3556 3315 3622 serio
3350 3554 3649 3641 gaudebo
3683 3564 3871 3623 tuum
3906 3558 4108 3624 etiam
4143 3558 4386 3625 suffra-

2427 3640 2945 3724 gium·eeelesiis
2991 3642 3235 3708 nostris
3278 3642 3601 3723 aeoedere,
3659 3651 3728 3708 ot
3767 3644 4025 3710 utinam
4067 3643 4137 3709 id
4179 3643 4387 3712 solide

2426 3727 2673 3809 possim
2726 3727 3077 3808 aliqnando
3133 3727 3216 3793 de
3265 3730 3522 3812 integro
3580 3731 3784 3795 totins
3841 3728 4182 3796 doetrinae
4225 3750 4384 3796 eon-

2426 3832 2646 3877 sensu.
2764 3812 2899 3878 Sed
2960 3813 3095 3878 iam
3152 3834 3296 3879 esse
3351 3813 3574 3898 aliqua
3633 3815 3707 3880 in
3759 3825 3950 3900 parte
4013 3814 4377 3896 dissidium,

2423 3896 2596 3980 quod
2640 3900 2955 3982 proximis
3010 3899 3221 3967 literis
3264 3899 3666 3985 significasse
3707 3921 3817 3968 me
3853 3902 4117 3985 repetis,
4174 3903 4382 3987 serip-

2424 3993 2562 4050 tum
2611 3995 2798 4050 tuum
2844 3984 3014 4068 quod
3068 3987 3353 4052 nuncius
3394 3986 3563 4051 mihi
3606 3987 3842 4054 obtulit
3896 3997 4123 4073 aperte
4166 3988 4381 4056 deela-

2423 4071 2614 4136 ravit.
2706 4071 2797 4136 Et
2859 4092 3018 4136 sane
3084 4083 3354 4156 propter
3415 4071 3485 4138 id
3544 4094 3610 4138 m
3702 4074 3753 4139 's
3809 4074 4009 4140 etiam
4064 4072 4378 4141 exhorrui

2420 4177 2620 4239 quam
2666 4178 2865 4240 super
2904 4157 3260 4224 enunciata
3302 4179 3340 4223 a
3375 4179 3482 4224 me
3525 4157 3778 4226 dissidii
3813 4161 4164 4242 mentione,
4205 4160 4380 4245 quod

2421 4243 2714 4309 futurum
2761 4243 3016 4325 speravi
3065 4252 3140 4308 ut
3192 4244 3323 4309 alia
3374 4243 3590 4312 adhue
3646 4247 3899 4312 ratione
3944 4258 4375 4327 averteretur,

2420 4330 2632 4396 faeere
2677 4328 2984 4412 potueris.
3071 4328 3253 4394 Illud
3306 4338 3528 4396 autem
3586 4341 3810 4397 sancte
3861 4333 4118 4398 affirmo
4133 4383 4148 4410 ,
4204 4354 4376 4399 nun-

2419 4435 2617 4498 quam
2654 4435 2778 4490 me,
2824 4414 3023 4480 talem
3064 4437 3208 4482 esse
3248 4418 3646 4483 sententiam
3689 4416 3760 4482 in
3796 4417 3921 4483 bae
3956 4438 4027 4482 re
4061 4428 4372 4498 vestram,

2418 4500 2813 4566 arbitratum
2876 4501 3079 4566 fuisse
3097 4552 3112 4579 ‚
3187 4523 3384 4585 quam
3451 4502 3573 4568 hoe
3652 4502 3894 4587 scripto
3956 4504 4371 4586 profitemini.

2421 4586 2792 4670 Zuinylium
2832 4587 3134 4670 equidem
3187 4589 3542 4672 improbari
3594 4587 3666 4653 in
3725 4597 3940 4654 vestro
3994 4588 4107 4655 illo
4163 4600 4373 4673 coetu,

2416 4673 2678 4738 audisse
2721 4695 2828 4739 me
2871 4685 3088 4740 eei-tus
3129 4695 3297 4753 sum,
3353 4686 3422 4741 et
3464 4673 3691 4741 multis
3747 4674 3995 4741 frustra
4049 4674 4373 4746 institutis

2418 4816 2636 4823 *ου-η.

2415 4895 2594 4951 alas.
2635 4897 2688 4963 l)
2728 4895 2806 4952 N.
2842 4895 2980 4952 1233
3023 4904 3075 4951 et
3116 4895 3253 4950 1414
3297 4910 3493 4951 nomen
3534 4896 3695 4952 alitor
3739 4898 4001 4964 scripu-u

2415 4965 2583 5048 Hane
2607 4981 2816 5048 ‚novam
2846 4967 3087 5033 formam
3121 4967 3286 5020 etiam
3321 4965 3614 5020 locet-erm
3645 4966 3900 5033 emavi&
3945 4967 4047 5049 φη·
4130 4967 4141 4982 ”
4182 4970 4193 4983 “

4244 4983 4370 5025 Μ

2410 5033 2960 5228 &wrm
2998 5102 3135 5157 1570
3167 5035 3443 5159 00&ss
3452 5034 3911 5159 ’ὦῖξωψιιι
3949 5050 4229 5172 armata
4246 5077 4259 5103 '
4277 5054 4376 5164 ὥς

2451 5190 2471 5227 8
2556 5212 2569 5224 .

2615 5240 2679 5442 ἒξ
2710 5283 3221 5449 &numm
3239 5313 3486 5416 genunt.

4146 4901 4366 4955 mun.
