4850 6200
500 406 621 471 ⁶91

490 590 785 659 l’oeuvre
827 590 918 658 du
960 589 1307 677 Seigneur,
1350 593 1619 659 maistre
1658 592 1821 660 1888
1855 593 2145 674 Vernou,
2191 593 2452 678 disputa

494 686 726 745 contre
766 678 863 745 les
903 678 1161 745 moines
1200 675 1482 745 environ
1523 678 1675 764 cinq
1718 679 1976 747 lieux-es.
2001 685 2055 761 ἵ)

667 848 839 917 Hier
885 853 981 915 17.
1025 848 1122 917 les
1164 850 1419 916 moines
1438 870 1563 936 par
1602 851 1750 917 leur
1770 862 2077 919 sentence
2112 851 2448 919 definitive

494 955 663 1003 nous
706 934 1117 1003 declararent
1137 935 1509 1021 heretiques
1553 944 1620 1005 et
1650 959 1815 1004 nous
1838 939 2444 1005 excommunierent

496 1019 578 1087 de
620 1021 726 1088 1²13
772 1021 893 1089 lise
934 1021 1261 1088 Romaine
1296 1044 1547 1089 oemme
1604 1023 1931 1090 membres
1973 1026 2251 1109 pourris.
2350 1025 2445 1091 Et

492 1127 659 1173 nous
767 1108 872 1174 188
913 1108 1159 1193 ioyeux
1198 1107 1633 1176 declamemus
1675 1131 1800 1194 que
1843 1111 1982 1177 cela
2038 1133 2206 1177 nous
2250 1112 2444 1177 estoit

494 1214 583 1259 88
628 1194 1076 1279 tesmoignage
1120 1215 1247 1278 que
1291 1216 1455 1260 8088
1498 1199 1741 1262 8811088
1782 1195 1863 1262 (18
1905 1196 2179 1282 l’Eglise
2203 1196 2443 1264 Chres-

493 1279 717 1345 tienne
751 1289 957 1366 ayant
988 1300 1153 1363 pour
1174 1279 1331 1346 chef
1359 1281 1548 1347 Iesus
1571 1281 1815 1361 Christ,
1849 1284 1998 1366 puis
2030 1303 2155 1367 que
2183 1282 2440 1349 l’Ante-

487 1364 697 1431 christ
737 1385 903 1432 8088
932 1366 1295 1432 bannissoit
1317 1366 1487 1432 dela
1516 1366 1714 1445 siene,
1742 1378 1807 1433 et
1828 1390 1952 1451 que
1992 1389 2159 1435 nous
2193 1370 2441 1435 estions

488 1470 572 1517 en
594 1450 659 1515 la
688 1471 856 1537 voye
888 1451 969 1518 (18
997 1451 1261 1536 paradis
1286 1454 1434 1536 puis
1458 1474 1584 1537 que
1623 1452 1719 1519 les
1747 1456 2074 1521 membres
2117 1453 2197 1520 de
2226 1454 2438 1522 Satan

486 1535 907 1622 declaroyent
927 1558 1055 1621 que
1074 1560 1239 1604 nous
1259 1538 1565 1606 n'estions
1592 1538 1707 1605 des
1732 1541 1926 1607 leurs.
1994 1543 2182 1607 Loue
2216 1543 2343 1607 soit
2376 1542 2439 1608 le

486 1620 814 1709 Seigneur
858 1623 939 1690 de
981 1624 1048 1689 la
1067 1644 1261 1708 grace
1304 1625 1458 1709 qu’il
1502 1647 1666 1692 nous
1710 1648 1752 1692 a
1782 1627 1941 1693 faict
1983 1627 2221 1694 d'estre
2242 1628 2439 1694 sortis

488 1707 604 1775 (188
645 1708 965 1777 horribles
1004 1708 1419 1795 blasphemes
1461 1710 1542 1778 de
1584 1731 1693 1778 ces
1743 1712 1992 1780 diables
2051 1714 2436 1781 encharnez.

486 1793 675 1860 Nous
718 1795 1065 1862 attendons
1109 1804 1330 1863 nostre
1372 1807 1677 1865 sentence
1733 1798 1814 1864 de
1867 1800 2015 1866 iour
2057 1823 2139 1866 en
2174 1802 2320 1866 iour
2374 1810 2441 1864 et

486 1878 708 1947 l’issue
751 1902 879 1964 que
922 1881 987 1947 le
1032 1880 1361 1967 Seigneur
1410 1883 1599 1951 Iesus
1642 1904 1808 1951 nous
1854 1885 2163 1965 donnera,
2221 1887 2438 1970 lequel

484 1987 653 2033 8088
718 1974 819 2033 881
881 1969 1037 2051 gain
1093 1969 1221 2033 soit
1284 1976 1327 2035 a
1390 1968 1455 2035 la
1497 1971 1601 2037 vie
1661 1972 1790 2037 soit
1830 1978 1873 2037 a
1928 1972 1996 2038 la
2050 1984 2239 2038 mort.
2354 1972 2441 2037 Et

485 2052 938 2118 bienheureux
1016 2075 1244 2121 serens
1336 2075 1502 2121 nous
1577 2057 1635 2123 81
1713 2079 1877 2123 8088
1960 2078 2268 2124 mourons
2354 2080 2438 2124 au

484 2136 832 2223 seigneur,
878 2160 1130 2206 comme
1163 2140 1213 2204 11
1255 2149 1356 2206 881
1398 2143 1598 2208 escrit
1639 2164 1722 2208 88
1745 2142 2217 2229 l'Apocalypse.
2254 2183 2323 2191 —
2354 2181 2438 2194 -—-

656 2223 751 2290 Ge
793 2223 1296 2292 dixhuictiesme
1340 2226 1420 2294 de
1466 2228 1682 2294 1811181
1728 2235 1885 2294 1555
1923 2251 2087 2296 vous
2130 2231 2351 2296 disant
2395 2238 2438 2296 8

484 2310 657 2375 Β188
703 2330 868 2393 pour
907 2310 974 2377 la
1028 2311 1327 2379 derniere
1385 2314 1504 2381 fois
1548 2324 1614 2381 et
1671 2337 1837 2383 nous
1894 2317 2437 2383 recommendant

484 2396 522 2456 δ
556 2416 673 2462 vos
719 2396 966 2463 bonnes
1008 2417 1236 2482 graces
1279 2408 1346 2464 et
1402 2402 1687 2467 sainctes
1777 2404 1996 2469 rieres.
2098 2404 2285 2469 Vous
2334 2403 2434 2469 di-

483 2489 637 2547 sant
680 2481 742 2547 le
828 2522 833 2529 ·
905 2483 993 2549 nd
1051 2493 1116 2549 et
1161 2484 1423 2552 dernier
1477 2486 1667 2555 adieu
1769 2510 1805 2554 e
1848 2511 1922 2556 08
1977 2489 2214 2554 monde
2271 2510 2436 2573 pour

480 2565 646 2634 aller
705 2575 748 2634 a
829 2590 869 2635 a
932 2569 1140 2655 gloire
1197 2570 1434 2637 celeste
1501 2582 1567 2638 81
1623 2576 1917 2640 recevoir
1980 2574 2048 2641 18
2104 2596 2435 2641 couronne

524 2654 593 2719 ui
635 2674 803 2720 nous
845 2663 945 2723 est
987 2677 1299 2741 preparee
1350 2679 1474 2743 par
1527 2668 1748 2728 nostre
1803 2662 1928 2727 Roi
1988 2670 2055 2729 et
2109 2661 2437 2746 Seigneur

515 2759 679 2807 esus.

1355 3329 1557 3402 2249.

997 3464 1241 3534 ΒΕΖΔ
1282 3466 1919 3537 BULLINGERO.

658 3635 882 3717 Quoad
914 3636 1244 3705 tumultum
1300 3645 1671 3708 nomm-num
1711 3641 1994 3710 Genevae
2049 3651 2256 3712 ormm
2290 3667 2431 3713 eum

478 3719 564 3786 ad
623 3718 877 3788 calvini
930 3722 1294 3791 relationem
1336 3728 1607 3794 remittit.
1721 3729 1945 3795 Altera
2011 3734 2429 3800 controversia

476 3825 546 3870 ea
590 3807 1389 3975 ugressclolegsswndum
1408 3813 1687 3882 diremta.
1734 3815 1908 3901 Opus
1928 3837 2115 3883 suum
2137 3817 2432 3887 biblicum

474 4061 585 4130 (Ex
622 4065 960 4136 autographo
995 4067 1126 4123 bibl.
1162 4069 1313 4124 civic.
1351 4070 1527 4126 Turio.
1558 4074 1711 4130 MSS.
1748 4076 1808 4130 1³¹.
1829 4075 1899 4130 62
1933 4078 2063 4131 olim
2100 4077 2242 4148 Epp.
2277 4080 2427 4135 Tom.

946 4133 1031 4203 27,
1070 4137 1162 4192 fol.
1200 4137 1280 4192 15.
1318 4168 1384 4180 —
1422 4141 1634 4198 Simlsr.
1673 4144 1797 4200 Vol.
1834 4145 1948 4212 85.)

642 4306 911 4373 Eximio
973 4330 1163 4376 servo
1208 4312 1338 4379 Dei
1395 4321 1462 4380 et
1507 4318 1680 4398 patri
1735 4318 1903 4384 mihi
1956 4321 2259 4405 inprimis
2314 4324 2427 4390 ob·

470 4393 798 4460 servando
842 4391 927 4460 D.
972 4395 1264 4464 Henrico
1300 4399 1683 4487 Bullingero
1719 4405 2029 4473 ecclesiae
2068 4407 2427 4493 'ligurinae

466 4477 848 4546 fidelissimo
905 4484 1168 4564 pastori.

1999 4579 2250 4664 Tiguri.

636 4736 708 4804 S.
786 4736 1010 4819 Quum
1068 4741 1504 4812 Hotommmus
1554 4757 1777 4816 noster
1832 4750 1915 4816 ad
1960 4772 2078 4817 vos
2135 4753 2427 4835 proficis·

469 4829 744 4906 caretur,
790 4825 882 4891 mi
927 4835 1130 4910 pater,
1175 4851 1296 4897 nec
1338 4835 1541 4917 potui,
1601 4855 1724 4903 nec
1769 4857 1927 4903 8888
1986 4836 2181 4903 debui
2235 4838 2424 4904 illum

608 5115 1295 5238 ‘fflLasubstancede
1340 5131 1471 5180 cette
1515 5127 1729 5196 disputo
1776 5130 1856 5180 m
1900 5123 2142 5181 rimae
2187 5127 2423 5183 daneta

459 5187 645 5254 partes
717 5198 746 5238 s
787 5186 842 5239 la
888 5187 1043 5243 lettre
1085 5205 1189 5258 quo
1232 5207 1374 5247 nous
1420 5200 1695 5250 amotione.
1792 5189 1918 5249 Eue
2008 5196 2175 5250 ortait
2221 5212 2319 5251 sur
2364 5197 2421 5252 la

465 5265 645 5334 messe,
693 5253 749 5307 la
806 5257 1408 5328 nummatum,
1463 5261 1733 5320 vautorsee'
1779 5263 1847 5318 de
1887 5264 1923 5318 1’
2060 5264 2070 5276 '
2128 5279 2204 5330 re,
2251 5265 2300 5320 le
2348 5264 2421 5321 td·

464 5335 752 5392 ncmaas
783 5322 860 5378 du
898 5323 1191 5398 &Eeprit
1225 5329 1281 5385 la
1314 5332 1577 5388 certitudo
1610 5332 1678 5388 de
1711 5332 1885 5398 lasci,
1923 5339 1973 5387 st
2008 5333 2416 5390 lesit-aditione.

1991 403 2518 473 EPISTOLAE
2564 407 2984 469 2248—2251

4369 410 4494 473 692

2549 594 3070 675 praetermittere
3133 593 3375 677 absque
3430 594 3598 660 meis
3654 593 3737 658 ad
3793 602 3862 660 te
3920 595 4146 661 literis.
4263 596 4497 679 Accipe

2549 678 2758 762 igitur
2798 677 3096 743 diuturni
3141 681 3346 745 nostri
3388 680 3633 746 silentii
3675 701 3958 747 causam.
4048 679 4497 747 occurrebant

2549 764 2810 846 quidem
2869 764 3159 847 quotidie
3205 766 3400 830 nimis
3447 766 3661 832 multa
3713 765 3794 832 de
3837 766 4071 850 quibus
4125 768 4492 846 scriberem,

2547 849 2662 915 sed
2705 851 2956 916 exitum
3000 852 3284 935 aliquem
3330 852 3564 917 harum
3605 852 3948 919 turbarum
3990 853 4334 920 censebam
4377 873 4493 918 ex-

2547 934 3007 1018 spectandum,
3065 946 3141 1002 ut
3193 937 3393 1004 semel
3435 941 3671 1004 omnia
3728 939 3808 1003 ad
3882 949 3949 1004 te
4007 940 4493 1023 perscriberem.

2547 1021 2693 1088 Hoc
2733 1023 2937 1107 igitur
2980 1023 3134 1088 dum
3174 1036 3477 1107 exspecto
3520 1025 3800 1089 multum
3853 1026 4166 1109 temporis
4221 1025 4492 1091 effluxit.

2546 1108 2715 1174 Ecce
2755 1129 2933 1187 vero,
2981 1108 3138 1174 dum
3180 1119 3354 1176 totus
3389 1112 3459 1175 in
3515 1131 3592 1175 80
3648 1131 3813 1185 sum,
3871 1110 3955 1177 D.
4003 1110 4326 1181 Calvinus.
4382 1112 4494 1194 qui

2544 1193 2739 1259 rebus
2797 1195 3104 1260 omnibus
3160 1216 3474 1279 praesens
3527 1198 3863 1277 interfuit,
3919 1217 4239 1280 quemque
4291 1197 4492 1261 etiam

2544 1280 2952 1347 adversarios
2996 1302 3125 1346 non
3169 1280 3372 1366 pudet
3428 1292 3530 1357 (ut
3593 1294 3748 1348 sunt
3800 1284 4095 1348 omnium
4151 1283 4492 1348 hominum

2541 1366 3125 1449 impudentissimi)
3174 1378 3486 1452 tanquam
3530 1371 3803 1434 istorum
3840 1370 4161 1434 malorum
4199 1376 4491 1434 autorem

2541 1471 2881 1527 accusare,
2923 1455 3052 1518 isto
3095 1453 3318 1519 labore
3360 1476 3479 1520 nos
3520 1455 3839 1521 liberavit.
3944 1455 4042 1519 Ex
4099 1457 4241 1520 8188
4284 1454 4493 1519 literis

2542 1538 2744 1636 igitur
2786 1540 3006 1604 omnia
3050 1539 3312 1605 abunde
3357 1560 3741 1624 cognosces:
3787 1561 4157 1626 cognosces,
4201 1541 4489 1624 inquam,

2541 1625 2944 1708 singularem
2980 1622 3109 1690 Dei
3145 1627 3354 1691 nostri
3396 1628 3468 1690 in
3500 1629 3756 1692 miseris
3789 1629 3926 1693 suis
3960 1626 4298 1693 exsulibus
4335 1648 4494 1693 con-

2541 1710 2878 1777 servandis
2923 1732 3148 1777 curam
3195 1733 3270 1778 ac
3328 1711 3851 1792 sollicitudinem,
3907 1724 3980 1777 ut
4024 1713 4217 1796 plane
4261 1734 4492 1777 verum

2541 1796 2629 1861 sit
2672 1796 2845 1878 quod
2881 1798 3144 1882 scripsit
3189 1797 3420 1874 David,
3479 1820 3673 1882 saepe
3716 1799 3839 1866 1100
3880 1799 4058 1864 idem
4115 1801 4186 1864 in
4239 1817 4310 1864 se
4351 1801 4493 1883 ipso

2542 1893 2875 1964 expertus,
2919 1882 3185 1948 Israelis
3225 1884 3562 1950 custodem
3608 1907 3739 1950 non
3795 1884 3988 1951 modo
4032 1908 4164 1950 808
4209 1885 4493 1950 dormire

2542 1966 2658 2031 sed
2706 1989 2789 2032 88
2848 1966 3203 2035 dormitare
3263 1970 3545 2053 quidem.
3663 1971 3758 2037 Ut
3816 1992 3995 2036 nunc
4059 1971 4317 2054 quidem
4384 1991 4491 2035 res

2541 2063 2711 2129 sunt,
2758 2053 3155 2121 incredibilis
3216 2057 3661 2139 tranquillitas
3718 2058 3877 2122 istas
3935 2057 4159 2123 turbas
4212 2057 4487 2139 excepit,

2541 2159 2752 2222 neque
2793 2140 2928 2205 8118
2962 2163 3247 2224 unquam
3285 2143 3494 2206 maior
3528 2143 3663 2208 illic
3699 2144 3826 2207 fuit
3864 2144 4039 2208 inter
4075 2163 4300 2208 omnes
4335 2162 4489 2207 con·

2543 2227 2775 2291 sensio,
2831 2225 2964 2291 Sed
3012 2249 3240 2292 vereor
3285 2250 3367 2292 88
3410 2229 3506 2293 1111
3550 2230 3770 2312 plures
3806 2229 4136 2311 reperiant
4176 2250 4329 2293 suae
4363 2230 4489 2292 im-

2538 2310 2880 2393 probitatis
2938 2324 3281 2396 patronos‚
3352 2336 3548 2396 quam
3613 2327 3687 2380 ut
3741 2336 3966 2397 pacem
4023 2316 4216 2380 istam
4275 2314 4488 2379 ausim

2539 2396 2705 2461 mihi
2763 2398 2834 2462 18
2891 2398 3163 2483 longum
3236 2410 3489 2483 tempus
3547 2401 3869 2484 polliceri:
3940 2422 4149 2484 neque
4212 2420 4490 2483 usquam

2538 2484 2667 2547 nisi
2729 2487 2798 2548 in
2865 2484 3018 2550 solis
3082 2486 3381 2568 precibus
3461 2487 3646 2552 nobis
3711 2486 4108 2569 praesidium
4190 2486 4489 2551 relictum

2539 2568 2746 2649 videO,
2794 2570 2965 2652 quod
3009 2580 3231 2637 tamen
3279 2594 3486 2637 unum
3530 2574 3688 2640 88118
3732 2573 3859 2637 erit
3908 2572 4327 2657 profligandis
4372 2571 4488 2637 ad·

2539 2656 2847 2722 versariis
2889 2659 3210 2735 omnibus,
3256 2657 3446 2723 modo
3487 2659 3610 2724 hoc
3651 2659 3840 2724 nobis
3877 2659 4126 2723 tribuat
4170 2658 4488 2724 Dominus

2537 2751 2613 2804 ut
2652 2741 2779 2805 rite
2822 2744 3145 2825 possimus
3187 2746 3459 2828 precari.

2710 2827 2902 2909 Quod
2944 2829 3026 2895 ad
3062 2829 3336 2895 alteram
3370 2833 3880 2898 controversiam
3908 2833 3960 2915 ¹)
3996 2833 4250 2907 attinet,
4287 2851 4487 2914 quam

2535 2913 2702 2979 istae
2744 2916 3231 2982 controversiae
3287 2927 3445 2981 sunt
3487 2927 3817 3000 sequutae,
3875 2918 4301 2983 liberavimus
4343 2916 4490 2981 881·,

2536 3020 2679 3064 mas
2751 3008 3047 3079 nostras,
3125 3004 3547 3085 exposuimus
3618 3005 4010 3069 sententiam
4089 3014 4400 3079 nostram,
4425 3004 4486 3078 ²)

2537 3086 2753 3169 questi
2817 3108 3046 3153 sumus
3111 3086 3191 3154 de
3263 3086 3459 3238 [ingdi
3557 3088 3742 3167 itate,
3812 3090 4257 3174 praediximus
4319 3109 4487 3173 quae

2536 3171 2714 3237 mala
2777 3171 3221 3260 imminerent.
3414 3110 3586 3262 effic
3645 3175 3859 3244 adhuc
3930 3178 4115 3244 nobis
4186 3175 4482 3244 credidit.

2536 3255 2876 3358 Supe[rest
2916 3266 2986 3325 ut
3027 3261 3113 3327 ad
3154 3281 3231 3326 ea
3263 3260 3585 3328 subeunda
3664 3284 3783 3329 808
3827 3284 4276 3346 comparemus
4319 3281 4486 3345 quae

2539 3340 2881 3430 D[ommus
2933 3347 3110 3412 nobis
3166 3348 3455 3430 imponet.
3669 3350 3739 3414 id
3794 3347 4049 3436 eveniet]
4110 3348 4287 3416 solus
4343 3350 4486 3431 ipse

2535 3430 2736 3510 novit,
2781 3428 2896 3496 sed
2940 3452 3076 3496 non
3119 3454 3464 3516 possumus
3509 3454 3642 3499 non
3686 3446 4067 3519 exspectare
4110 3435 4487 3501 tristissima

2534 3515 2606 3579 in
2649 3525 2837 3581 tanta
2880 3517 3223 3584 hominum
3265 3517 3606 3610 ἄναλγησίᾳ.

2705 3601 2891 3669 Haec
2949 3604 3151 3670 habui
3207 3626 3376 3688 (1888
3439 3627 3620 3672 nunc
3676 3607 4063 3688 scriberem,
4127 3609 4218 3673 mi
4275 3615 4480 3693 pater.

2534 3687 2639 3754 De
2696 3689 2934 3755 vestris
2991 3691 3392 3758 scholasticis
3438 3691 3605 3756 nihil
3666 3693 3920 3760 sinistri
3975 3695 4294 3773 audimus,
4352 3697 4481 3761 Dei

2534 3773 2862 3854 benefici0,
2908 3784 2975 3842 et
3016 3798 3356 3860 speramus
3378 3779 3665 3844 officium
3692 3780 3995 3848 facturos.
4057 3784 4193 3849 Nos
4214 3783 4480 3866 quidem

2531 3861 2994 3928 constituimus
3037 3863 3170 3929 illis
3222 3884 3356 3930 non
3403 3864 3642 3931 deesse.
3750 3867 3942 3948 Quod
3987 3868 4072 3934 ad
4112 3892 4219 3935 me
4273 3871 4481 3953 scrip·

2535 3946 2681 4011 sisti
2725 3945 2806 4012 de
2849 3946 3020 4014 Novi
3067 3950 3472 4016 Testamenti
3519 3953 3833 4031 versione,
3857 3958 3912 4030 θ)
3968 3957 4062 4020 118
4104 3965 4203 4021 881
4256 3964 4333 4020 81
4374 3976 4480 4021 80-

2535 4052 2816 4115 ceperas.
2876 4034 2939 4098 N
2943 4053 3049 4099 am
3073 4044 3361 4102 veterem
3386 4037 3992 4121 interpretationem
4037 4063 4183 4107 cum
4207 4041 4484 4107 caeteris

2534 4138 2918 4202 comparare
2976 4122 3161 4204 coepi
3214 4123 3622 4206 iampridem,
3700 4134 3768 4190 et
3840 4129 3971 4192 iam
4055 4130 4265 4211 eoepit
4316 4149 4481 4213 opus

2534 4202 2786 4270 excudi.
2895 4206 3158 4272 Horum
3215 4211 3508 4274 omnium
3571 4231 3737 4294 quae
3792 4213 3899 4278 vel
3956 4215 4391 4280 immutantur
4444 4234 4484 4278 a

2535 4290 2721 4356 nobis
2778 4303 2973 4375 (quae
3029 4313 3235 4376 pauca
3292 4303 3477 4371 sunt)
3539 4297 3646 4363 vel
3690 4299 4063 4365 retinentur
4118 4322 4202 4365 ex
4259 4310 4483 4366 vetere

2533 4375 2909 4458 interprete,
2957 4401 3162 4462 quum
3204 4380 3341 4445 sint
3383 4380 3466 4445 ab
3510 4381 3784 4450 Εναεοηο
3831 4394 4105 4462 1881818,
4160 4387 4481 4452 rationem

2533 4460 2872 4554 reddimus
2913 4464 2983 4529 in
3029 4467 3560 4534 annotationibus
3604 4490 3774 4553 quae
3813 4472 4012 4537 simul
4047 4471 4481 4540 excuduntur.

2531 4545 2803 4613 Utinam
2851 4550 2958 4615 hic
3016 4561 3240 4618 808181·
3295 4551 3477 4618 labor
3532 4555 3842 4623 ecclesiae
3898 4557 4148 4624 Ohristi
4206 4567 4346 4623 tam
4395 4558 4485 4624 sit

2533 4632 2712 4697 utilis
2756 4656 2951 4718 quam
2998 4649 3100 4704 est
3143 4658 3184 4704 a
3223 4660 3332 4703 me
3376 4650 3676 4724 prompte
3722 4651 3789 4707 et
3835 4644 4140 4710 alacriter
4187 4667 4273 4710 ex
4319 4645 4484 4710 ami·

2532 4737 2752 4784 corum
2800 4724 3073 4790 consilio
3126 4744 3204 4790 ac
3259 4746 3464 4808 paene
3522 4726 3831 4795 mandato
3889 4737 3954 4795 81
4009 4731 4283 4814 imperio
4337 4752 4485 4797 888-

2535 4886 2764 4894 --ι-μ-
2809 4890 2944 4898 πο

2528 4994 2792 5118 2249ὲ)
2829 4997 2896 5052 de
2930 4997 3454 5057 Praedoetinatt'one.

2730 5070 2793 5201 3))
2825 5067 3314 5194 ἔνοὲἓὲἂωηᾱεηι
3371 5156 3422 5195 a.
3476 5138 3613 5196 1556
3667 5142 3852 5208 foma
3903 5146 4150 5202 monim
4205 5163 4295 5215 ap.
4347 5145 4490 5202 Rob.

2529 5201 2894 5272 Stephanum.-
2939 5207 3007 5260 N.
3048 5207 3111 5263 T.
3148 5209 3316 5263 latine
3367 5212 3472 5265 iam
3518 5212 3647 5266 olim
3695 5229 3726 5266 8
3770 5218 3946 5270 veteri
3991 5218 4290 5286 interprete
4342 5234 4489 5271 nunc

2525 5273 2701 5326 denuo
2750 5291 2784 5327 a
2827 5275 2889 5331 Τ.
2939 5276 3080 5330 Besa
3125 5294 3343 5331 versum
3389 5296 3510 5333 cum
3558 5282 3799 5336 eiusdem
3847 5286 4306 5341 annotationibus.
4397 5285 4483 5353 Cf.

2527 5342 2741 5398 March.
2778 5343 2868 5398 ΙΙ.
2908 5343 2956 5398 3.
2994 5362 3048 5414 p.
3085 5344 3207 5400 576.
3248 5347 3445 5417 Reuss,
3484 5349 3630 5406 Bibl.
3666 5351 3744 5424 N.v
3789 5353 3847 5407 T.
3879 5371 3938 5423 p.
3974 5354 4059 5409 84.
