4850 6200
347 410 458 473 201

347 592 669 678 &qm-
734 596 967 697 fefellit
1021 606 1088 665 te
1142 599 1586 686 homonymia.
1690 602 1913 688 Quum
1970 608 2148 674 enim
2207 604 2289 675 de

345 679 722 781 qunymo
763 682 877 749 1110
917 684 1374 770 intelligerem,
1430 690 1545 771 qui
1602 690 1707 755 his
1750 690 1944 758 malis
1986 693 2289 778 praebuit

341 785 762 867 occasionem,
789 778 881 869 ,ιιι
922 778 1152 837 contra
1194 771 1277 837 de
1317 794 1391 840 ro
1423 773 1569 858 ipsa
1607 773 1854 843 dictum
1896 775 2061 844 illud
2105 800 2286 846 acce-

339 861 505 952 pisti.
611 851 727 921 Sic
782 861 986 938 igitur
1049 855 1235 935 habe,
1303 869 1622 943 quantum
1688 883 1772 927 ex
1836 862 2014 930 illius
2080 864 2287 931 nostri

341 947 630 1037 oratione
678 939 989 1041 colligere
1042 944 1246 1043 potui,
1305 966 1569 1029 sperare
1621 967 1759 1025 me,
1816 951 1874 1016 si
1929 949 2123 1016 modo
2177 972 2287 1017 ur-

339 1031 562 1122 geatis,
621 1024 763 1091 fore
817 1036 895 1091 ιιι
933 1027 1048 1093 ille
1090 1036 1286 1096 istinc
1340 1051 1595 1116 quoque
1638 1032 1923 1117 pellatur
1963 1044 2029 1100 et
2071 1037 2143 1101 in
2183 1036 2283 1120 ip-

339 1129 472 1174 sius
539 1118 742 1210 caput
805 1120 945 1178 tota
977 1200 991 1214 υ
1009 1114 1172 1181 haec
1233 1124 1588 1200 tempestas
1650 1119 1988 1187 redundet.
2090 1121 2284 1189 Illinc

336 1204 554 1261 tamen
620 1197 780 1279 quid
843 1196 993 1299 bom
1058 1221 1179 1284 pro
1243 1212 1423 1268 certo
1485 1225 1743 1288 sperem
1806 1207 1977 1306 nibil
1996 1295 2010 1308 ·
2054 1206 2283 1309 habeo,

336 1300 582 1468 3333
602 1281 1140 1455 “gamar
1152 1298 1630 1458 ,333333’333Ἧιω
1584 1292 2032 1446 amaia.
2072 1314 2281 1446 ,aa

336 1452 667 1554 tulerint..
709 1455 872 1554 ‘Nos
927 1457 1161 1541 igitur,
1226 1460 1342 1543 qui
1399 1461 1664 1529 duriora
1701 1466 1918 1563 'etiam
1973 1467 2279 1564 petimus,

332 1539 536 1604 mhilo
579 1549 810 1608 mitius
852 1555 1325 1626 exspectamus.
1402 1547 1568 1615 Cras
1610 1570 1788 1615 emm
1826 1550 1994 1615 milu
2036 1560 2279 1617 iterum

334 1624 620 1691 eundum
678 1625 837 1695 illuc
893 1638 996 1694 est
1049 1651 1200 1696 cum
1241 1630 1328 1697 D.
1374 1631 1624 1715 Ιαοοόο,
1649 1637 1701 1713 ¹)
1756 1636 1825 1702 id
1881 1646 1983 1703 est
2038 1636 2279 1704 iterum

331 1710 618 1811 ludenda
680 1732 881 1814 opera
942 1723 1013 1780 et
1089 1724 1344 1800 tempus
1421 1720 1665 1786 frustra
1740 1721 2276 1803 consumendum,

331 1817 514 1863 cums
571 1806 794 1865 tamen
853 1810 1170 1866 iacturam
1230 1806 1590 1888 aegerrime
1635 1807 1791 1887 fero,
1850 1807 1959 1874 vel
2011 1817 2279 1893 propter

331 1884 788 1951 annotationes
841 1887 990 1952 illas
1045 1889 1115 1952 in
1173 1890 1405 1972 quibus
1447 1891 1566 1957 vix
1623 1913 1830 1960 unum
1885 1902 2276 1978 perpetuum

333 1966 502 2034 diem
544 1969 712 2035 mihi
755 1992 1029 2057 pergere
1070 1973 1252 2055 licet,
1312 1977 1472 2060 quin
1500 1980 1771 2077 'centies
1811 1980 2274 2080 interrumpar.

330 2052 839 2242 3ξὲρέὼῶ
882 2061 1711 2234 ἔέἑῖῗιῗὲἳὲῗώὲιῖἓῗ
1740 2079 2276 2232 ffiffiuffi?

328 2235 651 2379 ⁸⁰⁰&th
693 2250 996 2380 animum·
1031 2232 1219 2299 nobis
1261 2245 1591 2334 suggerat,
1651 2237 1762 2320 qui
1820 2237 2063 2303 futuris
2105 2246 2273 2304 tem·

327 2322 939 2479 Ξὲἶῗιιξηέῗέ
979 2318 1436 2485 ²3..z.”f.2⁰¹.2¹}.,
1482 2322 1713 2474 νῗῗῗε
1754 2331 1868 2474 113¹?
1895 2345 2277 2476 ..3312503'22

326 2483 542 2585 ferant
583 2508 764 2585 'quae
816 2488 1079 2567 nolunt,
1135 2491 1252 2591 ‚vel
1310 2503 1386 2557 ιιι
1441 2493 1595 2594 ⁸:55⁸.
1653 2494 1981 2595 cedamus.
2071 2494 2147 2561 Si
2202 2496 2273 2561 id

326 2570 917 2758 3333333333
952 2574 1721 2732 3333333336
1757 2580 2274 2750 ,aemam

325 2741 580 2808 rediero
624 2743 854 2810 faciam
912 2753 980 2811 te
1024 2746 1105 2813 de
1160 2751 1460 2818 omuibus
1502 2754 1865 2819 certiorem.
1952 2750 2144 2834 Quod
2189 2751 2271 2819 de

325 2826 606 2927 Daci-ssa
626 2830 947 2914 scripsisti
983 2834 1146 2898 mihi
1171 2835 1515 2902 videbatur
1547 2858 1780 2921 parum
1814 2838 2167 2922 probabile,
2204 2846 2271 2904 et

325 2917 629 2981 existimo
696 2923 763 2981 te
818 2937 903 2982 ex
960 2917 1239 3001 quodam
1295 2923 1503 3004 ipsius
1562 2922 1915 2990 domestico
1979 2924 2090 3008 qui
2143 2923 2268 2990 hac

324 2999 448 3102 iter
489 3000 650 3068 fecit
693 3002 834 3104 alia·
879 3003 1089 3106 multo
1143 3008 1342 3072 etiam
1392 3008 1686 3076 tristiora
1722 3009 1997 3076 audisse.
2088 3007 2267 3091 Quid

322 3084 565 3154 facias?
627 3089 840 3155 fecisti
905 3089 1211 3158 officium.
1313 3094 1639 3162 Dominus
1699 3095 1886 3164 novit
1946 3097 2060 3179 qui
2132 3096 2269 3162 sint

324 3174 448 3253 sui,
509 3180 588 3239 ut
640 3174 864 3240 nullus
919 3198 1004 3242 ex
1058 3178 1143 3243 iis
1200 3191 1422 3262 pereat
1477 3183 1734 3250 etiamsi
1776 3182 2111 3248 interdum
2153 3182 2268 3248 ab·

324 3269 583 3343 sorptus
636 3261 959 3329 videatur.
1065 3262 1374 3348 Sigillum
1445 3275 1635 3334 tuum
1700 3270 1784 3335 ad
1848 3277 1917 3334 te
1979 3268 2264 3334 remitto.

322 3345 503 3444 Bene
545 3346 717 3426 vale,
761 3348 855 3413 mi
898 3355 1101 3431 pater.
1191 3351 1513 3420 Dominus
1556 3355 1746 3421 Iesus
1791 3362 1856 3421 te
1899 3354 2156 3421 salvum
2200 3362 2268 3419 et

321 3431 712 3498 incolumem
789 3443 1094 3518 praestet.
1211 3437 1606 3507 Lausannae
1677 3446 1754 3506 4⁰
1829 3437 2056 3507 Nonas
2130 3440 2266 3506 No·

325 3516 627 3587 vembris.
655 3519 715 3602 ²)
1481 3612 1584 3678 Th
1650 3612 1710 3678 B

1587 3661 1603 3678 .
1712 3633 1827 3680 eza

934 3710 1109 3777 filius
1150 3713 1270 3780 tibi
1313 3714 1386 3779 in
1427 3712 1716 3781 Domino
1759 3714 2260 3784 addictissimus.

1197 4239 1388 4310 2⁰41.

811 4396 1305 4464 PARELLUS
1350 4395 1784 4464 OALVINO.

495 4566 1232 4650 Rowmaddadlaeras
1275 4571 1510 4651 paucis
1549 4573 1694 4635 ante
1734 4567 2262 4651 dietatem-aptas

320 4652 2260 4737 mkfflmnrmaenammitandqmiae

313 4740 1470 4836 mammeam-emeram&
1525 4739 2258 4808 cmucionabundusam-

322 5063 1138 5260 wiffam-sm
1160 5134 1449 5258 aaa*
1481 5137 2260 5260 amimam

320 5218 1568 5411 &ffir'kwffxwffa
1591 5271 1730 5395 201321
1763 5270 2012 5330 Dm
2057 5271 2261 5330 m

2051 422 2216 487 1554
2258 417 2673 491 NOVEMB.

4211 436 4337 501 302

2393 606 2509 672 (Ex
2542 607 2878 679 autographo
2914 607 3047 665 Ood.
3082 610 3259 665 Paris.
3281 611 3463 737 3¹ng
3517 612 3631 683 102,
3664 616 3759 671 fol.
3778 614 3866 674 88.
3916 619 4103 674 Lectio
4137 622 4339 690 passim

2565 845 2787 930 Quam
2863 852 3428 933 praestantissimo
3507 851 3757 919 Christi
3833 879 4020 922 servo
4098 859 4333 926 Ioanni

2389 930 2668 1032 Calvino
2707 937 2953 1020 pastori
2990 936 3297 1003 ecclesiae
3326 938 3737 1006 Genevensis
3780 950 3847 1006 et
3889 944 3971 1009 ob
4006 946 4333 1029 insignem

2388 1028 2697 1102 pletatem
2733 1030 2802 1085 et
2836 1023 3134 1086 veritatis
3172 1023 3484 1088 eximiam
3521 1022 3884 1092 doctrinam
3928 1028 4008 1094 ab
4053 1032 4333 1114 impuris

2386 1105 2658 1171 canibus
2700 1107 2957 1189 oblique
3000 1109 3317 1190 impetito,
3372 1110 3392 1172 i
3519 1121 3693 1177 recte
3750 1122 3816 1177 et
3877 1128 4253 1182 reverenter
4297 1140 4337 1184 a

2389 1190 2517 1274 piis
2562 1189 2863 1258 omnibus
2908 1205 3180 1277 excepto
3224 1206 3291 1259 et
3333 1191 3422 1259 dil
3464 1204 3585 1260 cto.

3832 1299 4162 1370 Genevae.

2560 1429 2629 1495 S.
2719 1430 3082 1496 Blaurerus
3161 1432 3452 1497 nondum
3532 1436 3784 1501 remisit
3859 1437 4334 1505 Defensionem

2384 1536 2742 1582 consensus
2786 1517 2899 1581 sed
2937 1518 3079 1582 vult
3114 1519 3584 1586 transscribere
3629 1532 3704 1585 ut
3746 1522 3955 1589 literis
3995 1524 4332 1606 indicavit,

2384 1622 2545 1684 quas
2606 1601 2688 1666 ad
2750 1612 2815 1667 te
2875 1604 3065 1668 mitto
3125 1616 3203 1668 ut
3246 1602 3469 1671 videas
3528 1607 3684 1690 quid
3739 1609 3886 1691 pius
3932 1610 4034 1675 vir
4090 1612 4333 1677 sentiat

2385 1687 2466 1753 de
2509 1708 2717 1771 opere.
2808 1689 2896 1752 Et
2941 1710 3096 1755 sane
3140 1711 3260 1774 ego
3304 1692 3361 1755 si
3405 1711 3767 1773 sperassem
3814 1694 4061 1760 tamdiu
4106 1717 4330 1763 exem·

2382 1772 2531 1857 plar
2573 1771 2747 1856 apud
2790 1795 2941 1839 eum
2974 1775 3287 1853 futurum,
3332 1777 3525 1860 paulo
3560 1783 3973 1846 cunctantius
4006 1781 4329 1864 legissem,

2382 1860 2496 1925 ubi
2539 1880 2739 1942 quam
2797 1860 3108 1926 citissime
3160 1863 3475 1944 percurri,
3537 1865 3778 1947 partim
3832 1876 4064 1951 raptus
4109 1888 4329 1933 amore

2380 1965 2605 2010 eorum
2672 1966 2837 2028 quae
2894 1944 3243 2023 dicuntur,
3287 1967 3453 2030 quae
3518 1970 3623 2015 me
3689 1972 3886 2034 quam
3954 1952 4329 2021 avidissime

2380 2030 2701 2115 cogebant
2741 2031 2990 2116 legere,
3048 2034 3289 2115 partim
3334 2031 3504 2117 quod
3550 2056 3625 2100 eo
3667 2037 3810 2120 ipso
3868 2036 3971 2102 die
4026 2039 4325 2105 volebam

2380 2115 2696 2182 Blaurero
2753 2117 2941 2182 reddi
2994 2125 3068 2182 ut
3124 2115 3406 2198 videret,
3462 2121 3721 2204 iamque
3779 2122 4085 2190 meridies
4139 2145 4326 2208 prae·

2378 2202 2664 2268 tei-ierat.
2768 2202 3066 2270 Relictus
3124 2212 3224 2270 est
3278 2206 3551 2271 affectus
3609 2208 3817 2272 mirus
3874 2230 3957 2273 ex
4026 2210 4322 2277 lectione.
4395 2282 4403 2287 ,

2377 2288 2526 2372 Ago
2582 2288 2830 2371 gratias
2887 2288 3171 2355 Domino
3233 2290 3403 2373 quod
3465 2302 3529 2356 te
3585 2292 3681 2357 ita
3737 2302 3993 2359 utatur:
4068 2297 4326 2363 utinam

2376 2392 2635 2458 possem
2680 2372 2854 2438 idem
2897 2396 3094 2458 super
3137 2375 3399 2460 collega,
3444 2378 3554 2458 qui
3591 2378 3788 2443 nimis
3834 2380 3958 2445 sibi
4000 2380 4215 2464 placet
4254 2385 4326 2449 in

2377 2480 2454 2524 eo
2495 2459 2566 2523 in
2613 2479 2739 2542 quo
2794 2458 2957 2523 mihi
3011 2458 3327 2545 displicet.
3417 2462 3665 2528 Mirum
3710 2463 3880 2547 quod
3923 2486 4148 2548 sapere
4191 2490 4326 2534 non

2462 2544 2596 2610 seit.
2678 2544 2993 2610 Nostrum
3036 2567 3229 2610 nemo
3272 2546 3445 2629 quod
3489 2549 3672 2630 cupit
3714 2549 4039 2632 probavit.
4120 2553 4328 2619 Recte

2402 2631 2530 2696 ecit
2585 2628 2759 2713 quod
2816 2652 2948 2695 non
3004 2633 3406 2714 praetexerit
3462 2634 3742 2699 fratrum
3799 2655 4055 2701 nomen.
4158 2639 4325 2703 For-

2373 2715 2555 2781 mula
2589 2734 2962 2794 consensus,
3006 2737 3199 2800 quam
3237 2718 3577 2801 oportebat
3611 2719 3865 2802 pridem
3900 2720 4025 2799 edi,
4070 2724 4325 2790 tamdiu

2373 2801 2568 2866 latuit
2619 2810 2685 2867 et
2743 2822 2938 2885 aegre
2991 2803 3062 2866 in
3119 2802 3330 2869 lucem
3383 2806 3599 2882 veuit,
3659 2818 3727 2870 et
3779 2806 4092 2873 Defensio
4153 2830 4322 2893 quae

2372 2888 2505 2973 legi
2551 2886 2632 2953 ab
2676 2885 2981 2953 omnibus
3024 2887 3305 2966 deberet,
3367 2888 3583 2954 adhuc
3628 2893 3947 2973 premitur
4000 2915 4085 2958 ne
4126 2895 4319 2976 prod-

2374 2983 2499 3052 eat,
2544 2980 2612 3038 et
2653 2973 2775 3038 tibi
2817 2973 3239 3056 exspectandi
3283 2985 3440 3039 sunt
3481 2976 3756 3042 aliorum
3801 2978 4063 3057 calculi,
4124 2988 4189 3044 et
4242 3000 4320 3045 ea

2372 3079 2537 3144 quae
2595 3059 2802 3125 latere
2857 3058 3178 3126 debebant
3231 3067 3299 3125 et
3352 3061 3713 3145 potioribus
3757 3062 4002 3144 cedere,
4057 3071 4319 3132 tantum

2370 3167 2505 3211 non
2569 3160 2922 3229 erumpunt
2985 3146 3213 3212 invitis
3271 3149 3639 3213 sanioribus
3698 3149 4001 3215 consiliis.
4103 3151 4319 3218 Probe

2370 3239 2554 3298 tenes
2639 3233 2905 3316 ingenia
2991 3252 3217 3297 eorum
3312 3232 3700 3316 quibuscum
3785 3234 4115 3319 agendum
4200 3250 4317 3304 est.

2370 3318 2620 3384 Verum
2643 3322 2682 3359 a
2725 3337 2925 3401 supra
2979 3338 3204 3384 omnes
3261 3316 3674 3386 difficultates
3730 3329 3831 3385 est
3874 3321 4316 3388 eluctantium.

2369 3402 2440 3469 Is
2493 3404 2608 3487 qui
2664 3402 2844 3468 dedit
2899 3423 3097 3488 supra
3152 3424 3366 3487 spem,
3433 3413 3506 3470 ut
3558 3404 3824 3471 tandem
3869 3408 4318 3475 consensionis

2369 3489 2537 3554 ratio
2581 3489 2952 3566 haberetur,
2999 3488 3240 3555 efficiet
3274 3501 3348 3555 ut
3382 3489 3554 3573 quod
3586 3501 3882 3574 superest
3916 3492 4314 3570 absolvatur,

2368 3596 2572 3659 quum
2630 3575 2719 3639 sit
2770 3574 3038 3640 Domini
3093 3596 3274 3660 opus.
3378 3574 3528 3640 Non
3580 3584 3840 3641 tantum
3893 3577 4050 3661 qnid
4108 3577 4316 3645 velint

2368 3669 2486 3726 aut
2542 3660 2871 3744 refugiant
2940 3660 3249 3726 mortales
3318 3660 3817 3742 attendendum,
3887 3684 4085 3745 quam
4156 3664 4314 3747 quid

2366 3746 2576 3830 possit
2618 3744 2963 3812 Dominus.
3052 3745 3383 3811 Instemus
3426 3748 3728 3830 precibus
3773 3756 3841 3813 et
3878 3748 4115 3814 &atres
4161 3749 4315 3814 hor-

2367 3842 2615 3897 temur:
2692 3851 2827 3896 nou
2891 3831 3137 3896 frustra
3204 3831 3275 3896 id
3346 3833 3479 3897 fiet.
3580 3831 3861 3915 Quando
3920 3833 4316 3902 indicaveris

2367 3915 2677 4002 expedire
2736 3925 2815 3981 ιιι
2884 3938 3071 4001 agam
3139 3939 3287 3983 cum
3341 3918 3675 4001 Tigurinis
3731 3918 4051 3985 indicato:
4120 3940 4159 3985 a

2365 4002 2539 4086 quod
2583 4003 2870 4082 iusseris,
2926 4024 3058 4067 nou
3112 4013 3190 4067 ut
3229 4024 3348 4087 par
3391 4013 3563 4070 esset
3603 4004 3718 4070 sed
3762 4012 3837 4069 ut
3879 4003 4135 4070 dederit
4174 4006 4316 4071 Do·

2364 4110 2604 4154 mmus.

2538 4174 2828 4240 Multum
2869 4174 3082 4256 placet
3135 4174 3414 4240 fratrum
3439 4175 3486 4256 ¹)
3531 4173 3822 4239 Bernam
3865 4176 4145 4258 petiisse.
4234 4175 4313 4243 Si

2366 4281 2502 4327 nou
2535 4260 2758 4325 verbis
2781 4260 2953 4325 facta
2989 4258 3383 4343 respondent
3417 4270 3639 4323 tamen
3684 4259 3951 4344 prodest
3990 4262 4313 4327 indicasse

2365 4345 2604 4430 quibus
2640 4352 2913 4428 oportet,
2959 4366 3079 4412 nec
3114 4345 3449 4411 audebunt
3481 4343 3718 4427 perditi
3755 4356 3890 4410 tam
3926 4346 4126 4412 libere
4170 4348 4311 4431 pios

2364 4432 2704 4499 lacessere.
2792 4432 3008 4496 'l'uum
3052 4431 3179 4495 erit
3220 4431 3474 4496 interea
3514 4431 3800 4514 gaudere
3841 4431 4016 4514 quod
4057 4434 4186 4497 ista
4227 4432 4310 4498 ob

2365 4517 2708 4586 Christum
2749 4517 2939 4594 feras,
2985 4516 3281 4599 quodque
3320 4524 3455 4581 tam
3502 4517 3722 4599 gravis
3766 4515 4054 4582 Satanae
4098 4518 4189 4583 sis
4232 4537 4308 4583 ac

2365 4604 2522 4670 suis.
2588 4602 2805 4669 Multo
2840 4601 3017 4667 enim
3060 4601 3255 4668 latius
3274 4604 3330 4679 2)
3374 4600 3493 4666 tibi
3528 4610 3629 4668 est
3660 4612 3730 4667 et
3762 4602 3948 4668 bonis
3982 4600 4307 4681 omnibus,

2363 4689 2537 4754 male
2594 4687 2821 4753 audire
2877 4708 2917 4752 a
2971 4686 3164 4753 malis
3221 4708 3413 4772 quam
3468 4689 3550 4754 ab
3604 4687 3698 4753 eis
3748 4688 4039 4771 probari,
4111 4708 4304 4753 nemo

2365 4776 2540 4839 enim
2595 4773 2849 4841 Obristi
2905 4794 3136 4840 servus
3190 4772 3359 4841 bene
3422 4771 3676 4839 audivit
3728 4771 3902 4856 apud
3959 4774 4302 4856 improbos.

2364 4858 2670 4926 Sentient
2720 4859 2943 4924 miseri
2995 4861 3065 4924 in
3120 4879 3314 4943 quem
3366 4860 3732 4943 insurgant.
3819 4858 4039 4925 Moses
4081 4880 4305 4944 magos

2363 4945 2599 5012 habuit
2655 4944 3095 5027 adversarios,
3167 4945 3554 5024 Biliamum,
3622 4952 3693 5010 et
3749 4943 3905 5029 quid
3961 4965 4093 5011 non
4145 4946 4304 5012 foris

2365 5202 2552 5258 2041.
2574 5202 2623 5270 1)
2659 5200 2758 5258 Sic
2795 5202 2976 5258 Codex
3026 5203 3122 5285 fed
3156 5202 3293 5286 ἱερᾶς·
3325 5202 3570 5270 fratrem,
3616 5201 3731 5257 scil.
3766 5200 3850 5256 10.
3885 5201 4068 5259 Fabri
4097 5203 4164 5258 de
4194 5218 4303 5273 quo

2362 5273 2807 5406 wra-
2832 5243 3430 5397 mama
3444 5271 3833 5395 ‘lasum‘
