4850 6200
470 401 598 468 339

643 586 809 653 Post
847 586 1052 669 igitur
1108 604 1362 651 errores
1419 593 1680 652 nostros
1737 592 1805 652 et
1859 585 2082 651 varias
2135 585 2427 670 peregri-

470 672 779 741 nationes
852 669 1318 737 Franct'ordiae
1405 670 1632 736 divino
1699 671 2014 737 beneficio
2083 670 2424 737 eeclesiam

463 758 988 843 impetravimus,
1048 754 1131 822 ad
1176 775 1372 839 quam
1419 754 1575 822 dum
1634 777 2019 841 cuperemus
2163 753 2425 839 pulares

467 854 734 910 nostros
800 863 999 928 aggre
1086 861 1158 906 re
1179 888 1197 919 ‚
1263 841 1683 927 undiquaque
1761 843 1894 907 iam
1970 841 2270 907 dialectos
2347 861 2422 906 ac

467 929 671 1003 fusos,
718 949 848 993 non
890 948 996 992 mo
1044 948 1082 992 o
1125 947 1254 992 non
1299 927 1625 993 laetanter
1665 936 2052 1011 receperunt
2086 928 2420 1004 nuncium,

474 1015 591 1082 sed
673 1035 877 1099 paene
945 1012 1203 1097 probris
1282 1014 1675 1091 affecerunt,
1745 1014 2091 1098 indignum
2162 1012 2421 1077 facinus

476 1101 884 1166 clamitantes
951 1118 1072 1163 nos
1119 1100 1401 1182 patriam
1461 1097 1824 1165 deseruisse
1843 1150 1858 1175 ,
1927 1109 2103 1163 totos
2174 1097 2422 1164 seilicet

475 1204 619 1252 esse
677 1184 1106 1251 Genevenses
1161 1184 1366 1251 factos
1422 1203 1499 1248 ac
1551 1186 1874 1270 anglicam
1933 1184 2290 1269 liturgiam,
2352 1181 2419 1247 id

474 1279 604 1350 est,
662 1276 740 1336 ut
782 1291 902 1355 ego
949 1267 1212 1353 quidem
1258 1269 1687 1353 interpretor,
1748 1269 2166 1335 miscellanea
2221 1288 2418 1351 quae-

473 1354 621 1420 dam
665 1377 750 1421 ex
794 1355 1002 1421 variis
1040 1355 1446 1436 leentonibus
1492 1357 1961 1433 consarcinata,
2021 1354 2414 1441 repudiasse.

475 1440 656 1507 Adeo
700 1450 778 1506 ut
819 1440 1016 1506 huius
1060 1442 1585 1524 reprehensionis
1629 1441 1824 1521 fama,
1860 1442 1940 1505 ad
1976 1461 2202 1507 omnes
2243 1440 2418 1506 locos

470 1526 584 1593 ubi
629 1527 838 1592 nostri
882 1527 1196 1611 degerent
1239 1526 1651 1611 perveniens,
1695 1528 2013 1612 plurimos
2069 1527 2179 1611 qui
2223 1537 2419 1591 antea

469 1622 773 1678 neutram
837 1615 905 1676 in
964 1624 1214 1695 partem
1272 1610 1682 1679 inclinabant
1724 1626 1990 1697 propter
2043 1614 2417 1695 opinionem

471 1698 809 1764 doctrinae
874 1704 1095 1782 (quam
1167 1698 1387 1781 ampla
1463 1699 1787 1782 stipendia
1854 1698 2186 1763 nonnullis
2242 1697 2417 1762 domi

471 1784 1010 1867 conciliaverant)
1078 1783 1159 1849 ab
1218 1783 1343 1849 hoe
1406 1784 1737 1867 praeclaro
1794 1784 2096 1849 instituto
2153 1782 2419 1848 deflexit

470 1889 547 1935 ae
590 1867 968 1935 retardavit.
1051 1867 1350 1935 'l'andem
1389 1881 1463 1934 ut
1552 1880 1767 1935 raeter
1809 1870 2183 1953 opinionem
2227 1888 2414 1934 suam

473 1975 591 2019 nos
635 1975 674 2018 a
717 1955 1044 2020 sententia
1089 1976 1218 2020 non
1265 1975 1452 2038 posse
1538 1955 1809 2021 imoveri
1855 1963 2216 2027 cernerent,
2267 1974 2416 2038 per-

471 2051 636 2123 gunt
693 2061 813 2105 nos
870 2041 1220 2105 autoritate
1278 2050 1394 2105 tua
1447 2061 1769 2124 premere,
1823 2039 1997 2124 quod
2045 2039 2290 2107 scilicet
2352 2049 2417 2105 te

473 2126 673 2190 huius
714 2127 900 2209 quasi
944 2136 1172 2209 partus
1229 2140 1672 2209 susceptorem
1738 2147 1813 2192 ae
1867 2127 2181 2192 fautorem
2229 2127 2415 2210 parvi

471 2211 848 2277 faceremus.
949 2210 1205 2291 Quibus
1248 2233 1369 2293 ego
1412 2229 1640 2277 contra
1684 2234 1758 2278 ac
1816 2214 2010 2296 plane
2066 2212 2412 2289 affirmare,

472 2305 537 2361 te
575 2317 911 2380 nunquam
934 2295 1274 2363 induxisse
1299 2298 1369 2361 in
1393 2298 1684 2362 animum
1724 2311 1800 2363 ut
1845 2319 1950 2363 res
1987 2297 2414 2363 tamfrivolas

469 2391 733 2464 tamque
809 2382 1113 2449 ridiculas
1192 2402 1267 2447 ac
1340 2383 1691 2467 papisticas
1760 2382 2181 2468 approbares,
2260 2384 2413 2460 imo,

471 2477 923 2550 praeterquam
970 2467 1137 2551 quod
1184 2468 1334 2533 illae
1379 2469 1651 2534 naeniae
1686 2467 2072 2553 longissime
2107 2467 2412 2534 abhorre-

469 2565 617 2618 rent
661 2553 741 2619 ab
783 2555 1045 2638 ingenio
1088 2564 1350 2618 tuorum
1403 2555 1940 2639 gravissimorum
1987 2553 2411 2631 voluminum,

468 2639 664 2703 ctiam
723 2660 760 2704 e
816 2648 1126 2723 suggestu
1180 2661 1372 2723 quam
1430 2640 1809 2724 saepissime
1865 2650 1932 2705 et
1990 2639 2415 2705 vehementer

465 2724 833 2802 invectum,
892 2723 1347 2802 detonantem,
1395 2726 1842 2811 fulgurantem
1889 2727 1959 2791 in
2016 2727 2412 2792 eaeremoni-

466 2830 654 2874 arum
698 2810 994 2893 ineptias,
1040 2831 1117 2877 ac
1150 2810 1478 2876 huismodi
1523 2812 1841 2895 papistica
1875 2811 2204 2895 ἀδιάφορα,
2247 2831 2415 2894 quae

466 2899 670 2961 nostri
726 2894 994 2979 pulchro
1058 2896 1142 2979 (si
1200 2895 1324 2962 diis
1398 2898 1641 2980 placet)
1710 2898 1977 2962 nomine
2050 2896 2416 2980 αὑτοὶφθορα

468 2980 820 3065 appellant,
867 2980 1250 3046 audiverim.

641 3065 775 3133 Sed
831 3066 992 3133 libet
1044 3067 1174 3131 iam
1356 3075 1494 3132 tum
1567 3067 1879 3151 praebere
1936 3074 2131 3152 atque
2186 3067 2415 3135 eadem

466 3153 910 3237 perstringere
976 3173 1144 3236 quae
1209 3088 1354 3217 1}OE
1368 3154 1618 3219 Knoxeo
1687 3167 1754 3219 et
1825 3154 1991 3218 mihi
2064 3153 2416 3238 diligenter

465 3237 993 3303 examinantibus
1027 3259 1146 3322 per
1188 3238 1479 3322 amplum
1524 3237 1830 3303 volumen
1892 3239 2036 3305 fusa
2079 3239 2414 3306 destruere

463 3324 682 3405 potius
735 3344 934 3407 quam
993 3323 1335 3390 aedificare
1413 3322 1823 3391 videbantur.
1939 3326 2274 3409 Principio
2343 3346 2414 3391 se

813 3464 874 3471 -.-

465 3532 663 3592 ments,
717 3526 823 3580 and
866 3527 935 3581 he
971 3526 1183 3582 wouldc
1229 3526 1387 3598 onely
1435 3528 1684 3597 preache.
1755 3529 1812 3583 If
1852 3529 2064 3584 neither
2109 3531 2300 3586 coulde
2345 3531 2412 3585 be

465 3596 746 3661 admitted,
798 3595 867 3650 he
921 3598 1190 3666 besought
1241 3598 1389 3650 them
1441 3597 1564 3651 that
1609 3598 1679 3652 he
1725 3598 1902 3669 might
1951 3599 2021 3652 be
2072 3598 2409 3669 discharged.

465 3665 580 3718 But
629 3672 689 3717 ιο
739 3664 860 3718 that
909 3666 1005 3718 the
1055 3666 1451 3736 congregation
1503 3666 1712 3721 woulde
1765 3668 1818 3721 in
1873 3684 1946 3721 no
1993 3668 2119 3721 vise
2171 3676 2410 3723 consent.

465 3732 672 3786 Whiles
714 3732 869 3787 these
912 3734 1030 3790 thiu
1131 3751 1276 3788 were
1321 3735 1450 3788 thus
1484 3736 1539 3788 in
1586 3734 1878 3804 handlinge
1922 3752 2072 3790 came
2105 3736 2182 3793 Μ.
2218 3737 2396 3791 Lever

465 3801 652 3856 before
698 3802 930 3871 elected,
980 3750 1104 3856 vg:
1148 3803 1504 3873 assemblinge
1549 3804 1641 3858 the
1677 3804 2072 3886 congregation
2119 3780 2412 3874 requested

466 3870 589 3925 that
622 3870 689 3923 he
783 3870 796 3883 ‘
836 3870 899 3924 ht
936 3871 1100 3924 withe
1135 3871 1279 3925 their
1323 3880 1608 3926 consentes
1643 3881 1900 3943 apponite
1944 3874 2107 3928 suche
2142 3892 2211 3927 an
2249 3876 2413 3928 order

467 3955 528 3992 as
571 3887 873 3992 „bufflguffifl
921 3940 1086 3993 botho
1127 3941 1290 4011 godly
1328 3940 1577 3994 withowt
1623 3958 1711 3995 res
1751 3951 1869 3996 ecte
1903 3943 1967 3995 of
2007 3943 2100 3997 the
2134 3943 2321 3997 Booke
2357 3943 2418 3998 of

465 4007 685 4062 Geneva
718 4024 780 4060 or
813 4023 949 4076 anye
992 4008 1167 4077 other,
1213 4010 1556 4080 requestinge
1600 4010 1655 4063 fa
1748 4027 1810 4064 er
1852 4012 1973 4064 that
2005 4012 2089 4065 for
2123 4027 2185 4066 so
2220 4012 2411 4066 muche

463 4093 525 4129 as
561 4075 681 4128 that
714 4075 868 4130 office
888 4093 998 4129 was
1033 4077 1094 4131 of
1119 4093 1181 4130 so
1272 4088 1360 4131 eat
1391 4079 1764 4147 importaunce
1780 4079 1887 4133 and
1921 4079 2043 4133 that
2075 4080 2145 4133 hc
2171 4080 2277 4135 had
2313 4088 2413 4135 not

463 4145 574 4214 byn
611 4145 664 4198 in
697 4151 789 4197 the
824 4145 931 4198 like
954 4145 1156 4212 before,
1193 4152 1217 4200 t
1257 4153 1316 4199 at
1347 4146 1418 4200 he
1436 4148 1609 4217 might
1629 4148 1914 4202 betweene
1947 4147 2070 4202 that
2086 4148 2193 4203 and
2215 4150 2412 4204 Easter

465 4213 606 4268 have
642 4230 675 4266 a
707 4213 853 4267 triall
890 4213 952 4268 of
979 4214 1143 4278 them,
1191 4216 1297 4268 and
1332 4214 1461 4284 they
1497 4215 1559 4269 of
1584 4217 1712 4277 him.
1761 4217 1867 4271 and
1919 4234 1982 4272 so
2029 4224 2087 4271 at
2134 4217 2227 4271 the
2273 4218 2411 4274 ende

465 4282 530 4336 of
556 4282 679 4335 that
711 4289 886 4336 terme
919 4282 1097 4336 either
1141 4284 1267 4337 take
1302 4301 1367 4337 or
1400 4284 1599 4339 refuso:
1650 4286 1859 4339 whiche
1894 4287 2023 4340 time
2057 4285 2121 4341 of
2149 4287 2314 4353 triall,
2351 4303 2410 4341 as

465 4351 512 4404 it
546 4368 660 4404 was
695 4351 918 4424 willingl
991 4351 1256 4422 graunted
1292 4352 1420 4415 him,
1455 4369 1519 4407 so
1539 4354 1693 4408 when
1728 4354 1862 4425 they
1891 4355 2258 4409 understoode
2289 4355 2413 4410 that

464 4419 560 4473 the
594 4419 757 4475 order
786 4420 924 4473 whic
963 4438 993 4473 e
1027 4421 1095 4474 he
1122 4421 1331 4477 woulde
1367 4422 1519 4490 place
1555 4423 1662 4478 and
1699 4439 1793 4476 use
1828 4440 1939 4477 was
1974 4431 2071 4478 not
2103 4425 2216 4478 alto
2253 4423 2412 4478 ether

465 4487 627 4543 suche
663 4506 723 4541 as
750 4505 860 4542 was
894 4489 957 4541 fit
989 4488 1078 4543 for
1112 4506 1146 4541 a
1181 4489 1328 4559 right
1361 4489 1629 4545 reformed
1663 4492 1914 4558 churche,
1948 4491 2080 4563 they
2109 4509 2225 4545 που
2250 4493 2317 4547 de
2352 4493 2409 4546 in

468 4573 540 4611 no
577 4557 705 4612 wiso
747 4558 904 4628 yelde
939 4562 999 4611 ιο
1047 4558 1140 4611 the
1174 4575 1337 4612 same.
1410 4559 1602 4624 Knox,
1654 4560 2045 4631 whittingham
2080 4559 2187 4614 and
2223 4562 2410 4615 others

464 4626 828 4697 perceyvinge
861 4626 983 4679 that
1016 4626 1160 4680 theis
1185 4627 1505 4696 beginnings
1535 4630 1744 4684 woulde
1776 4646 1961 4699 grove
1995 4636 2055 4682 to
2089 4645 2239 4690 some
2263 4630 2410 4683 what

466 4694 550 4765 yss'
576 4696 622 4748 it
643 4711 789 4749 were
805 4705 903 4749 not
925 4694 1067 4749 staid
1102 4695 1157 4749 in
1192 4696 1324 4751 time
1357 4696 1540 4750 drewe
1575 4699 1753 4753 forthc
1782 4716 1816 4751 a
1837 4697 1979 4767 plstt
2012 4697 2073 4763 (i.
2098 4714 2140 4752 e.
2158 4713 2195 4751 a
2219 4697 2407 4765 model,

645 4779 710 4819 or
754 4771 1056 4834 smmum)
1102 4764 1164 4819 of
1202 4764 1294 4820 the
1332 4765 1505 4819 whole
1538 4766 1727 4821 Bocke
1762 4769 1823 4820 of
1848 4765 2099 4836 England
2149 4766 2266 4820 into
2311 4766 2407 4821 the

547 4832 654 4885 ttin
691 4839 877 4902 tonge,
911 4834 1172 4903 sendinge
1206 4833 1302 4887 the
1336 4850 1484 4888 same
1519 4839 1578 4888 ιο
1607 4836 1699 4890 Mr-
1728 4834 1916 4889 Calvin
1934 4834 2042 4888 and
2059 4835 2407 4917 requestinge

466 4899 553 4953 his
593 4900 908 4967 iudgement
949 4900 1159 4970 therin‚
1201 4902 1308 4956 and
1354 4902 1628 4972 shewingc
1673 4901 1786 4955 him
1832 4903 1951 4957 that
1984 4918 2134 4957 some
2168 4903 2232 4958 of
2259 4904 2408 4957 their

466 4970 834 5024 countriemen
883 4977 1031 5024 went
1080 4973 1297 5025 abowte
1346 4977 1407 5026 ιο
1457 4971 1604 5026 force
1654 4970 1800 5026 them
1844 4976 1903 5026 to
1952 4972 2049 5026 the
2099 4987 2247 5026 same
2298 4973 2405 5027 and

469 5038 681 5159 vapullde
726 5038 899 5161 admgt
911 5056 1012 5161 ιιιιιο
1046 5038 1221 5106 other,
1268 5041 1486 5110 ssyinge
1527 5040 1650 5093 that
1691 5040 1738 5092 it
1774 5055 1886 5093 vas
1930 5058 1999 5094 an
2034 5040 2197 5096 order
2232 5049 2407 5097 monte

469 5122 502 5158 a
541 5121 601 5159 so
623 5113 731 5170 ute,
768 5126 836 5161 an
972 5115 1028 5162 at

522 5189 557 5227 ο
593 5174 648 5227 Μ
733 5175 768 5228 d
854 5176 914 5229 th
954 5176 967 5190 .
1050 5109 1283 5231 ¹ygever
1317 5108 1447 5178 they
1481 5124 1630 5162 came
1664 5108 1781 5163 into
1817 5108 1961 5162 their
1995 5109 2243 5164 countrie
2277 5110 2407 5180 they

465 5191 521 5226 v
556 5191 591 5228 u
651 5192 680 5228 e
769 5192 802 5229 ο
918 5193 1001 5230 eir

1147 5183 1203 5231 te
1255 5184 1314 5231 to
1366 5177 1656 5232 establishe
1708 5177 1753 5229 it
1805 5178 2008 5247 againe.
2048 5207 2112 5218 —
2152 5179 2410 5249 &quitur

457 5243 675 5309 deinde,
708 5246 907 5299 omisso
940 5246 1167 5301 exordio
1199 5261 1273 5301 un
1311 5244 1411 5300 15oe
1441 5260 1600 5299 versu
1634 5245 1766 5299 haec
1796 5245 1924 5313 ipsa
1955 5248 2197 5316 epistola,
2235 5250 2408 5318 paulo

419 5311 751 5369 Muta
781 5313 911 5369 inde
942 5330 981 5371 a
1014 5316 1223 5372 verbim·
1305 5314 1534 5382 rincipio
1566 5330 1627 5368 se
1660 5313 1894 5369 offerunt
1923 5322 2019 5371 etc.

2093 393 2560 465 EPIS'POLA
2600 396 2767 461 2059

2468 794 2474 829 l

4347 396 4472 458 340

2529 582 2817 647 offerunt
2857 583 3217 648 matutinae
3263 602 3488 666 preces
3529 603 3693 667 quas
3732 581 4037 647 minister
4078 581 4226 646 alba
4269 589 4471 660 veste,

2529 687 2723 752 quam
2790 666 3324 752 superpellicium
3394 676 3666 745 vocant,
3730 667 4033 745 indutus,
4109 666 4190 733 ab
4254 665 4471 750 aliqua

2529 754 3000 852 scripturarum
3058 754 3444 820 sententiola
3501 775 3773 820 exorsus
3815 756 4073 837 (utpote
4091 771 4131 852 :-
4165 751 4243 819 Si
4286 752 4471 817 dixe·

2528 839 4468 1022 ἲέἓῖῗυὲἕὲᾶςὲἔὲἕᾬῗῗωῖἓέοξέῗᾚρτὲἓῗωῗᾜὲῒ

2528 1010 2772 1093 excipit
2828 1012 3143 1077 confessio
3198 1031 3390 1095 quam
3458 1012 3637 1078 clara
3690 1031 3847 1077 voce
3913 1009 4098 1094 plebs
4166 1010 4469 1075 ministro

2526 1103 2885 1179 praeeunte
2971 1097 3298 1179 exprimit.
3417 1096 3595 1162 Huic
3673 1095 4056 1181 adiungitur
4131 1096 4466 1163 absolutio.

2526 1181 2759 1264 Itaque
2820 1181 2925 1247 his
2997 1183 3280 1265 peractis
3339 1183 3571 1248 recitat
3628 1182 3983 1248 orationem
4054 1180 4465 1247 dominicam.
4560 1210 4569 1217 ·

2523 1268 2688 1332 Post
2729 1266 2990 1333 deinde:
3036 1266 3322 1333 Domine
3366 1266 3536 1332 labia
3579 1288 3726 1333 mea
3777 1268 4060 1352 aperies,
4121 1290 4286 1351 resp.
4380 1269 4470 1333 Et

2521 1372 2595 1418 os
2637 1374 2854 1418 meum
2914 1354 3342 1419 annunciabit
3381 1353 3640 1419 laudem
3698 1360 3878 1419 tuam
3934 1366 4053 1419 ete.
4155 1353 4470 1438 Sequitur

2522 1440 2594 1504 in
2636 1439 2936 1523 liturgia:
2981 1438 3226 1505 Venite
3269 1440 3672 1505 exsultemus
3716 1439 4002 1504 Domino
4045 1452 4161 1505 ete.
4252 1447 4468 1524 Atque

2522 1546 2677 1590 mox
2758 1526 2915 1591 treis
2987 1525 3255 1608 psalmi,
3335 1545 3467 1590 una
3529 1547 3705 1591 eum:
3795 1525 4028 1591 Gloria
4095 1526 4267 1609 patri
4318 1538 4464 1603 ‚ete.

2522 1609 2840 1692 Sequitur
2882 1632 3041 1677 vero
3083 1611 3276 1676 lectio
3322 1632 3489 1694 quae
3547 1613 3881 1695 integrum
3934 1614 4176 1678 veteris
4239 1613 4469 1678 Testa-

2522 1696 2727 1761 menti
2773 1707 2967 1780 caput
3008 1697 3319 1763 eontinet.
3404 1697 3567 1762 Post
3602 1697 3772 1763 hanc
3815 1707 4062 1763 autem:
4110 1698 4205 1762 Te
4246 1696 4468 1764 Deum

2523 1780 2869 1848 laudamus
2935 1794 3055 1848 etc.
3108 1783 3246 1848 vel:
3326 1782 3705 1849 Benedicite
3770 1784 3990 1849 omnia
4073 1802 4270 1867 opera
4341 1797 4461 1850 etc.

2526 1866 2758 1932 Altera
2811 1866 3048 1934 deinde
3131 1867 3323 1934 lectio
3396 1888 3473 1933 ex
3552 1868 3745 1935 Novo
3814 1869 4265 1947 TestamentO,
4335 1871 4465 1935 nisi

2525 1953 2688 2018 forte
2732 1955 2885 2019 festi
2924 1953 3263 2021 celebritas
3308 1963 3507 2020 statas
3555 1954 3861 2020 lectiones
3902 1954 4157 2021 habeat.
4263 1956 4465 2039 Atqui

2522 2048 2697 2104 certe
2740 2040 2807 2105 in
2850 2039 3113 2122 templis
3157 2038 3636 2106 cathedralibus
3680 2039 3873 2124 plano
3918 2049 4113 2106 cantu
4158 2040 4465 2108 lectiones

2520 2125 2875 2208 proferunt.
2980 2126 3141 2191 Post
3198 2125 3388 2192 haec:
3446 2125 3843 2192 Benedictus
3901 2125 4224 2193 Dominus
4281 2127 4464 2193 Deus

2520 2220 2639 2275 ete.
2707 2210 3028 2278 adiicitur.
3138 2210 3285 2277 Hoc
3347 2211 3488 2278 loco
3563 2212 3868 2278 admonet
3938 2224 4131 2278 autor
4210 2224 4283 2279 ut
4348 2234 4463 2297 per

2518 2295 2856 2380 integrum
2903 2319 3146 2362 annum
3193 2297 3368 2363 hunc
3412 2296 3704 2363 ordinem
3749 2309 4030 2364 servent.
4090 2299 4462 2365 Postremo:

2519 2381 2732 2449 Credo
2795 2382 2867 2446 in
2923 2381 3168 2461 Deum,
3238 2405 3355 2467 per
3410 2383 3782 2450 ministrum
3849 2394 4065 2450 erecto
4139 2386 4205 2449 in
4264 2385 4466 2470 pedes

2517 2467 2756 2553 populo
2798 2469 3285 2551 pronunciatur.
3375 2467 3524 2551 Quo
3558 2490 3787 2536 rursus
3821 2471 4009 2535 finito
4050 2470 4352 2537 omnibus
4393 2472 4464 2535 in

2518 2574 2732 2636 genua
2762 2554 3160 2620 convolutis:
3207 2554 3549 2634 Dominus,
3585 2556 3815 2640 inquit,
3860 2554 4216 2622 vobiscum.
4260 2556 4462 2642 Resp.

2519 2639 2610 2703 Et
2651 2658 2800 2704 cum
2845 2641 3082 2723 spiritu
3126 2647 3245 2706 etc.
3300 2640 3513 2724 Kyrie
3549 2640 3831 2725 eleyson,
3879 2640 4144 2708 Christe
4173 2642 4462 2726 eleyson,

2520 2724 2736 2809 Kyrie
2792 2725 3074 2810 eleyson.
3182 2723 3338 2813 [His
3406 2730 3601 2812 nugis
3666 2726 3891 2793 laudes
3946 2748 4107 2811 quas
4167 2729 4463 2812 papistae

2520 2810 2766 2877 habent
2807 2820 2957 2894 post
2999 2810 3287 2877 'Pedeum
3338 2810 3814 2913 compensant}
3836 2815 3894 2889 ²)
3968 2813 4185 2883 Pater
4240 2826 4466 2880 noster

2521 2896 2604 2961 ab
2647 2898 2827 2963 omni
2869 2895 3202 2962 audientia
3243 2898 3419 2964 clare
3460 2910 3980 2981 pronunciatum.
4044 2900 4216 2964 Tum
4259 2901 4462 2966 sacri-

2520 2983 2682 3048 ficus
2725 2992 3006 3049 erectus:
3052 2981 3362 3062 Ostende,
3398 2984 3632 3066 inquit,
3688 2984 3874 3051 nobis
3916 2985 4201 3050 Domine
4264 2987 4462 3052 mise-

2519 3068 2861 3134 ricordiam
2933 3076 3131 3134 tuam.
3262 3069 3458 3154 Resp.
3543 3070 3637 3137 Et
3711 3071 4000 3138 salutare
4067 3082 4260 3137 tuum
4333 3081 4458 3139 etc.

2519 3154 2806 3221 Domine
2849 3155 3108 3220 salvum
3155 3155 3255 3221 fae
3300 3156 3571 3241 Regem.
3673 3156 3871 3242 Resp.
3923 3158 4014 3222 Et
4057 3157 4293 3224 exaudi
4338 3180 4461 3225 nos

2518 3239 2589 3305 in
2665 3240 2773 3306 die
2848 3250 2967 3305 etc.
3111 3239 3497 3308 Sacerdotes
3582 3244 3681 3307 tui
3754 3241 4113 3309 induantur
4188 3245 4455 3310 iustitia.

2518 3327 2719 3409 Resp.
2775 3325 2868 3392 Et
2910 3327 3121 3392 sancti
3158 3328 3255 3391 tui
3291 3327 3643 3394 exsultent.
3701 3327 3977 3395 Salvum
4010 3330 4109 3395 fae
4144 3331 4459 3414 populum

2517 3423 2707 3477 tuum
2749 3410 3053 3477 Domine.
3142 3411 3337 3495 Resp.
3382 3414 3475 3478 Et
3518 3413 3788 3481 benedic
3841 3415 4229 3482 haereditati
4280 3429 4454 3482 tuac.

2516 3497 2625 3563 Da
2667 3498 2852 3563 nobis
2895 3517 3140 3582 pacem,
3185 3496 3488 3576 Domine,
3529 3501 3600 3565 in
3635 3500 3864 3567 diebus
3906 3502 4165 3569 nostris.
4253 3502 4455 3586 Resp.

2516 3580 2689 3664 Quia
2733 3604 2865 3649 non
2909 3592 3009 3650 est
3051 3582 3217 3649 alius
3268 3583 3381 3667 qui
3421 3591 3673 3670 pugnet
3725 3593 3847 3654 etc.
3948 3585 4081 3654 Cor
4133 3588 4461 3654 mnndum

2518 3688 2667 3734 crea
2709 3668 2777 3733 in
2838 3668 3044 3748 nobis,
3099 3668 3300 3735 Deus.
3398 3670 3595 3755 Resp.
3654 3671 3747 3737 Et
3796 3673 4097 3756 spiritum
4155 3685 4459 3742 sanctum

2519 3763 2708 3820 tuum
2787 3768 2905 3821 etc.
3042 3752 3198 3842 [His
3268 3755 3534 3839 ineptiis
3608 3768 3884 3824 utuntur
3950 3761 4241 3843 papistae
4308 3770 4459 3843 post

2518 3838 3065 3929 completorium}
3183 3841 3636 3908 Conclusionis
3708 3845 3844 3910 vice
3913 3845 4241 3911 habentur
4318 3861 4457 3912 tres

2515 3927 2852 4004 collectae,
2897 3928 3112 4010 prima
3154 3925 3313 4008 diei,
3358 3927 3645 3994 secunda
3682 3950 3796 4012 pro
3837 3951 4026 4014 pace,
4073 3933 4113 3996 i.
4159 3954 4212 3998 e.
4266 3932 4455 3998 Deus

2516 4027 2708 4079 autor
2761 4011 2957 4096 pacis,
3010 4012 3209 4079 tertia
3264 4034 3380 4097 pro
3433 4015 3649 4099 gratia
3704 4014 4131 4100 impetranda.
4233 4019 4455 4103 Atque

2513 4098 2624 4165 hic
2665 4107 2851 4163 caute
2894 4096 3200 4164 admonet
3252 4098 3424 4165 hanc
3480 4099 3907 4167 collectarum*
3950 4102 4271 4170 rationem
4335 4125 4457 4189 per

2517 4194 2726 4249 totum
2772 4203 3018 4248 annum
3063 4184 3396 4251 observari
3438 4196 3754 4269 oportere.

2684 4268 2830 4333 Imo
2873 4289 3047 4348 vero,
3090 4291 3286 4353 quam
3307 4272 3388 4336 ob
3422 4291 3562 4336 rem
3605 4274 3975 4355 potiusnon
4010 4274 4235 4341 deceat
4275 4274 4455 4343 hune

2516 4355 2717 4419 ritum
2774 4373 3164 4421 conmunem
3223 4356 3408 4422 nobis
3471 4377 3614 4423 esse
3681 4379 3829 4424 eum
3892 4361 4199 4459 papistis,
4254 4370 4452 4446 atque

2515 4441 2754 4506 idcireo
2796 4440 3114 4525 ineptum,
3159 4442 3704 4525 superstitiosum,
3747 4445 4068 4528 impium?
4122 4446 4455 4514 Haeccine

2516 4535 2618 4592 est
2698 4524 3122 4592 reformatio?
3258 4527 3537 4594 Hiceine
3634 4543 3834 4614 typus
3930 4532 4455 4600 absolutissimus

2513 4632 2708 4694 quam
2753 4620 3046 4678 caeterae
3103 4634 3327 4680 omnes
3376 4614 3684 4681 ecclesiae
3734 4625 4074 4701 tantopere
4116 4629 4453 4703 expetunt,
4506 4667 4513 4674 -

2512 4709 2590 4762 ut
2632 4699 2840 4764 nostri
2883 4698 3152 4782 perinde
3188 4698 3484 4765 iactitare
3527 4701 3782 4767 solent?
3883 4702 3944 4768 Ο
3995 4724 4251 4770 sacrum
4293 4726 4456 4774 sane

2512 4805 2587 4850 ac
2631 4783 3070 4868 perdisertum
3116 4804 3297 4868 opus,
3344 4784 3616 4872 dignum
3662 4786 3915 4854 medius
3958 4789 4150 4857 fidius
4192 4790 4365 4874 quod
4415 4814 4457 4857 a

2508 4869 2895 4937 decemviris
2935 4873 3386 4937 conservetur!

2681 4956 2948 5036 [Preces
3027 4959 3450 5041 vespertinae.
3583 4958 3861 5026 Diaconi
3952 4971 4019 5026 et
4089 4962 4456 5045 presbyteri

2512 5053 2824 5108 tenentur
2867 5042 3157 5127 quotidie
3212 5044 3622 5130 vespertinas
3681 5054 3751 5111 et
3815 5048 4173 5114 matutinas
4228 5067 4460 5133 preoes

2718 5247 2779 5310 2)
2816 5248 2973 5303 Haec
3013 5252 3075 5304 οόι
3122 5252 3368 5321 maraine
3410 5253 3550 5306 sieut
3592 5256 3643 5305 et
3686 5251 3800 5308 alfa
3832 5269 3973 5323 quae
4013 5253 4170 5320 &utra
4201 5253 4463 5311 maaet·

2508 5316 2671 5373 meis
2699 5317 3048 5373 includimus.
