4850 6200
503 455 627 520 375

499 641 640 708 aiis.
708 640 883 706 Nam
925 636 1145 706 Orbas
1201 636 1550 706 sacrificuli
1592 636 1811 705 omnia
1868 636 2189 714 inficiunt,
2246 654 2453 719 quan-

489 738 651 794 tum
711 736 1002 810 possunt.
1105 723 1536 792 Mulierculae
1597 722 1877 808 peccatis
1940 731 2232 799 onustae,
2296 720 2455 787 licet

499 812 780 891 clausae,
837 821 1058 877 tamen
1118 830 1237 876 suo
1292 810 1585 893 ipsarum
1639 808 1886 875 foetore
1940 806 2109 873 nihil
2153 829 2282 873 non
2325 807 2450 871 im-

497 898 706 984 plent.
795 895 1103 963 Monachi
1150 895 1586 962 Grandissoni
1631 916 1763 960 non
1801 894 2021 959 minus
2066 893 2453 959 incumbunt

489 984 712 1051 malis.
780 981 915 1049 Sed
947 1002 1172 1048 omnes
1212 982 1487 1064 improbi
1531 981 1719 1047 luent
1750 1001 1868 1064 pro
1902 979 2151 1045 meritis
2187 998 2448 1063 poenas.

499 1070 641 1136 Nos
699 1068 999 1135 liberabit
1043 1067 1348 1134 Christus
1391 1068 1500 1150 qui
1559 1075 1626 1131 te
1679 1076 1900 1133 servet
1944 1074 2009 1130 et
2048 1072 2228 1131 tuos:
2289 1084 2451 1147 quos

502 1155 718 1221 salvos
762 1175 902 1221 esse
942 1154 1153 1229 iubeo,
1198 1152 1510 1237 collegam
1551 1173 1803 1236 quoque
1827 1151 2066 1217 Beuum
2108 1170 2258 1216 cum
2297 1149 2449 1216 reli-

501 1242 664 1325 quis.
751 1240 939 1306 Vale.
1030 1239 1340 1305 Neocomi
1386 1242 1442 1302 9.
1490 1236 1782 1303 Ianuarii
1835 1241 2015 1301 1555.

673 1326 1094 1408 Complutum
1139 1325 1264 1389 fuit
1297 1324 1774 1409 hypocaustum
1809 1335 1879 1388 et
1921 1344 2070 1388 cum
2108 1320 2291 1387 libris
2325 1320 2449 1387 hoc

497 1412 894 1496 epistolium,
938 1409 1111 1494 quod
1152 1410 1309 1476 boni
1352 1408 1666 1476 consules.
1694 1413 1753 1487 v)

1726 1547 1911 1611 'l'uus
1951 1543 2274 1611 Farellus.

1272 1839 1680 1852 m

1375 2057 1580 2127 2⁰8⁰.

595 2192 1056 2261 CALVINUS
1101 2192 1584 2260 MINISTRIS
1642 2191 2341 2260 TURICENSIBUS.

676 2366 904 2432 Tradit
937 2364 1022 2430 iis
1064 2363 1501 2446 Defensionem
1541 2385 1725 2430 suam
1766 2364 2078 2430 doctrinae
2120 2364 2197 2428 de
2233 2383 2445 2430 sacro·

496 2452 720 2518 mentis
772 2456 828 2517 et
881 2452 1133 2533 exponit
1176 2472 1302 2533 qua
1354 2453 1431 2516 de
1487 2470 1682 2517 causa
1734 2471 1857 2516 non
1916 2455 2059 2516 ante
2116 2449 2444 2516 editionem

496 2536 689 2604 libelli
729 2557 938 2604 eorum
982 2538 1289 2604 iudicium
1331 2536 1455 2603 sibi
1498 2536 1835 2617 expetierit.

494 2708 692 2831 &Exclu
731 2708 815 2761 lar
848 2707 1217 2790 authenticum
1252 2715 1565 2762 asservatur
1609 2707 1664 2761 in
1718 2707 1884 2762 Arch.
1921 2707 2098 2761 Turio.
2147 2708 2293 2764 Plut.
2340 2708 2439 2762 VI.

552 2777 620 2831 ol.
658 2777 686 2829 1
762 2819 776 2845 ,
811 2777 938 2830 olim
994 2777 1164 2831 Sci-in.
1223 2778 1283 2831 B.
1339 2778 1476 2847 Epp.
1531 2776 1680 2831 Tom.
1722 2776 1766 2843 1,
1819 2776 1910 2830 fol.
1946 2774 2063 2830 629.
2121 2806 2183 2817 -
2241 2776 2442 2830 Exstat

494 2850 780 2927 praeterea
815 2862 975 2926 manu
1029 2846 1313 2927 Iouvillaei
1365 2846 1571 2928 scripta
1607 2846 1662 2898 in
1706 2844 1838 2928 fed.
1875 2844 2010 2899 Gen.
2066 2843 2204 2897 107⁸·
2239 2844 2340 2927 ἰοὶ..
2368 2844 2441 2900 90

492 2916 706 3038 mmm
617 2931 682 3064 Ψ,
709 2914 2089 3064 ῗᾞὲαὲίἳὲἶὶξέᾜῃὲἴῗαᾞᾬίιὲἒέὥω
2100 2913 2441 3062 ρᾞωᾝοῶῗ

495 3052 632 3107 Tum
666 3069 722 3106 in
776 3050 906 3106 Ood.
959 3051 1230 3106 Turreum
1278 3050 1408 3118 108,
1462 3051 1550 3107 sol.
1598 3050 1682 3116 32,
1731 3069 1787 3106 m
1832 3051 1964 3108 Cod.
2016 3050 2184 3106 Paris.
2233 3051 2435 3124 Dupuy

499 3121 615 3191 102,
647 3119 738 3175 fol.
775 3119 856 3186 19,
905 3120 1116 3175 Bernae
1162 3121 1220 3174 in
1269 3120 1395 3176 Cod.
1441 3121 1596 3244 Ep&
1625 3119 1722 3243 νὸῐίὁ
1741 3137 1814 3254 )ρ.
1859 3118 1976 3187 365,
2027 3119 2257 3189 denique
2294 3121 2439 3191 apud

1174 3189 1460 3243 simlerum

495 3358 954 3426 ornatissimis
1007 3360 1168 3426 viris
1224 3368 1293 3426 et
1342 3358 1640 3427 fidelibus
1699 3360 1909 3427 servis
1969 3361 2124 3427 Iesu
2184 3363 2437 3430 Christi

493 3445 802 3513 ecclesiae
843 3445 1203 3531 'l'igurinae
1223 3445 1589 3530 pastoribus
1632 3456 1699 3513 et
1734 3445 2104 3515 doctoribus
2125 3449 2438 3516 fratribus

939 3532 1103 3597 mihi
1136 3533 1434 3618 apprime
1468 3531 1915 3599 observandis.
1943 3538 1989 3617 ¹)

663 3699 733 3769 S.
795 3700 1019 3784 Quum
1057 3705 1219 3772 satis
1240 3705 1415 3771 clare
1437 3712 1503 3770 et
1523 3705 1811 3789 ingenue
1847 3705 2193 3772 consilium
2215 3725 2438 3772 meum

490 3788 563 3852 in
604 3788 875 3871 epistola
926 3792 1341 3872 exposuerim
1382 3811 1574 3873 quam
1635 3792 1811 3876 typis
1868 3810 2172 3858 excusam
2226 3793 2437 3871 mitto,

488 3873 787 3958 pluribus
841 3895 957 3939 vos
1013 3876 1258 3941 morari
1315 3875 1482 3941 nihil
1547 3877 1812 3955 attinet,
1870 3877 2098 3961 optimi
2156 3886 2224 3942 et
2284 3898 2438 3943 vere

493 3957 749 4026 colendi
808 3960 1063 4039 fratres,
1120 3962 1246 4027 nisi
1303 3962 1470 4026 forte
1519 3975 1596 4027 ut
1652 3959 1776 4028 hoc
1832 3963 2049 4046 ipsum
2107 3984 2435 4044 excusem,

491 4064 660 4128 quae
719 4044 900 4111 vobis
949 4046 1253 4129 privatim
1311 4048 1594 4114 scribere
1651 4046 1849 4114 debui
1902 4055 2057 4115 ante
2106 4049 2309 4116 fuisse
2362 4051 2437 4115 in

491 4129 830 4215 publicum
898 4131 1073 4197 edita
1136 4154 1331 4216 quam
1403 4155 1517 4199 vos
1581 4134 1846 4201 fecerim
1927 4136 2232 4201 conscios.
2344 4136 2438 4200 Et

491 4237 649 4283 sane
714 4215 891 4283 istud
957 4217 1166 4284 facere
1232 4219 1417 4285 initio
1484 4218 1931 4298 decreveram,
1997 4221 2166 4286 sicut
2225 4221 2437 4305 magis

491 4311 999 4369 consentaneum
1089 4316 1247 4371 erat.
1396 4303 1642 4372 Verum
1739 4306 1915 4371 iusta
2013 4306 2264 4372 ratione
2351 4305 2437 4372 ad

489 4388 881 4455 mutandum
924 4390 1266 4456 consilium
1325 4391 1489 4456 mihi
1549 4390 1770 4456 videor
1822 4389 2159 4457 adductus.
2261 4392 2437 4458 Nam

488 4483 563 4540 ut
604 4475 805 4561 longa
849 4473 931 4540 de
976 4475 1080 4542 his
1116 4478 1309 4543 rebus
1353 4477 1751 4543 concertatio
1794 4475 2108 4561 quosdam
2162 4477 2431 4545 timidos

489 4683 724 4736 tationes
755 4681 991 4737 mitiis
1025 4680 1376 4736 Bademibus
1411 4681 1643 4749 habim,
1690 4681 2050 4737 creditoribus
2083 4687 2297 4739 tertiani
2336 4685 2436 4740 Go-

488 4752 712 4804 nitams
745 4751 837 4804 eui
909 4756 1077 4804 artem
1101 4749 1306 4804 dudum
1329 4752 1739 4819 oppigneratam
1766 4750 2138 4807 Rern-enatus
2168 4754 2434 4824 reliquom

491 4766 955 4887 Fnaurqemffw
1006 4822 1181 4873 cessit.
1276 4819 1356 4872 Hi
1407 4819 1506 4874 hoc
1544 4823 1668 4889 ipso
1691 4826 1947 4902 ¹teu-pore
1992 4821 2142 4877 illam
2186 4825 2329 4877 inter
2376 4838 2435 4878 se

486 4888 869 4954 mmmm
901 4895 951 4941 et
986 4885 1306 4952 Beruenses,
1349 4895 1413 4942 ut
1447 4904 1534 4942 res
1607 4890 1807 4944 acilius
1841 4897 2262 4959 conponeret-w,
2302 4889 2434 4946 Fri·

491 4956 845 5024 burqemibus
877 4959 940 5010 in
973 4960 1185 5025 περσεία
1226 4955 1450 5012 Orba-no
1485 4964 1535 5011 et
1639 4958 2037 5015 admonitum
2064 4960 2344 5028 faciliores
2377 4975 2436 5014 se

482 5025 832 5146 graebebone,
874 5027 1054 5106 itant
1087 5025 1341 5080 monachi
1371 5040 1440 5080 ιε
1471 5026 1583 5082 two
1626 5028 1759 5084 loeis
1790 5044 1903 5085 non
1935 5035 2049 5084 tani
2081 5029 2233 5086 brevi
2262 5044 2436 5083 mom

697 5160 754 5228 7)
791 5162 1042 5231 Autooro
1081 5163 1188 5217 lion
1223 5164 1466 5218 mmm
1501 5181 1677 5236 oquae
1704 5166 1968 5248 pluvialia
2001 5166 2249 5221 ostendit.

489 5228 682 5283 2000.
705 5232 756 5310 l)
793 5247 988 5286 monus
1071 5233 1259 5287 alvini.
1315 5232 1388 5287 In
1421 5234 1757 5304 opoqrophis
1789 5235 2019 5305 legitur.-
2050 5234 2120 5288 ad
2154 5235 2433 5290 ministros

479 5299 617 5352 eccl.
664 5299 950 5367 Tigurinac
996 5313 1054 5354 et
1098 5311 1431 5358 caeterarum
1478 5305 1821 5359 ecclesiarum
1869 5303 2301 5371 Helveticarum,
2351 5303 2438 5360 vel

417 5367 838 5437 ‘simplicitas
886 5369 1150 5425 Ministris
1183 5370 1464 5427 Helvetiis.

2007 444 2533 516 EPISTOLAE
2578 450 3000 514 2079—2082

4371 452 4495 514 376

2555 634 2856 713 reddidit,
2917 636 3190 702 verebar
3243 657 3326 703 ne
3385 636 3803 705 deliberando
3848 637 4130 704 multum
4185 637 4499 722 temporis

2555 721 2741 788 nobis
2806 721 3122 788 efflueret.
3228 722 3531 788 Primum
3609 723 3734 792 hoc
3809 724 4088 810 singulis
4141 724 4372 790 venire
4426 723 4497 788 in

2550 818 2840 873 mentem
2883 815 3175 891 poterat:
3234 807 3376 873 Cur
3409 829 3532 873 nos
3574 808 3679 877 hic
3736 810 4058 889 hortatur,
4124 830 4320 893 quam
4380 830 4499 877 nos

2552 892 2770 976 potius
2811 892 3069 978 ipsum?
3173 892 3463 974 Deinde,
3517 894 3631 960 ubi
3674 896 4007 981 proposita
4059 903 4233 961 esset
4274 894 4496 961 desen·

2552 979 2757 1045 sionis
2800 980 2984 1059 ratio,
3031 980 3213 1045 varie
3255 977 3584 1062 disputare
3626 991 3998 1065 promptum
4038 989 4197 1058 erat,
4254 991 4497 1065 quanto

2555 1064 2659 1130 vel
2703 1066 2920 1150 aptior
2960 1065 3068 1132 vel
3104 1065 3375 1148 plenior,
3436 1066 3542 1133 vel
3585 1068 3795 1153 magis
3840 1068 4041 1153 polita
4094 1067 4204 1131 vel
4261 1076 4498 1152 arguta

2555 1151 2715 1236 fingi
2758 1160 2995 1236 posset.
3082 1151 3347 1218 Interea
3390 1151 3697 1218 videbam
3749 1173 3944 1238 quam
4002 1152 4261 1219 difficile
4323 1160 4499 1221 esset

2550 1247 2698 1320 post
2739 1245 3105 1305 extractum
3148 1245 3405 1320 tempus
3449 1238 3677 1304 falsam
3720 1240 4078 1317 infamiam,
4122 1258 4254 1322 qua
4293 1237 4496 1305 ecole-

2552 1324 2683 1389 sias
2719 1331 2975 1390 nostras
3018 1343 3293 1408 gravare
3350 1344 3485 1390 non
3541 1323 3849 1392 desinunt
3900 1326 4199 1391 homines
4252 1325 4497 1408 impor-

2552 1411 2729 1487 tuni,
2791 1409 3182 1494 abstergere.
3291 1406 3484 1491 Quod
3529 1411 3582 1476 si
3641 1410 3721 1476 de
3764 1411 4058 1478 cavenda
4110 1410 4496 1477 temeritatis

2552 1494 2662 1561 vel
2696 1496 2937 1561 nimiae
2970 1493 3401 1562 confidentiae
3446 1510 3598 1562 nota
3631 1497 3898 1564 fuissem
3936 1496 4129 1564 valde
4161 1496 4496 1575 sollicitus,

2551 1579 2634 1645 ad
2710 1601 2975 1648 causam
3053 1580 3529 1663 suscipiendam
3618 1582 3838 1649 nullus
3915 1583 4131 1650 aditus
4216 1582 4496 1667 patebat.

2553 1664 2783 1750 Itaque
2838 1688 2946 1733 mo
2991 1667 3068 1732 ad
3130 1667 3440 1752 exiguum
3514 1680 3772 1751 tempus
3826 1668 4112 1736 invidiae
4166 1687 4498 1752 exponere

2550 1751 2758 1819 malui
2801 1773 2998 1836 quam
3042 1754 3449 1820 committere
3492 1767 3567 1819 ut
3610 1753 3853 1821 diutius
3897 1754 4081 1822 nobis
4133 1754 4500 1821 tacentibus

2551 1839 2679 1904 Dei
2725 1839 2965 1905 veritas
3009 1850 3078 1905 et
3098 1859 3263 1922 quae
3306 1840 3372 1904 in
3417 1841 3560 1923 ipsa
3582 1840 3853 1906 fundata
3887 1846 4059 1907 esset
4079 1838 4498 1907 ecclesiarum

2551 1931 2922 1991 nostrarum
2967 1923 3129 1990 fides
3174 1944 3306 1989 non
3353 1924 3562 1990 solum
3608 1927 3937 1993 atrocibus
3958 1925 4210 2011 probris
4254 1925 4495 1991 lacera-

2552 2017 2755 2089 retur,
2800 2010 2915 2077 sed
2959 2010 3292 2077 communi
3329 2011 3624 2076 omnium
3660 2012 3942 2079 ludibrio
3978 2012 4269 2079 subiecta
4309 2013 4494 2077 foret.

2552 2095 2942 2180 Quanquam
3012 2112 3233 2162 vestra
3297 2097 3627 2179 aequitate
3708 2098 3994 2165 confisus
4072 2098 4324 2164 nullam
4388 2096 4493 2162 hio

2549 2183 2882 2248 sinistram
2907 2181 3275 2266 opinionem
3299 2194 3538 2262 metue,
3574 2183 3832 2267 quando
3854 2186 4182 2251 neminem
4205 2194 4495 2250 vestrum

2549 2288 2692 2334 esse
2736 2267 3018 2333 arbitror
3042 2268 3152 2351 qui
3196 2286 3316 2351 pro
3362 2288 3484 2334 sua
3516 2270 3863 2355 prudentia
3906 2292 4035 2336 non
4057 2269 4278 2336 videat
4298 2288 4497 2354 quam

2551 2352 2728 2419 utilis
2772 2363 2840 2419 et
2882 2364 3286 2438 opportunus
3329 2355 3418 2418 sit
3461 2354 3569 2422 hic
3604 2376 3790 2422 meus
3834 2355 4034 2423 labor.
4113 2353 4494 2439 Optandum

2548 2437 2808 2523 quidem
2856 2448 2997 2504 erat
3041 2438 3123 2505 ab
3168 2438 3298 2504 alio
3342 2441 3581 2524 suscipi
3627 2443 3730 2507 cui
3777 2454 3841 2508 et
3902 2441 4178 2508 eruditio
4223 2450 4287 2506 et
4333 2440 4494 2505 dex-

2547 2525 2778 2592 teritas
2852 2525 3062 2591 maior
3138 2535 3548 2608 suppeteret:
3624 2528 3776 2611 quia
3852 2537 4073 2594 tamen
4139 2526 4495 2610 praestabit

2546 2609 2855 2695 mediocri
2900 2632 3100 2696 opera
3146 2610 3430 2676 levatam
3490 2633 3631 2679 esse
3690 2612 3931 2679 bonam
3983 2633 4243 2681 causam
4297 2632 4494 2696 quam

2544 2718 2917 2782 oppressam
2989 2699 3226 2776 iacere,
3299 2696 3486 2764 vobis
3545 2719 3672 2765 non
3731 2701 4060 2786 ingratum
4108 2700 4229 2764 hoc
4270 2717 4494 2762 meum

2544 2783 2830 2850 officium
2876 2783 3011 2848 fore
3056 2803 3262 2866 spero.
3323 2783 3559 2849 Restat
3602 2794 3680 2850 ut
3724 2807 3854 2851 non
3900 2786 4108 2852 solum
4154 2792 4330 2853 recte
4374 2803 4493 2848 nos

2543 2869 2789 2936 sentire
2854 2866 3140 2935 mundus
3217 2870 3573 2955 intelligat,
3655 2872 3768 2937 sed
3846 2872 4088 2937 infirmi
4168 2891 4492 2937 consensu

2544 2963 2768 3022 nostro
2834 2956 3106 3021 animati
3166 2953 3431 3020 liberius
3488 2957 3677 3023 nobis
3736 2958 4062 3035 accedant,
4122 2956 4493 3041 pervicaces

2543 3049 2763 3108 autem
2785 3041 2976 3107 fracti
3018 3041 3376 3125 quiescant.
3438 3040 3834 3128 Quanquam
3872 3052 4087 3110 autem
4113 3043 4491 3120 doctrinam,

2543 3150 2709 3212 quae
2776 3127 2957 3194 vobis
3024 3125 3327 3193 omnibus
3405 3128 3571 3194 citra
3649 3133 4157 3197 controversiam
4222 3129 4493 3213 probata

2542 3223 2731 3293 esset,
2775 3213 3054 3280 fideliter
3097 3211 3438 3297 complecti
3473 3215 3712 3295 studui,
3770 3238 3897 3282 non
3960 3226 4177 3282 tamen
4233 3214 4489 3299 postulo

2541 3312 2617 3365 ut
2659 3299 2824 3365 mihi
2866 3300 3210 3383 quisquam
3254 3299 3637 3366 subscribat.
3718 3302 3995 3369 Vestrae
4041 3303 4159 3368 hoc
4203 3299 4488 3386 pruden-

2544 3387 2672 3452 tiae
2738 3384 3051 3469 relinquo,
3143 3383 3493 3450 Caeterum
3557 3389 3825 3454 omnino
3879 3388 4212 3473 publicum
4279 3385 4490 3451 nostri
4586 3427 4595 3432 -

2542 3490 2897 3538 consensus
2942 3467 3387 3538 testimonium
3434 3482 3533 3536 tot
3575 3495 3738 3557 quae
3768 3474 4041 3541 subinde
4084 3479 4490 3538 renovantur

2543 3555 2893 3623 calumniis
2964 3556 3202 3642 opponi
3267 3577 3532 3624 necesse
3588 3567 3705 3625 est.
3805 3559 3999 3642 Quod
4054 3579 4287 3626 verum
4346 3577 4489 3624 esse

2541 3643 2933 3728 cognoscitis
2997 3642 3064 3708 id
3130 3641 3380 3708 nullius
3444 3642 3777 3711 admonitu
3844 3644 4029 3712 vobis
4088 3666 4280 3712 curae
4346 3661 4490 3710 esse

2543 3748 2664 3813 par
2705 3736 2822 3795 est.
2885 3728 3108 3811 Quare
3151 3737 3443 3813 praestat
3486 3743 3560 3794 ut
3603 3730 3686 3797 ad
3730 3730 3797 3797 id
3822 3741 4075 3799 mature
4111 3740 4178 3797 ot
4218 3738 4488 3796 strenue

2541 3813 2903 3881 curandum
2950 3816 3073 3882 sibi
3108 3814 3379 3899 quisque
3416 3815 3709 3882 hortator
3751 3818 3836 3883 sit
3879 3827 3945 3885 et
3965 3817 4157 3885 simul
4199 3814 4282 3882 ad
4325 3834 4490 3900 opus

2542 3923 2612 3967 se
2677 3903 2993 3986 accingat.
3111 3900 3383 3980 Valete,
3452 3903 3674 3967 eximii
3759 3904 3880 3968 viri
3956 3914 4023 3970 et
4095 3899 4489 3970 observandi

2544 3989 2798 4053 fratres.
2933 3986 3240 4072 Collegae
3327 3989 3456 4052 mei
3543 3989 3725 4055 vobis
3779 3989 4130 4074 plurimam
4202 3989 4486 4054 salutem

2546 4072 2793 4139 dicunt.
2896 4073 3224 4140 Dominus
3265 4094 3383 4138 vos
3425 4073 3751 4158 gubernet
3807 4083 3874 4141 et
3938 4076 4174 4160 spiritu
4227 4095 4347 4142 suo
4413 4090 4491 4137 ac

2542 4159 2793 4225 virtute
2840 4167 3120 4225 tueatur.
3211 4156 3522 4226 Genevae
3566 4166 3626 4226 4.
3664 4159 3822 4228 Idus
3864 4160 4160 4228 Ianuarii
4214 4164 4393 4226 1555.

3402 4296 3677 4363 Ioannes
3722 4299 4037 4365 Calvinus
4083 4309 4313 4366 vester.

3326 4617 3729 4628 Μ

3416 4862 3608 4933 2081.

3142 5016 3384 5083 BEZA
3428 5017 3868 5087 CALVINO.

2719 5189 2991 5255 Praeter
3055 5188 3190 5253 olio
3264 5187 3475 5255 scribit
3548 5192 3625 5257 de
3693 5190 3943 5258 Caluini
4017 5192 4174 5259 libro
4227 5199 4491 5260 senatus

2530 5292 2860 5427 cm·
2925 5272 3192 5340 subiecto
3288 5273 3478 5357 deque
3574 5275 3854 5344 Beraldo
3954 5276 4489 5365 Mombelqordiae
