4850 6200
487 395 612 458 335

481 580 774 648 cundum
848 587 1138 649 vetustos
1208 600 1487 647 canones
1549 579 1844 665 quisquis
1921 577 2003 645 ab
2079 578 2425 647 haereticis

481 666 588 734 vel
674 666 1108 736 schismaticis
1194 664 1669 733 ordinationem
1756 665 1927 751 petit
1945 716 1961 742 ,
2048 663 2277 733 eodem
2355 687 2427 732 se

479 753 759 820 crimine
811 752 1118 838 implicet,
1175 772 1311 818 non
1365 752 1630 837 ignorat
1675 751 1760 817 V.
1825 752 2136 818 Maiestas
2200 751 2426 836 quales

480 840 612 905 iam
657 839 879 905 multis
918 838 1195 906 saeculis
1241 839 1482 903 fuerint
1523 837 1781 905 cornuti
1823 846 2146 903 unctores.
2235 837 2428 903 Nunc

479 924 772 1010 quisquis
815 925 885 990 in
929 925 1192 991 illorum
1235 923 1534 990 ordinem
1577 943 1649 989 se
1692 922 1980 1006 cooptari
2023 923 2292 1007 appetit,
2338 944 2425 988 an

478 1033 614 1077 non
659 1010 917 1095 oblique
961 1011 1031 1076 in
1075 1009 1469 1076 horrendam
1513 1008 1696 1074 illam
1742 1009 2230 1093 dissipationem
2278 1028 2428 1075 con-

477 1097 707 1177 sentit,
764 1097 951 1163 cuius
1004 1096 1104 1161 illi
1154 1117 1373 1161 eoram
1419 1094 1563 1161 Deo
1623 1104 1691 1160 et
1748 1095 2000 1180 angelis
2055 1094 2154 1160 rei
2218 1094 2422 1159 sunt?

477 1182 784 1249 Nondum
830 1190 1052 1249 tamen
1097 1180 1310 1248 soluta
1353 1192 1453 1246 est
1489 1181 1810 1264 quaestio:
1855 1180 2010 1266 quia
2046 1180 2104 1246 si
2147 1181 2426 1266 promis-

476 1289 598 1334 cue
635 1269 732 1334 fas
767 1288 900 1334 non
946 1276 1061 1347 est,
1107 1268 1371 1353 quosvis
1414 1266 1497 1332 ad
1539 1278 1872 1350 pastorum
1919 1287 2157 1334 munus
2202 1285 2426 1333 ascen·

476 1355 650 1432 dere,
719 1355 843 1420 rite
886 1354 1107 1419 vocari
1151 1359 1220 1418 et
1252 1353 1513 1419 institui
1553 1372 1819 1418 necesse
1862 1360 1963 1417 est
2005 1352 2116 1434 qui
2160 1374 2231 1419 se
2273 1373 2426 1436 pro·

476 1440 635 1506 bare
679 1439 902 1507 volent
942 1438 1270 1524 legitimos
1312 1450 1379 1504 et
1413 1437 1658 1504 honore
1694 1438 1947 1522 dignos.
2002 1438 2152 1517 Hie,
2199 1439 2426 1519 fateor,

471 1525 835 1612 optandum
891 1536 1079 1602 esset,
1137 1536 1214 1590 ut
1277 1523 1526 1590 valeret
1579 1524 1890 1590 continua
1944 1525 2292 1601 successim
2349 1533 2427 1589 ut

473 1612 725 1679 functio
769 1612 912 1696 ipsa
947 1610 1134 1695 quasi
1179 1632 1298 1695 per
1338 1629 1572 1675 manus
1626 1609 2016 1676 traderetur.
2110 1607 2247 1676 Sed
2288 1630 2426 1675 me·

473 1698 688 1764 moria
731 1696 1086 1763 tenendum
1129 1705 1247 1773 est,
1293 1695 1464 1780 quod
1501 1696 1683 1779 prins
1726 1695 1934 1779 attigi,
1976 1717 2177 1780 quum
2221 1695 2425 1763 eccle-

475 1784 612 1849 siae
657 1784 876 1849 anima
909 1783 997 1848 sit
1036 1780 1367 1849 doctrinae
1409 1781 1681 1865 puritas,
1725 1782 1973 1847 frustra
2014 1802 2179 1865 quae
2222 1781 2429 1848 eccle-

475 1870 614 1935 siae
681 1869 902 1953 ropria
943 1876 1115 1946 sunt,
1157 1878 1225 1933 et
1260 1867 1341 1933 ab
1377 1867 1635 1952 integro
1671 1867 1811 1933 eius
1832 1875 2012 1932 statu
2034 1865 2425 1951 dependent,

476 1975 606 2039 apu
698 1976 806 2021 eos
850 1953 1146 2020 homines
1168 1952 1413 2037 requiri
1458 1974 1618 2036 quos
1640 1960 1897 2019 constat
1936 1974 2079 2018 esse
2097 1953 2425 2037 professos

478 2039 800 2125 evangelii
847 2041 1081 2106 hostes.
1182 2038 1358 2119 Quia
1400 2048 1622 2104 autem
1667 2058 1873 2122 papae
1919 2038 2268 2123 tyrannide
2312 2040 2426 2106 ab·

479 2136 676 2210 rupta
741 2128 862 2191 fuit
921 2146 1072 2191 vera
1131 2123 1564 2190 ordinationis
1617 2125 1848 2203 series,
1898 2146 2068 2190 novo
2137 2123 2427 2191 subsidio

479 2234 658 2277 nunc
702 2232 864 2296 opus
908 2218 1007 2277 est
1049 2210 1133 2276 ad
1176 2209 1483 2276 ecelesiae
1526 2210 2087 2276 instaurationem.
2146 2210 2429 2277 Frustra

526 2296 745 2363 uidem
808 2296 1192 2381 superbiunt
1249 2295 1542 2397 papistae
1599 2296 1864 2362 vinculo
1917 2295 2062 2375 illo,
2118 2294 2292 2378 quod
2345 2295 2427 2363 ab

479 2383 613 2449 ilis
673 2391 938 2467 ruptum
975 2403 1116 2448 esse
1143 2381 1304 2451 din.
1360 2380 1540 2463 Quid
1563 2382 1741 2447 enim
1786 2381 1962 2447 aliud
1986 2390 2087 2449 est
2128 2389 2427 2466 papatus,

480 2490 676 2552 quam
736 2492 775 2535 a
847 2467 1114 2536 Christo
1171 2466 1482 2533 defectio?
1599 2465 1751 2549 Qua
1807 2477 2028 2533 autem
2085 2468 2298 2534 fronte
2357 2488 2428 2534 se

481 2564 815 2639 apostatae
863 2554 1197 2621 iactabunt
1249 2552 1694 2620 successores?
1808 2551 2200 2619 Remedium
2268 2575 2429 2620 vero

480 2641 672 2708 affert
725 2641 908 2707 Deus
963 2641 1101 2724 ipse
1127 2690 1143 2716 ,
1210 2638 1367 2705 dum
1414 2639 1681 2705 idoneos
1739 2647 1808 2704 et
1856 2637 2088 2723 probos
2135 2638 2429 2707 doctores

477 2728 739 2803 excitat,
778 2727 890 2809 qui
935 2724 1278 2793 ecelesiam
1320 2725 1389 2790 in
1434 2724 1834 2791 deformibus
1876 2734 2154 2809 papatus
2219 2726 2429 2792 ruinis

476 2813 798 2879 iacentem
843 2809 1204 2877 aedificent.
1263 2812 1479 2894 Atque
1521 2811 1790 2876 omnino
1835 2809 2428 2877 extraordinarium

475 2899 605 2965 fuit
649 2898 770 2965 hoc
813 2917 1078 2971 munus,
1122 2895 1292 2979 quod
1329 2895 1657 2962 Dominus
1692 2896 1879 2962 nobis
1912 2897 2225 2975 iniunxit,
2270 2896 2427 2962 dum

474 3005 673 3068 opera
717 2992 939 3050 nostra
981 2980 1063 3047 ad
1098 2979 1495 3067 colligendas
1537 2981 1843 3048 ecclesias
1884 3001 2044 3048 usus
2088 2992 2205 3047 est.
2295 2981 2431 3065 Qui

473 3092 635 3157 ergo
679 3070 773 3136 ita
817 3080 1076 3154 praeter
1131 3088 1314 3152 spem
1361 3065 1697 3134 hominum
1756 3066 2019 3133 insolito
2077 3066 2266 3135 modo
2323 3090 2426 3135 re-

475 3165 673 3241 pente
718 3163 1163 3240 apparuerunt
1205 3155 1494 3220 sincerae
1539 3153 1802 3238 pietatis
1846 3153 2156 3231 vindices,
2203 3175 2426 3220 eorum

475 3242 734 3306 vocatio
789 3260 828 3305 a
885 3241 1213 3306 communi
1284 3239 1510 3324 regula
1596 3239 1925 3306 aestimari
2001 3260 2137 3306 non
2215 3240 2425 3307 debet.

480 3329 836 3394 Caeterum
885 3324 1008 3392 hac
1051 3325 1197 3410 lege
1243 3325 1558 3391 divinitus
1604 3326 1811 3392 vocati
1868 3334 2044 3404 sunt,
2095 3335 2173 3389 ut
2224 3325 2427 3392 eccle-

477 3414 594 3480 siis
652 3421 825 3478 reete
882 3410 1259 3495 compositis
1318 3411 1480 3477 alios
1552 3418 1844 3496 pastores
1901 3411 2305 3477 substituant
2356 3413 2428 3477 in

479 3519 672 3564 suum
718 3497 953 3565 locum.

651 3582 895 3666 Quare,
930 3583 1490 3667 praestantissime
1525 3582 1692 3660 Rex,
1735 3581 2050 3667 quidquid
2088 3582 2167 3648 de
2205 3582 2431 3649 haere-

479 3671 719 3736 ditario
785 3668 1132 3736 sacerdotii
1196 3669 1340 3734 iure
1406 3669 1656 3754 garriat
1720 3668 1975 3752 papalis
2040 3667 2273 3747 clerus,
2341 3689 2429 3735 ne

477 3754 844 3840 impediant
887 3755 1105 3820 futiles
1147 3755 1308 3820 istae
1343 3775 1573 3840 nugae,
1617 3775 1745 3840 quo
1785 3754 2005 3819 minus
2041 3753 2429 3821 coelestibus

477 3841 786 3926 auspiciis
822 3860 986 3926 opus
1010 3841 1302 3906 omnium
1338 3841 1624 3906 maxime
1667 3839 2074 3924 praeclarum
2112 3853 2177 3905 et
2212 3859 2427 3905 coram

477 3927 619 3993 Deo
696 3939 764 3992 et
848 3945 935 3991 an
1018 3926 1100 3993 lis
1181 3925 1508 3993 laudabile
1608 3924 2031 4011 aggrediatur
2116 3927 2431 3992 Maiestas

480 4014 743 4089 Vestra,
789 4020 864 4077 ut
906 3947 1215 4078 (ilii-istus
1257 4033 1431 4078 unus
1476 4011 1545 4077 in
1590 4032 1712 4078 sua
1755 4011 2000 4077 ditione
2059 4033 2207 4078 cum
2262 4033 2429 4096 pura

480 4098 808 4184 evangelii
848 4097 1141 4164 doctrina
1184 4099 1483 4164 emineat.
1583 4097 1768 4163 Haec
1810 4118 1965 4164 vero
2010 4107 2078 4162 et
2117 4097 2322 4181 proba
2363 4107 2433 4163 et

481 4184 665 4251 utilis
718 4191 890 4250 esset
933 4182 1172 4270 agendi
1209 4185 1404 4250 ratio:
1463 4183 1614 4268 quia
1672 4205 1847 4251 nunc
1904 4182 2043 4268 lupi
2091 4195 2432 4267 pastorum

477 4271 695 4338 locum
738 4277 1073 4355 occupant,
1119 4276 1189 4336 et
1231 4267 1427 4336 nim'is
1449 4268 1807 4335 violentum
1833 4267 2193 4335 remedium
2220 4269 2428 4336 videri

478 4365 720 4442 posset,
766 4357 820 4420 si
867 4367 1160 4440 pastores
1203 4355 1345 4422 sola
1361 4355 1567 4440 Regis
1610 4355 1959 4421 autoritate
2001 4355 2200 4421 creati
2237 4376 2428 4422 voca-

478 4443 730 4508 tionem
789 4441 988 4507 aliam
1054 4462 1188 4508 non
1245 4441 1593 4507 haberent:
1674 4448 1752 4506 ut
1816 4440 2128 4507 Maiestas
2184 4441 2431 4507 Vestra

477 4536 742 4594 tantum
802 4525 1097 4594 doctores
1153 4527 1554 4602 institueret,
1613 4528 1723 4611 qui
1792 4527 2034 4611 passim
2104 4526 2431 4611 evangelii

481 4634 708 4681 semen
777 4623 1181 4699 spargerent.
1302 4614 1498 4680 Esset
1577 4623 1796 4678 autem
1873 4613 1995 4679 hoe
2069 4611 2432 4695 temporale

480 4721 760 4772 munus,
814 4700 1199 4784 quantisper
1253 4720 1357 4764 res
1409 4701 1876 4784 incompositae
1954 4705 2298 4763 manerent
2354 4719 2431 4763 ac

479 4806 854 4870 suspensae.
978 4785 1204 4870 Neque
1261 4786 1436 4850 enim
1491 4785 1634 4850 fieri
1693 4793 1941 4870 potest,
2002 4793 2077 4849 ut
2129 4784 2429 4866 protinus

480 4882 779 4939 mutetur
821 4871 1081 4956 publica
1123 4870 1428 4937 ecclesiae
1473 4870 1876 4956 gubernatio.
1974 4867 2109 4935 Sed
2153 4868 2274 4934 hoc
2314 4889 2428 4935 ex·

479 4957 683 5034 ordio,
730 4957 904 5041 quod
951 4957 1110 5036 dixi,
1155 4957 1260 5024 vel
1295 4955 1650 5040 praeludio.
1695 4953 2072 5021 commodus
2114 4950 2197 5020 ad
2241 4975 2431 5021 reno-

480 5042 772 5109 vandam
831 5044 1170 5109 eeclesiam
1229 5043 1545 5107 transitus
1607 5042 1809 5105 fieret.
1923 5039 2223 5125 Denique
2296 5062 2429 5108 non

482 5129 861 5227 reformatio
905 5141 1074 5195 esset
1107 5129 1431 5206 ecclesiae,
1477 5123 1942 5225 scd-quaedam
1985 5126 2195 5226 solum
2239 5147 2428 5209 prae·

481 5222 820 5383 sitifini-ligiis
849 5215 1902 5380 ffizzguaeffstiffiiuprgzselteina
1915 5222 2428 5382 pglgtgrrutizoeceff

1937 389 2457 461 EPISTOLAE
2502 392 2931 458 2057—2059

4354 390 4479 454 336

2530 576 2658 644 tior
2700 577 2868 644 ratio
2928 578 3010 644 de
3066 579 3434 664 pastoribus
3490 579 3808 648 creandis.
3909 577 4282 658 Caeterum,
4326 577 4483 662 qnia

2531 684 2731 730 sanae
2787 661 3121 732 doctrinae
3175 666 3396 735 hostes
3452 666 3582 752 piis
3647 675 3715 732 et
3759 665 4032 733 sinceris
4103 662 4480 731 doctoribus

2529 749 2800 817 ianuam
2852 749 3273 834 praecludere
3329 772 3587 820 summa
3640 752 3711 818 vi
3782 752 4148 830 tentabunt,
4206 769 4481 815 manum

2531 835 2664 902 illis
2707 835 3093 903 adiutricem
3139 858 3181 902 a
3211 838 3460 905 Vestra
3514 839 3862 905 Maiestate
3914 836 4161 921 porrigi
4215 856 4483 902 neeeoee

2531 922 2717 1001 foret,
2762 927 2838 986 nt
2878 921 3082 989 libere
3123 923 3381 1007 plebem
3423 921 3508 989 ab
3554 925 3850 990 erraticis
3902 920 4481 1007 superstitionibus

2531 1005 2618 1072 ad
2682 1015 2932 1074 rectum
2984 1009 3249 1092 pietatis
3301 1031 3566 1078 cursum
3620 1008 4031 1077 deducerent.
4134 1006 4271 1076 Sed
4326 1008 4483 1092 quia

2531 1093 2666 1158 iam
2706 1092 2970 1178 longius
3013 1116 3432 1180 progressum
3476 1118 3583 1162 me
3626 1116 3769 1163 esse
3802 1093 4017 1173 video,
4060 1114 4255 1178 quam
4289 1093 4481 1161 initio

2530 1188 2909 1259 statueram,
2933 1187 3011 1245 ut
3044 1181 3331 1248 taedium
3354 1183 3633 1248 Vestrae
3652 1181 4018 1248 Maiestatis
4038 1179 4481 1263 praeveniam,

2531 1266 2731 1330 finem
2813 1265 2921 1330 hic
2988 1265 3227 1333 faciam
3302 1266 3647 1335 scribendi.
3775 1267 4108 1332 Dominus
4182 1264 4485 1332 coelestis

2532 1359 2721 1434 pater
2755 1370 2954 1417 manu
3001 1352 3326 1439 unigeniti
3380 1354 3500 1420 filii
3556 1354 3660 1419 sui
3715 1353 4027 1419 Vestram
4070 1350 4485 1417 Maiestatem

2533 1436 2791 1520 dirigat,
2827 1438 3148 1522 praesidio
3179 1448 3459 1519 tueatur,
3489 1439 3735 1505 virtute
3768 1440 4093 1506 sustineat
4131 1458 4208 1504 ac
4243 1457 4276 1504 e
4323 1435 4483 1501 iritu

2531 1522 2856 1674 gubernet
2869 1573 2887 1601 ,
2957 1524 3107 1591 Rex
3185 1526 3760 1609 praestantissime.
3882 1524 4195 1591 Genevae
4337 1521 4485 1589 onis

2600 1628 2780 1675 eoem
2824 1610 2916 1675 ris
2965 1615 3144 1676 1554.

3398 2121 3603 2192 2058.

2900 2274 3443 2344 GARNERIUS
3487 2273 4123 2344 BULLINGEBO.

4160 2465 4279 2512 nae
4340 2447 4483 2513 sub-

2705 2448 2773 2515 A
2835 2450 3211 2533 mayistratu
3287 2449 3801 2532 Arqmtoratensi
3863 2448 4161 2533 Auyusta

2532 2531 4487 2617 seribereiussusacalvinoneidfaceredubitetmonitus

2532 2619 4197 2720 iamOetTuricensiumdeeademresentcntiam
4261 2617 4488 2685 audire

2534 2878 2644 2945 (Ex
2679 2894 2751 2933 an
2907 2878 3018 2949 pbo
3052 2877 3220 2933 Arch-
3257 2873 3438 2932 Turie.
3473 2878 3617 2933 Plut-
3654 2877 3752 2933 VI.
3790 2876 3916 2932 Vol.
3954 2875 4096 2931 1170·
4130 2876 4262 2931 olim
4308 2875 4483 2932 Seria.

2854 2988 2864 2999 .
2936 2947 3085 3002 Tom.
3121 2944 3217 3001 111.
3286 2944 3405 3001 Fol.
3439 2944 3563 3001 475.
3601 2976 3665 2987 -
3702 2946 3901 3001 Simler
3935 2946 4062 3002 Vol.
4094 2943 4209 3012 88.)

2703 3103 2884 3169 Vera
2961 3103 3208 3187 pietate
3284 3111 3350 3168 et
3418 3101 3783 3168 eruditione
3861 3101 4108 3187 insigni
4185 3102 4331 3168 viro
4396 3100 4483 3167 D.

2531 3189 2823 3290 Henrico
2877 3188 3262 3274 Bullingero
3314 3208 3431 3256 suo
3485 3189 3558 3254 in
3616 3188 3903 3255 Domino
3959 3188 4362 3273 praeceptori
4419 3197 4489 3252 et

2532 3296 2783 3342 maiori.
4060 3359 4309 3445 Tm

2706 3529 2777 3598 S.
2822 3532 2900 3598 P.
2988 3532 3170 3619 Ergo
3213 3532 3481 3599 tandem
3525 3533 3679 3600 finis
3720 3534 4092 3617 imponetur
4132 3529 4288 3598 huic
4329 3551 4487 3597 nos-

2535 3626 2680 3684 trae
3008 3619 3135 3699 ‘ae,
3164 3622 3216 3702 ¹)
3274 3626 3461 3701 pater
3524 3638 3601 3684 ac
3657 3627 4039 3703 praeceptor
4084 3617 4159 3683 in
4214 3616 4487 3683 Christo

2535 3723 2827 3770 veneran
2873 3724 2929 3783 e,
2957 3703 3084 3770 hac
3118 3712 3339 3770 tamen
3375 3703 3541 3790 lege,
3577 3715 3655 3770 ut
3691 3725 3814 3788 ego
3847 3726 3982 3770 una
4015 3726 4168 3771 cum
4201 3710 4342 3769 tota
4374 3702 4489 3770 hic

2533 3798 2761 3856 nostra
2815 3790 3141 3875 gallicana
3194 3792 3469 3857 ecclesia
3514 3791 3867 3874 approbem
3922 3797 4118 3873 atque
4175 3789 4495 3874 recipiam

2534 3876 2999 3962 Augustanam
3036 3877 3531 3956 confessionem,
3574 3875 3769 3959 idque
3812 3877 3936 3942 sim
3985 3875 4200 3943 liciter
4241 3875 4492 3957 absque

2532 3959 2731 4027 huius
2786 3971 2904 4028 aut
2959 3961 3229 4029 alterius
3275 3963 3415 4027 inte
3498 3961 3831 4029 retatione.
3938 3897 4092 4027 lam
4166 3983 4275 4027 me
4350 3980 4490 4026 non

2533 4046 2743 4132 adigit
2802 4056 3027 4114 noster
3070 4061 3340 4115 senatus
3518 4047 3793 4115 alicuius
3846 4048 3985 4114 inte
4069 4047 4484 4124 rotationem,

2534 4130 2651 4197 sed
2694 4132 2778 4197 ad
2813 4132 3025 4216 ipsam
3047 4133 3524 4201 confessionem
3558 4133 3961 4218 simpliciter.
4081 4153 4211 4200 uno
4252 4152 4485 4216 super-

2533 4227 2638 4284 est
2680 4217 2926 4296 videre,
2967 4241 3129 4285 num
3174 4220 3298 4285 hoc
3340 4227 3676 4303 praestare
3719 4221 4046 4303 possimus
4103 4238 4268 4286 sana
4328 4238 4485 4285 oon·

2532 4303 2824 4381 scientia,
2866 4326 3028 4370 num
3110 4305 3399 4371 raedicta
3431 4305 3751 4372 confessio
3787 4325 3954 4390 pura
3989 4306 4077 4371 sit
4110 4312 4176 4371 et
4209 4306 4490 4372 sincera.

2532 4388 2594 4453 Ε
2722 4389 2986 4472 quidem
3028 4391 3077 4456 il
3254 4390 3523 4476 perlegi,
3568 4401 3639 4456 at
3723 4412 3883 4457 uum
3927 4389 4090 4456 mihi
4145 4411 4279 4457 non
4334 4388 4489 4466 fido,

2676 4484 3164 4560 praeceptorem
3218 4497 3440 4556 meum
3509 4477 3592 4543 D.
3768 4478 3986 4542 vinum
4054 4477 4180 4544 hac
4259 4476 4341 4542 de
4408 4496 4491 4543 re

2533 4579 2742 4712 &5¹55
2744 4582 2766 4626 ¹
2774 4562 3189 4716 &ffiffissffi
3225 4561 4129 4729 ἔὲἷὴὲηἶῖἓὲιὶῖέἣῖιῗῗὼέ,
4173 4564 4490 4714 ’ὲῒέἔῖῗί

2536 4730 2673 4797 deo.
2785 4732 2863 4801 Si
2926 4735 3231 4802 ecclesias
3319 4732 3679 4802 Saxonicas
3767 4734 3889 4801 tibi
3942 4732 4329 4814 obtendant,
4410 4735 4489 4799 in

2814 4894 2942 4901 —-—

2536 4972 2723 5028 2058.
2743 4973 2802 5039 1)
2842 4973 2939 5028 Ea:
2958 4973 3277 5029 Mau-bachii
3291 4973 3478 5028 diario
3494 4974 3636 5028 ηὒιίῑ
3667 4974 3806 5028 lucis
3837 4974 3967 5031 haic
3987 4976 4202 5043 neyott'o
4236 4974 4490 5041 affertur.

2540 5044 2730 5166 Mssa
2761 5043 3215 5166 fflffrgouplrbbgl
3234 5114 3379 5167 inter
3398 5045 3711 5167 m
3760 5044 4119 5183 yon-‘2⁸:03⁸'
4145 5118 4198 5167 σε
4245 5111 4493 5181 quinque

2533 5182 2934 5235 commissarios
2965 5189 3091 5248 post
3133 5183 3327 5250 tomas
3373 5183 3764 5250 aequantium
3797 5182 4091 5240 eoncordia
4125 5182 4318 5252 aliqua
4349 5194 4490 5236 aaa·

2530 5251 2642 5305 cita
2673 5251 2802 5316 suit,
2834 5267 2947 5304 noa
2979 5249 3080 5303 diu
3111 5257 3292 5305 taum
3324 5249 3616 5305 duratura.

2739 5319 2799 5384 2)
2845 5316 3086 5389 Utraque
3116 5319 3346 5389 epistola
3380 5318 3743 5375 desideratur.
