4850 6200
552 437 673 502 135

541 620 879 689 Martinus
921 620 1176 689 Belum
1236 620 1410 688 idem
1465 628 1928 707 argumentum
1983 619 2156 706 quod
2213 618 2493 689 Castalio

544 726 672 774 sua
711 707 826 773 illa
865 708 935 773 in
979 706 1198 773 Biblia
1249 706 1668 792 praefatione,
1688 706 1746 794 ⁹)
1800 726 1995 792 quam
2037 708 2239 773 etiam
2278 723 2492 790 paene

543 793 874 879 integram
915 793 1310 860 transcribit.
1396 793 1503 859 Da
1544 792 1669 860 hoc
1709 792 1892 873 mihi,
1934 812 2194 877 quaeso,
2236 793 2331 857 mi
2373 813 2494 877 pa-

544 884 670 959 ter,
714 890 790 945 ιιι
814 877 1190 946 Oct-§talionis
1228 878 1564 962 epistolam
1609 878 1790 945 illam
1832 880 2033 964 legas,
2076 887 2154 944 ut
2194 876 2368 961 quod
2403 877 2496 943 sit

545 961 834 1030 hominis
888 966 1223 1049 ingenium
1280 985 1656 1047 cognoscas,
1712 981 1782 1032 et
1837 985 2033 1048 quam
2074 964 2363 1030 habituri
2402 962 2492 1029 si-

547 1068 697 1116 mus
734 1049 1070 1117 ecclesiam
1113 1050 1170 1116 si
1212 1050 1357 1116 istis
1399 1051 1669 1134 impune
1725 1051 1982 1117 licuerit
2022 1049 2405 1136 religionem
2451 1069 2493 1115 a

545 1134 985 1202 fundamentis
1039 1144 1352 1202 evertere.
1441 1133 1620 1217 Quid
1683 1136 1858 1202 enim
1922 1134 2142 1214 nobis,
2207 1136 2490 1212 obsecro,

550 1219 733 1298 salvi,
777 1222 835 1288 si
887 1220 1091 1305 (quod
1132 1221 1255 1287 iste
1298 1221 1664 1301 contendit)
1721 1221 2000 1289 verbum
2056 1219 2185 1287 Dei
2236 1222 2334 1286 ita
2388 1229 2492 1287 est

547 1304 928 1390 ambiguum
993 1316 1069 1372 ut
1143 1307 1314 1372 nibil
1375 1308 1704 1373 affirmare
1763 1307 1991 1392 possis.
2100 1305 2492 1373 Pessumdet

545 1388 874 1457 Dominus
928 1392 1089 1459 haec
1146 1400 1471 1471 monstra,
1539 1393 1774 1477 quibus
1833 1392 1998 1457 nihil
2060 1393 2487 1477 perniciosius

543 1476 709 1561 fingi
752 1487 983 1562 potest.
1071 1478 1281 1544 Porro
1321 1478 1496 1544 inter
1551 1488 1845 1545 caeteros
1900 1499 2179 1562 quorum
2220 1477 2316 1543 illi
2361 1498 2487 1543 nu-

544 1583 663 1647 gas
706 1573 774 1627 et
816 1563 1254 1648 blasphemias
1298 1583 1454 1629 suae
1495 1564 1810 1650 farragini
1849 1565 2272 1645 infarserunt,
2314 1562 2488 1629 mul-

542 1655 647 1713 tas
697 1648 974 1733 paginas
1033 1647 1520 1732 descripserunt
1584 1670 1668 1715 ex
1730 1649 2070 1717 cuiusdam
2130 1649 2490 1734 Augustini

542 1731 895 1801 Eleutherii
914 1738 1001 1810 ¹⁰)
1046 1734 1209 1801 libro
1252 1733 1334 1799 de
1375 1734 1739 1814 haereticis,
1784 1735 1942 1801 item
1966 1735 2240 1820 Georgii
2265 1733 2489 1801 Klein-

544 1817 760 1904 beryii.
788 1822 871 1904 ¹¹)
956 1820 1079 1886 Isti
1131 1821 1242 1904 qui
1299 1821 1432 1886 sint
1487 1820 1683 1904 plane
1739 1821 1988 1905 ignoro.
2077 1819 2212 1887 Sed
2270 1830 2487 1905 poste-

545 1903 784 1970 riorem
830 1915 1100 1989 apparet
1152 1906 1501 1990 insigniter
1554 1905 1888 1972 indoctum
1933 1926 2091 1973 esse.
2180 1906 2370 1992 Rogo
2411 1913 2489 1972 ut

546 1989 603 2055 si
646 1991 817 2055 nosti
858 1992 1127 2074 quinam
1169 1992 1304 2057 sint
1345 1991 1428 2058 ad
1471 2012 1578 2058 me
1621 1992 1888 2059 scribas.
1975 1992 2121 2077 Ego
2163 2013 2353 2071 vero,
2412 2000 2490 2057 ut

538 2094 753 2226 igere,
798 2076 1495 2227 ipsorum-tratffnibus
1537 2079 1630 2142 ita
1672 2077 2113 2230 respotpltllgaunt
2165 2099 2359 2144 nemo
2402 2097 2489 2178 ex

624 2181 728 2227 nis
785 2182 826 2227 a
882 2182 988 2227 me
1055 2184 1113 2227 si
1194 2183 1232 2227 o
1284 2184 1510 2242 ensus,
1572 2186 1615 2229 n
1699 2184 1782 2230 ue
2112 2184 2179 2228 m
2237 2183 2488 2230 occasio

540 2247 845 2330 cuiquam
903 2245 1072 2314 data.
1161 2247 1334 2313 Nam
1390 2247 1514 2314 hoc
1564 2184 1697 2334 eget?
1741 2249 2067 2334 imprimis
2122 2249 2488 2317 cavendum

540 2351 802 2415 semper
853 2354 1000 2399 sum
1054 2333 1427 2400 arbitratus.
1515 2333 1745 2418 Ipsum
1795 2344 2015 2400 autem
2068 2333 2361 2400 libellum
2419 2343 2489 2400 et

538 2438 646 2483 res
731 2418 1027 2484 nsionem
1070 2439 1285 2484 meam
1329 2419 1510 2485 brevi
1551 2419 1633 2485 ad
1678 2428 1746 2486 te
1788 2420 2066 2500 mittam,
2110 2419 2180 2485 id
2233 2429 2350 2501 est,
2397 2422 2486 2487 si-

539 2523 612 2568 m
725 2512 922 2588 atque
964 2504 1386 2588 colophonem
1430 2505 1818 2592 imposuere.

1099 2590 1181 2656 ad
1226 2601 1292 2656 te
1335 2592 1595 2674 raptim,
1638 2593 1733 2657 mi
1773 2600 1962 2676 pater
1978 2644 1994 2671 ,
2052 2613 2257 2675 quum
2297 2592 2483 2658 nobi-

538 2674 636 2740 les
678 2675 786 2740 isti
830 2675 1273 2744 adolescentes
1328 2676 1595 2743 domum
1649 2698 1865 2744 meam
1909 2678 2245 2746 venissent
2287 2699 2485 2761 seque

535 2760 606 2825 in
649 2760 913 2827 Italiam
969 2761 1290 2828 dixissent
1344 2762 1683 2846 proficisci.
1770 2763 1909 2830 Eos
1962 2784 2120 2850 rogo
2176 2771 2252 2828 ut
2307 2784 2483 2830 com-

535 2844 879 2913 mendatos
934 2845 1192 2913 habeas.
1283 2846 1459 2914 Sunt
1516 2848 1691 2914 enim
1751 2849 2043 2934 plerique
2098 2849 2268 2916 docti
2322 2859 2389 2916 et
2442 2870 2483 2914 a

533 2932 780 3015 pietate
821 2931 1093 2997 minime
1136 2932 1355 2999 alieni.
1444 2933 1632 3018 Rogo
1675 2944 1891 3000 autem
1938 2942 2013 3000 ut
2067 2934 2289 3001 isthuc
2331 2954 2482 3019 pro·

533 3017 903 3084 ficiscentes
945 3018 1216 3085 consilio
1258 3027 1326 3083 et
1365 3016 1668 3085 liberiore
1702 3018 2142 3086 admonitione
2183 3021 2372 3086 iuves
2406 3026 2485 3086 ut

535 3103 733 3169 officii
777 3102 1197 3169 meminerint
1254 3104 1325 3168 in
1381 3124 1454 3170 re
1504 3106 1650 3171 'one
1706 3111 1841 3172 tam
1886 3127 2076 3172 corru
2123 3115 2210 3171 ta.
2294 3106 2484 3172 Bene

535 3188 703 3268 vale,
745 3187 839 3253 mi
883 3190 1128 3272 optime
1169 3197 1373 3272 pater.
1505 3191 1764 3258 ominus
1805 3191 1992 3258 Iesus
2104 3212 2220 3258 eus
2262 3199 2485 3258 noster

536 3271 657 3338 tibi
698 3285 930 3359 pergat
970 3274 1371 3354 benedicere,
1525 3296 1610 3341 ue
1651 3276 1861 3344 indies
1903 3278 2115 3363 magis
2149 3296 2226 3344 ac
2268 3277 2484 3362 magis

1030 3359 1426 3426 Lausamiae
1533 3363 1678 3427 onis
1719 3362 1901 3428 Maii.

1362 3463 1485 3528 Th.
1528 3464 1707 3531 Besa

590 3546 765 3614 filius
801 3569 842 3612 a
874 3555 942 3613 te
973 3549 1043 3613 in
1077 3548 1367 3616 Domino
1401 3549 1666 3634 genitus
1698 3551 1946 3636 tibique
1981 3550 2481 3619 addictissimus.

710 3681 974 3767 Scripta
1015 3684 1146 3750 iam
1183 3685 1460 3769 epistola
1496 3687 1677 3752 venit
1710 3687 1871 3753 mihi
1913 3689 1984 3753 in
2014 3697 2305 3754 mentem
2338 3689 2485 3755 offi-

536 3768 713 3835 cium
756 3768 923 3834 illud
980 3771 1288 3838 ecclesiae
1346 3782 1608 3838 vestrae
1665 3774 1737 3838 in
1780 3783 2080 3840 nostrum
2121 3773 2313 3840 illum
2355 3773 2484 3840 Pa-

531 3854 734 3919 ridem·
760 3857 841 3939 ¹²)
894 3857 1005 3938 qui
1060 3856 1269 3922 Dolae
1320 3857 1585 3924 vinctus
1638 3871 1783 3925 erat
1837 3860 2107 3926 Domini
2145 3859 2320 3926 Iesu.
2408 3860 2482 3926 Is

538 3977 639 3985 1—-

536 3360 940 3425 confirmare.

740 4039 801 4108 9)
833 4041 911 4096 ad
946 4042 1276 4100 Edunt-dm
1312 4046 1401 4102 VI.
1438 4044 1590 4099 1561.

714 4107 804 4171 10)
841 4111 879 4164 ι’.
913 4126 961 4167 e.
1000 4110 1120 4167 Set.
1156 4111 1404 4169 Franks
1439 4115 1727 4183 Chronica,
1762 4115 2018 4173 &abach
2046 4132 2105 4171 ιι.
2145 4115 2480 4174 Geselu‘ehn·

537 4177 675 4232 boel
692 4176 843 4242 1536,
878 4179 1024 4234 unde
1055 4182 1428 4241 nonnanes-‘c
1450 4190 1703 4254 excerpta
1726 4187 2213 4255 tromcrn'bunm,
2245 4188 2483 4242 marim

536 4247 701 4302 aias·
732 4249 1016 4302 variorum
1051 4256 1308 4306 autorum
1340 4253 1637 4309 sentenia
1667 4256 1779 4309 iam
1813 4271 1852 4309 a
1890 4253 2143 4310 Rankio
2172 4255 2436 4312 collectae.

711 4314 801 4382 11)
838 4316 1005 4399 Hique
1048 4318 1153 4373 tibi
1191 4324 1506 4377 accurat-us
1548 4322 1739 4378 sistere
1792 4339 1904 4379 non
1943 4339 2249 4393 ροοειιηιιιο.
2320 4325 2480 4380 Patet

538 4383 744 4439 Βααηι
778 4389 840 4438 in
874 4384 962 4439 low
1004 4386 1310 4444 duumviris
1361 4392 1514 4461 ipsos
1555 4407 1678 4447 αισι
1717 4391 2037 4448 Cascelliano
2081 4393 2304 4460 (Beato)
2349 4394 2482 4449 libo-⁸¹

535 4458 755 4508 autores
787 4454 899 4509 sibi
927 4453 1343 4523 deprehendisse
1372 4461 1550 4515 visum
1585 4475 1713 4528 esse,
1758 4467 1809 4516 ee
1838 4461 2054 4531 quiden
2081 4463 2229 4528 falso
2261 4463 2481 4517 nomine

535 4521 855 4604 decoratos„
866 4521 1096 4604 ideoque
1128 4525 1505 4598 Bullia-oerum
1540 4544 1767 4599 royac-ee
1799 4536 1863 4585 ut
1892 4531 2020 4599 ipsi,
2059 4532 2110 4583 si
2137 4537 2332 4599 posset,
2364 4545 2478 4586 oer—

536 4595 683 4645 isora
728 4591 795 4645 de
829 4592 1021 4646 uadem
1056 4593 1310 4653 traderet.
1377 4597 1556 4667 Atque
1600 4597 1810 4653 eosdem
1842 4599 1969 4669 sere
2011 4601 2244 4654 numme
2275 4601 2339 4655 in
2370 4615 2478 4655 sua

673 4661 842 4785 Beli-‘i
870 4663 1087 4787 agnae
1124 4665 1849 4790 odtfflmkffffie„
1863 4666 2042 4792 {utra
2076 4683 2316 4793 daban:
2447 4739 2460 4751 ”

533 4803 648 4879 tan
682 4798 912 4854 videtur.
987 4798 1140 4857 certa
1172 4802 1339 4857 huius
1369 4818 1566 4858 nonen
1602 4801 1918 4860 &todioni
1946 4805 2147 4875 optime
2170 4820 2275 4876 per
2308 4755 2476 4863 ἔωθ-

532 4867 665 4921 lnam
699 4873 747 4921 et
788 4867 1131 4925 Quatenus
1295 4870 1683 4938 Monesen-tium
1717 4873 1878 4928 reddi
1901 4879 2132 4944 poterat

708 4934 797 5003 12)
831 4935 990 4990 Paris
1024 4938 1249 5006 Panier,
1295 4948 1489 4995 avocat
1531 4956 1600 4993 an
1650 4942 1954 5011 parlement
1999 4941 2066 4997 de
2110 4943 2272 5011 Dole,
2310 4944 2477 5013 juris-

535 5004 780 5084 consulto
831 5012 945 5060 tres
991 5006 1177 5072 docte,
1223 5009 1334 5063 issu
1382 5009 1507 5064 d’un
1551 5008 1657 5063 lien
1694 5013 1905 5065 nomme
1939 5009 2209 5079 Corniere,
2247 5013 2476 5067 environ

532 5075 672 5124 trois
704 5071 875 5126 henes
908 5090 1034 5142 pres
1068 5075 1138 5130 de
1172 5075 1364 5132 Salius.
1433 5077 1481 5133 Il
1515 5076 1715 5133 n'avoit
1749 5096 1940 5135 encore
1973 5081 2172 5136 atteint
2203 5080 2238 5134 l'
2404 5082 2477 5136 de

531 5136 605 5191 24
637 5155 733 5193 ans
769 5141 949 5208 quand
994 5159 1095 5213 par
1138 5146 1193 5197 la
1236 5146 1605 5216 conspirationi
1641 5146 1710 5202 de
1745 5150 2007 5219 quelques
2039 5155 2284 5220 prestres
2315 5151 2358 5204 11
2390 5150 2477 5204 fut

530 5207 721 5291 accuse
754 5223 961 5263 comme
994 5221 1156 5282 ayant
1187 5216 1340 5284 ραι-16
1373 5221 1563 5270 contre
1598 5217 1649 5271 le
1684 5217 1821 5272 Dieu
1855 5218 1924 5273 de
1957 5219 2075 5273 leur
2102 5220 2279 5273 Messe
2313 5235 2476 5274 neur-

529 5293 661 5332 rice.
738 5275 915 5346 Οιιιιηι
949 5282 1207 5337 κοινῶσαι
1237 5300 1491 5340 revocare
1529 5286 1730 5356 capitis
1774 5286 2070 5342 &mnam
2106 5288 2221 5354 ficit
2264 5292 2317 5341 et
2344 5287 2480 5343 libri

524 5345 652 5402 «aas
682 5346 804 5418 igni
836 5346 1037 5403 traditi
1067 5349 1125 5404 d.
1162 5348 1374 5424 7-dpr.
1407 5352 1564 5410 1564.
1617 5354 1906 5421 (Hebudes
1926 5355 2179 5428 Mar-tyrs
2207 5354 2471 5426 paeon.)

2048 430 2574 501 EPISTOLAB
2622 432 3044 496 1952—1954

4419 430 4540 494 136

2596 616 2808 703 capite
2827 616 3145 684 multatus
3168 623 3269 686 est
3300 616 3623 701 superiori
3653 637 3899 698 mense,
3943 617 4058 684 sed
4096 614 4343 684 invicta
4384 634 4542 682 con-

2593 703 2851 784 stantia,
2890 710 2965 769 ut
2984 701 3308 785 audimus,
3343 724 3478 770 non
3505 705 3680 787 ipsos
3711 701 3904 769 modo
3934 704 4157 770 hostes
4175 702 4293 769 sed
4326 702 4542 788 ipsam

2592 811 2846 874 quoque
2877 799 3158 857 mortem
3191 789 3368 857 vicit.
3432 789 3617 857 Laus
3638 789 3800 869 Deo,
3836 791 3950 874 qui
3983 791 4237 857 utinam
4258 787 4544 856 similem

2592 874 2779 943 nobis
2828 875 3122 942 animum
3172 875 3513 961 largiatur,
3570 875 3632 940 si
3683 875 3902 943 visum
3954 875 4052 941 illi
4108 874 4234 942 erit
4283 881 4360 940 ιιι
4414 895 4539 941 nos

2637 981 2847 1045 noque
2879 970 3102 1028 nostro
3135 962 3455 1047 sanguine
3481 962 3689 1047 ipsius
3710 961 4078 1029 doctrinam
4096 961 4535 1048 obsignemus.

2593 982 2945 1115 gaeterum
2987 1046 3172 1116 vides
3265 1069 3382 1115 uos
3436 1047 3795 1114 habeamus
3853 1047 4101 1115 vicinos
4140 1055 4209 1115 et
4249 1044 4407 1130 quid
4449 1043 4532 1112 ab

2590 1133 2721 1200 illis
2755 1135 2842 1202 sit
2875 1154 2991 1200 exs
3269 1155 3382 1199 um
3418 1134 3476 1200 si
3495 1133 3819 1201 Dominus
3853 1153 3966 1200 eos
3997 1153 4131 1199 non
4156 1133 4536 1201 coercuerit.

2588 1219 2649 1284 Ε
2694 1219 2917 1286 Gallia
2956 1219 3126 1285 nihil
3162 1219 3320 1286 laeti
3361 1221 3731 1286 nunciatur.
3817 1219 4242 1287 Genevenses
4285 1219 4539 1302 accepi·

2588 1326 2738 1371 mus
2780 1303 3018 1374 abhinc
3060 1315 3206 1373 octo
3250 1305 3390 1373 dies
3431 1325 3665 1391 agrum
3744 1303 4193 1390 uadringentis
4231 1303 4536 1372 exsulum

2588 1391 2854 1457 familiis
2896 1412 3061 1475 quae
3117 1399 3614 1475 exspectantur,
3671 1413 3710 1456 a
3812 1411 4050 1458 novam
4104 1390 4334 1457 urbem
4377 1411 4532 1457 con-

2590 1473 2871 1542 dendam
2926 1477 3338 1545 concessisse.
3441 1478 3550 1543 Ex
3602 1477 3854 1562 Anglia
3910 1498 4069 1544 vero
4241 1473 4386 1555 uid,
4439 1476 4534 1541 mi

2633 1560 2821 1663 atero?
2886 1562 3087 1630 Totus
3123 1563 3363 1664 horreo
3405 1584 3608 1648 quum
3653 1562 3734 1630 de
3779 1561 3884 1630 his
3926 1564 4157 1649 cogito.
4293 1563 4531 1642 omine,

2587 1669 3497 1818 Piiiffgbnrffislsosmioegie
3518 1658 3700 1819 qtlffis
3711 1670 3948 1802 ’1ιέζοῖ
3946 1655 4158 1803 ogei?
4158 1669 4270 1801 ode
4287 1646 4533 1798 Ηὲῗεῖ

2589 1819 2764 1886 betha
2803 1820 2936 1899 illa,
2980 1841 3219 1904 quaeso
3261 1829 3339 1887 ιιι
3385 1821 3574 1887 nobis
3621 1822 3978 1906 impertias.
4057 1821 4164 1887 Ita
4203 1822 4380 1887 enim
4423 1819 4535 1884 vel

2588 1925 3178 2059 30030322321'33.
3188 1906 4536 2063 essffimgggmvsesstgdadnmmmffi

2588 2099 2709 2162 per
2754 2076 3048 2146 Laelium
3090 2079 3318 2146 curavi
3360 2078 3796 2163 perferendas.

3371 2408 3776 2418 ———-———-

3463 2676 3657 2748 1953.

3052 2830 3573 2898 VERMILIUS
3618 2831 4054 2900 OALVINO.

2763 3002 3130 3069 Novissima
3171 3021 3249 3068 ex
3290 3003 3534 3088 Anglia
3578 3002 3779 3071 allata
3820 3004 4029 3086 tradit,
4062 3007 4298 3088 paucis
4342 3007 4534 3074 auin-

2583 3090 2677 3176 qit
2694 3110 2795 3156 res
2823 3089 3391 3172 Aryentoratenees,
3427 3093 3484 3154 et
3515 3111 3675 3172 quae
3706 3091 3782 3158 de
3813 3094 4222 3160 controversia
4257 3115 4301 3159 a
4321 3092 4534 3163 Bauio

2584 3180 2752 3244 mota
2795 3175 2978 3243 audit
3015 3172 3374 3258 improbans
3413 3174 3618 3258 refert.

2613 3363 2697 3418 Ex
2742 3366 3027 3448 impresso.
3107 3364 3169 3419 P.
3213 3366 3287 3420 M.
3339 3364 3581 3421 vermilii
3628 3368 3760 3422 Loci
3809 3386 4114 3426 communes
4160 3387 4205 3425 c.
4253 3372 4435 3455 praef..
4460 3371 4532 3430 Β.

2586 3432 2874 3559 sesamo?
2899 3434 3046 3559 ᾆξ’
3079 3434 4052 3643 ρἭΞξαἏἘΆᾶἕζὲιῖοῗ
4076 3438 4532 3579 μΗὸἶῖῗιοῖῗιῗῖ

3233 3592 3285 3644 p.
3427 3612 3443 3638 ,
3636 3616 3649 3629 .
3685 3593 3737 3646 p.
3846 3614 3859 3628 .

2755 3741 2951 3810 Oirca
2993 3742 3232 3811 festum
3271 3745 3569 3813 Paschae
3591 3746 3642 3833 ¹)
3706 3746 3933 3814 literas
3978 3749 4063 3815 ad
4105 3756 4189 3828 te,
4249 3751 4353 3816 vir
4394 3750 4530 3817 cla-

2582 3828 2860 3908 rissime,
2907 3827 3231 3910 dederam,
3277 3829 3392 3899 sed
3434 3831 3828 3900 adolescenti
3859 3834 4181 3919 Hungaro
4195 3886 4215 3917 ,
4271 3842 4340 3902 et
4378 3835 4528 3919 qui-

2582 3913 2733 3980 dem
2787 3915 3186 3983 nobilissimo
3201 3968 3220 3995 ,
3281 3918 3392 4002 qui
3457 3938 3592 3984 non
3645 3918 3841 4005 longe
3904 3942 3946 3986 a
3998 3920 4363 3988 Selestadio
4419 3928 4526 3987 est

2580 4001 2979 4068 interfectus.
3069 4001 3292 4085 Quare
3348 4025 3551 4088 quum
3610 4012 3745 4070 tam
3808 4013 4096 4074 moestus
4148 4007 4526 4076 intervene-

2581 4087 2674 4151 rit
2737 4107 2928 4154 casns
2995 4086 3079 4154 ad
3145 4095 3213 4155 te
3265 4089 3544 4174 perferri
3599 4112 3733 4157 non
3783 4100 4166 4175 potuerunt,
4239 4100 4306 4158 et
4357 4114 4527 4177 quae

2580 4178 2722 4238 tum
2757 4192 3069 4240 noveram
3112 4183 3307 4325 atgue
3328 4174 3710 4257 scribebam,
3749 4198 3952 4261 quum
3992 4186 4060 4245 te
4104 4176 4371 4245 aliunde
4390 4179 4528 4245 iam

2580 4257 2923 4326 rescivisse
2985 4281 3122 4325 non
3222 4261 3468 4328 ubitem
3487 4313 3503 4338 ‚
3557 4264 3828 4330 minime
3871 4263 4227 4349 repetenda
4270 4284 4528 4332 censeo,

2579 4343 2732 4410 Huc
2774 4364 2933 4411 vero
2990 4347 3365 4414 tristissima
3416 4367 3497 4412 ex
3544 4349 3789 4433 Anglia
3844 4357 4001 4415 sunt
4055 4350 4284 4416 allata:
4310 4354 4364 4429 2)
4420 4352 4530 4416 ni-

2579 4430 2814 4495 mirum
2851 4431 2943 4497 ibi
2962 4431 3473 4513 Parlamentum‚
3493 4437 3547 4515 ³)
3590 4446 3665 4500 ut
3697 4444 3952 4516 vocant,
3999 4457 4140 4504 esse
4183 4457 4527 4503 assensum

2579 4521 2658 4580 ut
2717 4536 2927 4600 papae
2980 4538 3100 4583 sua
3153 4519 3459 4586 restituat
3511 4521 4008 4605 tyrannissima,
4067 4533 4135 4589 et
4181 4521 4527 4607 Philippus

2577 4620 2699 4666 rex
2741 4602 3024 4687 Angliae
3066 4604 3155 4671 sit
3195 4615 3261 4671 et
3301 4604 3640 4672 habeatur.
3705 4607 4048 4674 Bonorum
4085 4610 4377 4675 virorum
4408 4609 4526 4694 qui

2575 4685 2758 4752 abire
2823 4697 3100 4774 possunt
3160 4690 3444 4775 undique
3501 4693 3576 4758 fit
3629 4692 3803 4778 fuga.
3904 4694 4122 4779 Atque
4176 4702 4365 4760 tanta
4419 4703 4526 4762 est

2577 4793 2797 4839 rerum
2853 4773 3256 4859 perturbatio
3323 4783 3397 4842 ut
3451 4778 3635 4844 nullo
3690 4786 3880 4864 pacto
3933 4780 4243 4865 explicari
4306 4789 4518 4864 queat.

2576 4858 2848 4944 Iamque
2889 4861 3000 4929 hic
3043 4870 3202 4928 sunt
3243 4862 3418 4946 apud
3461 4885 3580 4931 nos
3622 4870 3758 4931 tres
3799 4865 4304 4949 praeclarissimi
4339 4868 4525 4952 equi-

2579 5036 2692 5042 -—--†
2711 5037 2770 5044 ——o
2793 5037 2878 5044 ‘—

2575 5149 2749 5206 less.
2776 5152 2835 5218 1)
2870 5149 2957 5205 25.
2995 5149 3213 5208 Martii.

2779 5219 2837 5284 2)
2875 5219 2962 5289 Of.
2999 5219 3315 5277 Sleidanuss
3350 5220 3430 5279 N.
3468 5222 3620 5277 1940.

2779 5289 4219 5419 3)Ianneaoe0etobn15580tmn02.Afu-aso.
4277 5294 4520 5369 (Sempe,

2579 5357 4108 5432 Oraml.3eap.4et9,paq.240t45,Vol.1.)
