4850 6200
340 436 458 499 25⁷

339 621 662 690 Senatum
706 624 998 686 vestrum
1037 639 1174 685 non
1215 618 1435 684 minus
1468 617 1642 683 iuste
1683 636 1881 701 quam
1925 616 2286 683 necessario

339 707 416 774 de
447 706 725 774 effraeni
759 703 1171 789 quorundam
1209 703 1575 789 petulantia
1650 711 1939 781 ueratur,
1984 703 2098 786 qui
2131 702 2287 768 sub-

338 793 487 859 inde
545 792 869 875 optimum
923 791 1197 856 fratrem
1253 798 1549 856 nostrum
1714 789 1930 853 vinum
1975 796 2289 870 tanquam

339 878 742 945 haereticum
809 876 1279 960 proscindunt:
1347 896 1559 959 neque
1636 874 1706 939 id
1771 875 1841 939 in
1904 874 2215 957 cauponis
2230 876 2288 952 2)

337 963 528 1031 modo
586 972 656 1029 et
711 965 884 1028 inter
938 961 1169 1046 pocula
1220 960 1426 1046 (quod
1485 961 1701 1046 ipsum
1761 959 2099 1025 tolerabile
2155 980 2289 1025 non

339 1058 554 1129 esset),
598 1070 830 1115 verum
877 1051 946 1113 in
991 1047 1226 1112 mediis
1262 1068 1517 1132 quoque
1549 1045 1816 1129 templis
1860 1054 1927 1110 et
1959 1046 2030 1109 in
2072 1044 2292 1128 publi-

338 1138 429 1203 cis
466 1135 904 1203 concionibus.
972 1133 1239 1200 Pridem
1278 1132 1362 1199 ad
1396 1134 1568 1199 hanc
1600 1132 1930 1198 licentiam
1968 1129 2291 1214 progressi

339 1222 600 1307 quidem
648 1230 854 1297 erant,
899 1228 975 1285 ut
1017 1240 1136 1302 pro
1194 1227 1514 1304 suggestu
1532 1269 1549 1297 ,
1608 1218 1861 1301 quoties
1905 1218 1999 1282 ita
2040 1216 2293 1282 ferebat

339 1308 568 1387 libido,
624 1307 778 1373 licet
831 1306 1049 1371 tacitis
1102 1306 1507 1381 nominibus,
1563 1325 1695 1368 non
1742 1311 1966 1369 tamen
2017 1301 2292 1368 obscure

340 1394 441 1461 vel
489 1393 1016 1469 dissimulanter,
1062 1392 1252 1457 nobis
1307 1389 1791 1456 maledicerent.
1895 1388 2030 1454 Diu
2092 1388 2295 1454 tacui·

337 1503 504 1557 mus,
552 1480 709 1563 quia
751 1498 900 1562 spes
955 1485 1100 1543 erat
1151 1477 1264 1542 ubi
1323 1483 1619 1542 saturata
1668 1482 1844 1541 esset
1900 1495 2126 1539 eorum
2165 1474 2291 1537 im-

337 1566 660 1652 probitas,
717 1565 1019 1647 quamvis
1063 1562 1145 1627 ad
1190 1583 1419 1629 sanam
1461 1569 1750 1627 mentem
1799 1581 1929 1626 non
1983 1559 2291 1637 redirent,

340 1653 570 1720 saltem
642 1650 742 1715 vel
825 1650 1076 1733 pudore
1161 1649 1270 1713 vel
1335 1647 1552 1713 taedio
1629 1648 1989 1730 quieturos.
2099 1645 2294 1712 Nunc

339 1759 546 1823 quum
588 1736 836 1802 malum
883 1738 953 1800 in
990 1735 1127 1800 dies
1171 1735 1427 1819 gliscat,
1474 1742 1543 1799 et
1585 1744 1807 1798 nostro
1850 1732 2113 1798 silentio
2153 1753 2294 1796 ma·

387 1826 440 1890 's
500 1822 934 1889 exacerbetur
992 1842 1217 1887 eorum
1274 1822 1483 1899 furor,
1551 1841 1680 1884 non
1742 1817 2026 1901 amplius
2079 1819 2295 1882 feren·

380 1930 489 1974 am
535 1930 680 1974 8888
724 1907 1036 1973 duximus
1079 1908 1252 1974 hanc
1292 1918 1563 1990 pestem.
1658 1907 1878 1988 Atque
1936 1914 2013 1969 ut
2055 1904 2296 1982 sciatis,

339 1995 604 2061 nonnisi
661 1995 852 2079 gravi
908 1995 1303 2059 necessitate
1355 2000 1612 2058 coactos
1675 1989 2040 2055 remedium
2103 2009 2299 2072 quae-

339 2102 503 2159 rere,
548 2081 840 2146 breviter
882 2080 1240 2145 referemus
1291 2099 1460 2162 quae
1503 2078 1677 2142 intra
1721 2096 1963 2159 paucos
2008 2074 2147 2141 dies
2192 2096 2300 2140 ac-

340 2166 659 2234 ciderunt.

510 2251 737 2334 Quum
804 2272 1019 2336 nuper
1073 2252 1142 2315 in
1210 2250 1416 2316 classe
1474 2249 1835 2333 Morgiensi
1901 2255 2299 2314 conventum

340 2339 665 2405 haberent
707 2339 965 2415 fratres,
1010 2335 1275 2421 quidam
1313 2358 1392 2401 ex
1438 2356 1662 2400 eorum
1707 2344 1895 2400 coetu
1941 2333 2223 2418 Amyclas
2243 2336 2299 2410 ³)

339 2426 606 2491 nomine
653 2444 872 2489 coram
919 2431 1054 2489 toto
1091 2421 1349 2506 popu10,
1395 2422 1548 2504 quia
1597 2420 1788 2485 aliter
1830 2441 2026 2504 quam
2065 2419 2121 2483 ei
2162 2418 2301 2502 pla-

341 2520 520 2578 ceret
548 2509 855 2578 Calvinus
888 2508 1101 2576 locum
1132 2530 1215 2572 ex
1240 2509 1467 2591 quinto
1491 2506 1824 2591 Epistolac
1859 2504 1940 2571 ad
1963 2504 2302 2570 Hebraeos

341 2599 557 2681 capite
614 2596 950 2680 exposuit,
1010 2616 1160 2660 eum
1203 2615 1336 2658 non
1385 2593 1574 2658 modo
1632 2591 2091 2676 pronunciavit
2145 2589 2302 2654 hae-

340 2685 644 2751 reticum.
702 2682 818 2747 sed
874 2682 1240 2765 exagitavit
1297 2679 1525 2744 multis
1584 2678 1910 2743 atrocibus
1966 2676 2302 2753 conviciis,

340 2780 415 2835 ut
457 2790 579 2853 per
621 2778 827 2834 totam
871 2768 1210 2851 regionem
1254 2765 1483 2831 volitet
1523 2785 1767 2842 rumor,
1826 2783 1948 2828 nos
1991 2784 2031 2827 a
2073 2763 2303 2826 minis-

339 2857 460 2921 tris
507 2854 963 2920 Bernensibus
1008 2873 1125 2937 pro
1171 2851 1519 2918 haereticis
1562 2849 1905 2916 damnatos
1949 2869 2110 2914 esse.
2182 2846 2302 2912 Se-

339 2952 619 3026 qnutum
664 2950 765 3005 est
803 2939 998 3022 paulo
1040 2948 1188 3023 post
1231 2959 1365 3003 non
1411 2938 1628 3002 minus
1682 2935 2035 3001 barbarum
2078 2955 2303 2998 exem-

337 3028 545 3112 plum.
613 3025 783 3091 Nam
829 3046 1030 3109 quum
1069 3024 1151 3089 ad
1188 3022 1563 3108 splendidas
1597 3029 1666 3086 et
1697 3022 1913 3088 lautas
1957 3020 2223 3104 nuptias
2245 3018 2301 3103 ⁴)

340 3135 426 3180 ex
484 3114 693 3180 variis
752 3112 910 3179 locis
966 3113 1178 3177 vocati
1240 3117 1461 3176 essent
1523 3109 1848 3193 hospites,
1919 3130 2003 3174 ex
2067 3107 2303 3190 quibus

340 3210 480 3266 erat
526 3198 796 3284 quidam
841 3209 1107 3264 senator
1150 3197 1331 3262 urbis
1389 3195 1610 3261 huius:
1679 3194 2031 3260 zebedaeus
2073 3201 2303 3259 contra

339 3285 466 3352 Dei
527 3284 1013 3370 providentiam
1079 3283 1463 3360 blatterans‚
1535 3282 1725 3349 ouius
1780 3300 2018 3347 arcano
2073 3278 2302 3343 fraeno

339 3372 671 3448 docemus,
715 3379 793 3435 ut
834 3370 1034 3449 scitis,
1093 3368 1424 3434 diabolum
1475 3377 1545 3434 et
1588 3369 1820 3450 impios
1864 3366 1994 3432 huc
2038 3375 2105 3430 et
2145 3364 2302 3430 illuc

339 3460 540 3538 flecti,
587 3469 664 3522 ut
705 3459 881 3523 iusta
923 3457 1067 3522 eius
1111 3455 1356 3521 iudicia
1398 3461 1864 3537 exsequantur,
1910 3473 2042 3518 non
2087 3449 2298 3516 solum

338 3544 566 3610 odiose
610 3544 682 3607 in
726 3564 846 3609 nos
889 3544 1187 3609 invectus
1231 3550 1350 3619 est,
1390 3540 1506 3606 sed
1539 3540 1781 3606 furiose
1824 3536 2136 3604 clamavit
2177 3556 2300 3601 nos

338 3631 621 3715 papistis
664 3649 806 3695 8888
851 3628 1204 3694 deteriores
1257 3627 1649 3703 haereticos,
1707 3636 1775 3689 et
1815 3624 2072 3707 oblique
2113 3642 2300 3688 sena-

338 3729 483 3782 tum
544 3723 844 3781 nostrum
909 3714 1302 3799 perstrinxit
1357 3711 1530 3797 quod
1591 3732 1711 3777 sua
1753 3710 2102 3775 autoritate
2161 3716 2301 3773 tam

339 3799 795 3868 detestabilem
812 3851 827 3876 ,
896 3811 968 3865 ut
1034 3799 1319 3875 dicebat,
1385 3818 1676 3864 errorem
1743 3805 1993 3881 tegeret
2009 3847 2024 3874 ,
2092 3793 2301 3859 nihilo

337 3889 573 3954 maiori
621 3887 896 3972 dignum
941 3887 1163 3951 favore
1198 3905 1394 3969 quam
1440 3885 1728 3949 missam.
1818 3881 2174 3947 Tractabat
2207 3878 2302 3944 lo·

338 3996 490 4041 cum
537 3973 750 4050 illum,
795 3974 908 4039 ubi
955 3971 1195 4038 diaboli
1240 3993 1280 4036 a
1324 3971 1592 4036 Christo
1639 3977 1896 4053 petunt,
1940 3978 2014 4032 ut
2059 3965 2181 4031 sibi
2228 3965 2301 4029 in

337 4080 693 4145 porcorum
738 4079 1006 4144 gregem
1050 4059 1298 4122 intrare
1356 4056 1726 4141 permittat,
1791 4074 2002 4136 neque
2056 4071 2302 4134 expen-

340 4147 540 4213 debat
582 4146 1002 4229 phreneticus
1056 4143 1230 4228 apud
1286 4143 1536 4209 Lucam
1598 4140 1859 4205 haberi:
1924 4139 2121 4204 Mitte
2179 4156 2303 4201 nos

338 4232 412 4297 in
471 4253 759 4316 gregem.
863 4232 966 4296 En
1028 4252 1145 4296 cur
1210 4238 1414 4295 totam
1471 4228 1776 4293 viciniam
1833 4224 2118 4291 tumultu
2179 4224 2302 4287 im-

384 4319 591 4385 leant.

340 4341 384 4404 P
519 4405 731 4469 Porro
775 4424 1000 4467 eorum
1053 4402 1326 4466 audacia
1369 4401 1575 4466 fretus
1634 4399 1871 4465 nebulo
1924 4396 2034 4461 ille
2083 4395 2302 4460 Hiero-

342 4511 605 4575 nymuS,
667 4490 777 4573 qui
833 4489 1110 4554 Tononii
1171 4487 1451 4562 habitat,
1517 4485 1852 4553 Calvinum
1907 4491 1972 4548 et
2018 4480 2302 4547 haereti-

344 4597 498 4642 cum
545 4586 611 4643 et
654 4575 1119 4641 antichristum
1166 4574 1448 4639 vocitare
1504 4592 1640 4637 non
1701 4570 1973 4635 dubitat.
2065 4568 2190 4632 Est
2231 4566 2303 4629 in

343 4662 629 4728 adversa
671 4663 816 4744 ripa
873 4661 1083 4738 lacus,
1144 4660 1310 4724 alter
1364 4679 1498 4723 non
1555 4656 1924 4732 dissimilis,
1989 4653 2305 4719 Sebastia-

345 4768 475 4814 nus
497 4751 548 4831 ⁸)
609 4748 904 4826 nomine,
958 4746 1070 4829 qui
1128 4766 1262 4810 non
1321 4745 1533 4810 solum
1598 4763 1708 4809 ore
1761 4741 2023 4808 easdem
2083 4744 2306 4821 crepat

343 4853 566 4913 voces,
611 4834 727 4899 sed
773 4833 980 4898 literis
1024 4832 1221 4897 etiam
1270 4832 1633 4898 committit.

558 5022 619 5090 2)
656 5022 916 5091 emporiis
954 5020 1010 5075 S.

557 5090 625 5228 ΞΒ
661 5160 736 5214 Ν.
857 5128 870 5140 ’
915 5200 929 5226 ,
966 5165 1074 5215 not.
1109 5159 1162 5212 6.

561 5229 623 5292 5)
664 5229 805 5284 Cave
839 5228 906 5283 de
944 5227 1268 5284 Castaliam
1302 5227 1514 5296 cogites,
1557 5239 1724 5294 quum
1768 5222 1835 5277 de
1988 5221 2115 5276 dam
2173 5219 2309 5276 Ton-

351 5298 519 5350 nom'i
553 5304 648 5352 aut
683 5299 744 5352 in
777 5299 985 5352 vicinia
1030 5297 1249 5366 degente
1295 5302 1510 5365 agatur.
1583 5292 1780 5346 Potius
1884 5292 2172 5346 anacletum
2211 5306 2307 5344 no·

351 5367 474 5419 tari
506 5366 790 5422 creditum.
867 5367 951 5434 Cf.
986 5367 1436 5434 subscriptionem
1473 5364 1546 5418 N.
1586 5360 1738 5415 1982.

570 5451 790 5506 Galo-‘ui
819 5467 1002 5522 opera.
1085 5452 1196 5507 Vol.
1238 5450 1365 5506 XV.

2073 430 2236 494 1554
2274 426 2602 497 oo'mB.

2559 615 2626 683 N
2625 637 2757 684 unc
2800 614 2987 683 vobis
3028 624 3336 700 reputare
3375 622 3752 701 promptum
3785 623 3890 684 est
3921 639 4119 702 quam
4150 619 4345 686 foeda

2389 708 2460 766 et
2499 703 2769 769 confusa
2808 703 3214 786 perturbatio
3261 704 3507 787 passim
3570 703 3641 767 in
3683 702 3805 771 hac
3848 706 4115 789 regione
4158 725 4344 791 gras-
4412 716 4419 733 ¹

2390 795 2592 868 setur,
2637 796 2879 873 quanta
2966 789 3195 872 apistis
3236 790 3409 855 risus
3441 789 3720 854 materia
3760 791 4167 873 praebeatur,
4211 793 4344 857 imo

2393 875 2658 959 quantis
2698 872 3001 940 ludibriis
3046 875 3417 958 expositum
3473 876 3559 940 sit
3610 896 3872 941 sacrum
3917 875 4170 943 Christi
4224 898 4347 943 no·

2392 981 2566 1026 men.
2658 958 2855 1027 Oerte
2909 959 3157 1026 infirmi
3212 981 3415 1045 prope
3469 980 3693 1026 omnes
3761 959 4104 1029 labascunt
4119 1015 4136 1042 ,
4197 984 4347 1030 cru-

2393 1048 2653 1113 ciantur
2705 1045 3093 1112 mirabiliter
3142 1047 3264 1130 pii,
3322 1045 3647 1112 insultant
3699 1048 3956 1130 profani
4013 1056 4349 1133 contemp-

2395 1138 2601 1211 tores,
2645 1138 2713 1198 et
2753 1131 2972 1215 palam
3030 1132 3293 1216 quidvis
3346 1133 3418 1196 in
3476 1131 3841 1199 doctrinam
3885 1133 4149 1216 pietatis
4194 1155 4349 1202 evo-

2395 1239 2577 1283 mere
2618 1216 2943 1301 intrepide
2986 1218 3244 1283 audent.
3333 1217 3660 1301 Utrinque
3716 1238 3872 1284 vero
3925 1221 4055 1284 iam
4109 1219 4350 1286 bullire

2396 1305 2723 1387 incipiunt
2777 1306 3243 1370 contentiones.
3333 1304 3471 1369 Nos
3526 1325 3801 1387 quorum
3857 1305 4061 1369 animi
4116 1326 4155 1370 a
4208 1305 4355 1371 vio-

2396 1390 2598 1455 lentis
2649 1388 2953 1455 remediis
3006 1390 3394 1469 abhorrent,
3462 1390 3631 1455 nihil
3686 1390 3863 1457 factu
3919 1391 4155 1456 melius
4215 1390 4357 1457 fore

2398 1476 2776 1543 censuimus
2869 1496 3066 1559 quam
3153 1476 3371 1541 delata
3462 1474 3545 1540 ad
3637 1474 3960 1541 Senatum
4053 1485 4353 1543 vestrum

2399 1561 2810 1645 querimonia
2902 1560 3284 1645 suppliciter
3367 1570 3587 1644 petere
3685 1571 3758 1627 ut
3858 1561 4056 1627 fidem
4159 1582 4355 1628 suam

2399 1647 2507 1714 his
2550 1647 2742 1713 malis
2786 1648 3187 1733 corrigendis
3227 1649 3644 1730 interponere
3679 1670 3762 1714 ne
3796 1656 4125 1731 gravetur.
4192 1647 4355 1714 an-

2400 1741 2616 1799 terum
2662 1734 2816 1816 quia
2859 1732 3021 1798 haec
3065 1733 3247 1799 vobis
3290 1753 3543 1817 quoque
3588 1735 3951 1800 communis
3994 1742 4094 1800 est
4136 1754 4351 1813 causa,

2401 1820 2669 1884 initium
2713 1840 2753 1884 a
2796 1818 2980 1885 vobis
3022 1820 3236 1885 facere
3281 1820 3499 1885 visum
3543 1828 3644 1885 est
3666 1871 3681 1898 ,
3741 1828 3817 1884 ut
3872 1842 3989 1885 nos
4045 1820 4114 1886 in
4157 1839 4356 1886 causa

2402 1904 2737 1970 communi
2803 1911 3022 1971 vestro
3100 1906 3461 1988 patrocinio
3536 1906 3794 1972 iuvetis.
3902 1904 4094 1986 Quod
4161 1905 4357 1973 sicuti

2404 1991 2873 2074 aequissimum
2917 1999 3034 2071 est,
3086 1993 3182 2056 ita
3223 2011 3341 2057 vos
3383 2012 3517 2056 non
3575 1989 3767 2056 modo
3825 1999 4060 2076 sponte
4117 1991 4232 2058 sed
4275 1991 4359 2056 li-

2402 2077 2637 2143 benter
2680 2097 2934 2161 quoque
2978 2078 3262 2143 facturos
3305 2077 3710 2143 confidimus.
3802 2076 3973 2143 Nam
4029 2078 4084 2143 si
4129 2077 4358 2143 absur-

2404 2162 2563 2228 dum
2607 2163 2793 2243 foret,
2838 2183 2960 2228 vos
3003 2162 3270 2228 aliunde
3313 2163 3700 2241 admonitos,
3757 2163 3867 2229 vel
3910 2164 4095 2231 nobis
4137 2172 4360 2229 tacen-

2406 2248 2611 2327 tibus,
2671 2247 2975 2314 sedandis
3033 2250 3274 2315 talibus
3339 2249 3550 2314 turbis
3606 2268 3870 2332 operam
3915 2271 4047 2314 non
4103 2250 4361 2334 impen-

2408 2334 2562 2401 dere
2579 2384 2595 2412 ‚
2639 2333 2793 2418 quid
2838 2356 3015 2401 nunc
3071 2357 3111 2399 a
3167 2335 3353 2401 nobis
3410 2343 3675 2419 rogatos
3729 2346 3795 2399 et
3836 2356 3957 2419 per
3999 2336 4361 2401 fraternam

2451 2440 2573 2486 uae
2617 2421 2805 2486 nobis
2843 2422 2914 2485 in
2961 2419 3229 2486 Christo
3274 2429 3376 2485 est
3417 2421 3942 2487 coniunctionem
3984 2422 4361 2488 observatos

2405 2444 2621 2573 §acere
2664 2506 3013 2572 convenit?
3081 2505 3496 2590 Quamquam
3540 2527 3668 2571 non
3714 2506 3892 2571 aliud
3936 2528 3975 2571 a
4022 2507 4205 2573 vobis
4246 2528 4362 2590 po-

2409 2593 2612 2657 timus
2668 2593 2797 2657 nisi
2857 2599 2932 2657 ut
2964 2592 3247 2675 aliquem
3306 2614 3510 2657 unum
3567 2615 3648 2657 ex
3710 2592 3897 2658 vobis
3956 2602 4362 2678 symmystae

2407 2687 2631 2744 nostro
2690 2676 2924 2744 ducem
2978 2677 3267 2762 eligatis,
3325 2698 3365 2742 a
3418 2699 3545 2762 quo
3599 2679 3665 2742 in
3721 2679 3974 2743 curiam
4040 2678 4363 2744 deductus

2405 2763 2661 2831 facilem
2708 2762 3111 2830 audientiam
3152 2764 3479 2846 impetret,
3525 2765 3683 2829 dum
3728 2764 4127 2829 clarissimus
4171 2783 4363 2830 sena-

2405 2858 2513 2916 tus
2556 2857 2779 2915 vester
2820 2870 2961 2914 rem
3005 2850 3192 2915 vobis
3244 2849 3576 2934 intelligat
3616 2848 3793 2915 cordi
3850 2870 4011 2915 8888.
4099 2849 4358 2929 Valete‚

2405 2935 2639 3020 optimi
2696 2944 2765 3000 et
2819 2934 3177 3001 venerandi
3236 2936 3488 3001 fratres.
3579 2935 3903 3002 Dominus
3948 2957 4063 3000 vos
4121 2935 4359 3019 spiritu

2405 3043 2524 3089 suo
2566 3030 2755 3107 regat
2797 3030 2866 3088 et
2909 3021 3153 3088 virtute
3195 3021 3518 3088 sustineat
3559 3043 3763 3105 usque
3805 3021 3872 3086 in
3918 3022 4138 3087 finem.
4221 3020 4358 3087 Ge-

2405 3129 2611 3176 nevae
2652 3107 2858 3192 pridie
2902 3128 3109 3175 nonas
3153 3107 3460 3176 Octobris
3508 3114 3690 3173 1554.

2711 3263 2985 3330 Fratres
3021 3271 3090 3328 et
3127 3270 3528 3349 symmystae
3565 3262 3772 3330 vestri
3795 3262 4209 3330 Genevensis
4252 3282 4359 3331 ec-

2858 3348 3093 3416 clesiae
3135 3356 3430 3433 pastores
3451 3351 3501 3430 ⁰)

3429 3485 3712 3549 Ioannes
3758 3483 4093 3552 Calvinus.

3437 3569 3687 3635 Abelus
3725 3569 4084 3651 Poupinus.

3434 3655 3832 3722 Francisous
3874 3655 4313 3741 Bourgoinus.

3431 3739 3840 3806 Raimondus
3884 3740 4216 3808 Ualvetus.

3431 3824 3719 3892 Michael
3761 3825 3999 3909 Oopus.

3432 3931 3473 3976 a
3507 3911 3750 3977 Sancto
3795 3910 4077 3979 Andrea.

3429 3998 3521 4064 Io.
3560 3998 3794 4064 Faber.

3196 4309 3601 4318 ..Ἣ-

3287 4560 3484 4632 2⁰24.

2925 4715 3331 4782 VIRE'I'US
3368 4711 3829 4780 PARELLO.

2588 4890 2913 4957 Nonnulla
2969 4887 3147 4954 habet
3199 4887 3277 4953 de
3329 4887 3551 4951 itinere
3607 4904 3808 4966 nuper
3857 4882 4168 4950 Genevam
4217 4903 4360 4953 sus-

2409 4985 2578 5062 cepto
2591 5029 2606 5057 ,
2662 4979 2740 5044 de
2782 4994 2977 5043 causa
3020 4973 3231 5039 Bonae
3273 4976 3482 5038 contra
3533 4969 3983 5054 typoyraphum
4025 4971 4359 5056 quendam,

2409 5067 2488 5132 de
2528 5064 2787 5132 consilio
2831 5062 2917 5128 ad
2963 5060 3191 5144 Reyem
3231 5057 3538 5125 scribendi
3581 5061 3685 5122 etc.

2619 5355 2678 5420 6)
2722 5353 3158 5422 Subscriptiones
3190 5350 3439 5419 amulae
3471 5364 3641 5403 manu
3672 5350 3951 5485 propr-iai?
