4850 6200
463 393 586 455 687

462 578 574 662 qui
629 577 868 643 nudius
921 578 1156 643 tertius
1211 587 1441 661 captus
1484 585 1603 656 est,
1649 579 1881 661 incipit
1923 578 2166 643 diserte
2209 576 2403 660 loqui.

463 664 597 730 Sed
639 664 807 729 nihil
847 663 1061 728 adhuc
1102 665 1265 729 certi
1308 664 1654 747 perscribo,
1711 666 1836 729 nisi
1881 663 2050 746 quod
2095 685 2178 727 ex
2237 665 2406 746 epis·

461 751 599 815 tola
641 749 724 814 ad
769 748 1160 814 Blaurerum
1202 749 1430 825 disces,
1476 771 1641 833 quae
1685 750 1800 815 tibi
1846 749 2121 814 antehac
2164 770 2408 832 magna

463 857 549 900 ex
592 844 781 919 parte
823 848 979 900 nota
1013 850 1219 900 erant.
1292 834 1478 911 Vale,
1522 837 1725 900 frater
1764 836 2202 919 integerrime.
2270 834 2405 899 Do-

464 923 686 986 minus
731 921 849 985 tibi
890 943 1148 1003 semper
1190 921 1364 985 adsit
1422 932 1615 1004 teque
1668 932 1890 987 servet
1932 941 2006 986 ac
2050 920 2404 986 benedicat.

466 1006 550 1071 D.
599 1005 1000 1090 praefectum
1044 1007 1299 1072 salvere
1341 1007 1530 1090 cupio
1573 1017 1640 1071 et
1683 1007 1963 1090 reliquos
2006 1007 2268 1086 amicos,
2313 1007 2409 1070 in-

466 1095 699 1177 primis
746 1092 1254 1175 Christophomm
1297 1103 1364 1156 et
1400 1091 1818 1158 Maturinum.
1888 1093 2128 1171 Nostri,
2175 1091 2409 1175 quibus

464 1179 740 1245 salutem
777 1179 917 1242 dixi
952 1189 1066 1243 tuo
1103 1178 1382 1252 nomine,
1421 1189 1486 1244 te
1521 1179 1898 1256 resalutant,
1924 1177 2197 1255 Budaei,
2239 1178 2410 1242 Nor·

463 1266 778 1343 mundius,
838 1264 1146 1341 TricciuS,
1204 1266 1406 1329 frater
1457 1285 1658 1329 meus.
1750 1264 2060 1330 Genevae
2114 1271 2207 1327 16.
2254 1262 2410 1328 Iulii

467 1351 547 1415 de
592 1361 779 1416 nocte
831 1355 1011 1414 1555.

1378 1487 1655 1551 Ioannes
1702 1485 2022 1552 Calvinus
2066 1496 2236 1551 tuus.

635 1694 859 1760 Unum
916 1693 1079 1757 mihi
1139 1690 1486 1768 exciderat,
1553 1693 1679 1757 nisi
1738 1691 1907 1757 forte
1956 1692 2232 1757 antehac
2290 1693 2411 1758 tibi

468 1781 1024 1867 significaveram,
1083 1778 1535 1843 Melantkonem
1589 1780 1936 1861 postremis
1993 1778 2201 1843 literis
2244 1778 2409 1843 mihi

466 1866 712 1943 testari,
757 1886 827 1929 se
870 1865 1154 1947 ingenue
1197 1865 1437 1945 absque
1478 1865 1902 1947 ambiguitate
1946 1886 2017 1929 se
2038 1868 2071 1902 *
2114 1863 2407 1947 proditu-

466 1973 611 2015 rum
658 1950 813 2032 quid
859 1948 939 2014 de
983 1952 1406 2015 sacramentis
1454 1951 1706 2015 sentiat.

1337 2477 1535 2547 2246.

959 2633 1429 2699 OALVINUS
1478 2632 1912 2699 STURMIO.

640 2805 1034 2871 Commendat
1076 2806 1135 2870 ei
1182 2804 1598 2871 Francis-cum
1645 2805 2066 2871 Hotomanum
2108 2806 2409 2889 Arymto-

463 2898 672 2959 mtum
706 2897 1025 2973 petentem.

467 3066 578 3129 (Ex
632 3062 969 3133 autographo
1023 3062 1164 3116 Bibl.
1218 3062 1644 3126 Hamburgensis
1702 3062 1794 3115 ubi
1865 3069 2173 3117 asservatur
2225 3062 2407 3118 Codex

463 3135 812 3201 epistolarum
850 3150 882 3183 a
917 3131 1185 3200 theologis
1221 3133 1367 3185 Saec.
1398 3130 1548 3183 XVI.
1585 3132 1909 3200 scriptarum
1944 3133 2186 3201 signatus
2222 3133 2289 3185 N.
2320 3133 2405 3190 61.

464 3202 558 3270 qui
606 3201 847 3254 continet
894 3199 996 3251 122
1042 3217 1166 3269 epp.
1214 3200 1405 3253 ordine
1450 3200 1828 3269 chronologico
1875 3201 2183 3270 dispositus.
2256 3202 2407 3256 Haec

464 3277 655 3323 nostra
689 3277 775 3324 est
819 3270 1266 3338 quinquagesima
1312 3277 1521 3338 quarta.
1592 3268 1667 3322 cf.
1703 3270 1901 3322 librum
1937 3271 2031 3339 qui
2065 3271 2404 3324 inscribitur:

465 3338 798 3407 Conspectus
833 3338 1222 3407 suppellectilis
1240 3338 1551 3406 epistolicae
1578 3347 1636 3390 et
1668 3338 1943 3391 literariae
1960 3356 2122 3392 mann
2152 3347 2406 3393 exaratae

641 3424 777 3474 quae
812 3413 995 3459 exstat
1028 3424 1111 3475 ap.
1149 3408 1202 3460 J.
1239 3406 1373 3475 Cpb.
1410 3405 1678 3459 Wolfium.
1750 3406 1946 3461 Hamb.
1984 3406 2134 3460 1736.
2171 3407 2246 3472 8.)

467 3578 903 3644 Ornatissimo
947 3578 1089 3643 viro
1145 3588 1212 3643 et
1266 3578 1428 3642 mihi
1486 3578 1714 3643 multis
1767 3579 2143 3645 nominibus
2203 3580 2406 3645 hono-

827 3663 1032 3728 rando
1076 3665 1284 3728 amico
1330 3664 1414 3727 D.
1450 3663 1682 3728 Ioanni
1727 3662 2042 3729 Sturmio.

638 3834 707 3901 S.
796 3834 926 3901 Ubi
991 3837 1259 3919 propius
1339 3836 1458 3900 tibi
1535 3837 1896 3902 innotuerit
1972 3837 2079 3904 hic
2161 3838 2406 3904 amicus

465 3931 707 3998 noster,
753 3922 963 4005 magis
1008 3922 1149 4001 tibi,
1207 3931 1283 3986 ut
1321 3943 1530 4005 spero,
1586 3923 1727 3987 eius
1769 3923 2105 4006 ingenium
2149 3933 2217 3988 et
2258 3945 2406 3991 eru-

463 4007 622 4072 ditio
688 4006 1035 4090 placebunt
1093 4029 1287 4089 quam
1356 4018 1427 4071 ut
1484 4029 1633 4074 mea
1688 4009 2247 4076 commendatione
2304 4012 2407 4075 in-

462 4092 700 4176 digeat.
768 4092 827 4156 N
833 4115 958 4159 unc
995 4112 1169 4166 vero,
1212 4114 1299 4158 ne
1342 4094 1604 4177 ignotus
1642 4093 1725 4158 ad
1769 4107 1834 4158 te
1867 4095 2221 4174 accederet,
2262 4097 2409 4162 sine

460 4180 626 4243 meis
670 4179 877 4242 literis
919 4200 1071 4243 eum
1108 4179 1434 4244 dimittere
1479 4180 1679 4246 nolui.
1750 4181 1935 4246 Fieri
1968 4180 2229 4265 quidem
2264 4193 2407 4266 pot-

461 4277 565 4329 est
621 4274 695 4329 ut
748 4285 989 4328 nomen
1051 4263 1370 4330 audieris:
1437 4266 1629 4349 idque
1692 4267 2024 4350 probabile
2083 4277 2201 4333 est.
2290 4268 2410 4334 Est

460 4351 854 4416 Franciscus
892 4348 1339 4427 Romaanus,
1381 4352 1493 4434 qui
1526 4352 1659 4417 iam
1696 4353 2252 4420 lucubrationibus
2288 4354 2407 4418 ali-

458 4451 617 4519 quot
683 4456 813 4501 nou
880 4436 1344 4517 poenitendum
1410 4439 1741 4521 specimen
1795 4439 2209 4525 elegantioris
2264 4439 2409 4507 doc-

461 4524 676 4587 trinae
719 4520 939 4586 edidit.
970 4522 1016 4601 ¹)
1106 4519 1240 4587 Sed
1285 4544 1370 4588 ne
1428 4523 1592 4589 forte
1636 4524 2068 4604 erubesceret,
2125 4526 2183 4590 si
2239 4525 2407 4589 forte

461 4609 743 4692 negotiis
781 4608 1115 4673 districtus
1150 4630 1301 4673 eum
1322 4610 1535 4693 primo
1579 4632 1931 4696 congressu
1952 4611 2174 4676 minus
2213 4610 2406 4676 fami-

457 4695 711 4760 liariter
767 4695 1098 4777 exciperes
1113 4745 1128 4768 ,
1185 4693 1435 4759 aditum
1477 4698 1841 4779 patefacere
1894 4696 2093 4763 volui.
2180 4694 2405 4777 Quum

460 4781 711 4862 pridem
758 4801 994 4863 magno
1038 4781 1137 4845 tui
1186 4778 1443 4846 videndi
1489 4782 1809 4849 desiderio
1851 4786 2182 4868 flagraret,
2227 4804 2404 4848 nune

464 5032 733 5098 md)
770 5035 903 5090 Post.
943 5037 1114 5104 plura
1158 5038 1369 5106 scripta
1414 5038 1654 5093 iun-idion
1709 5036 1960 5091 ediderat
2006 5053 2062 5092 a.
2109 5035 2275 5091 1554.-
2325 5038 2405 5091 De

462 5112 609 5159 statu
662 5104 969 5171 primitivae
1032 5107 1290 5160 ecelesiae
1342 5106 1563 5176 eiusque
1624 5107 1944 5160 sacerdotiis
1994 5113 2087 5161 etc.
2140 5113 2191 5162 et
2240 5104 2407 5160 1554.-

464 5171 764 5225 Oomment.
802 5175 855 5226 in
894 5176 1187 5229 nobiliores
1224 5175 1296 5227 Μ.
1316 5175 1376 5228 Τ.
1402 5176 1675 5229 Ciceronis
1710 5176 2004 5243 orationes,
2042 5193 2135 5228 eas
2169 5177 2404 5231 maxime

463 5257 618 5377 ῗῖἰιοῶ
656 5243 1023 5376 (ἒαιωὶἰῗιιειιι
1075 5245 1312 5313 aliquam
1378 5244 1511 5299 iuris
1561 5245 1736 5298 civilis
1787 5246 2049 5314 insignem
2104 5246 2398 5299 continent.

1967 387 2490 455 EPIS'POLAE
2536 392 2962 453 2245—2248

4334 392 4460 454 688

2508 588 2585 642 ut
2627 578 2800 643 vires
2843 599 2928 642 ex
2969 576 3279 643 diuturno
3323 575 3547 643 morbo
3592 577 3938 660 languidas
3993 578 4293 645 reficeret
4335 578 4460 645 hac

2510 663 2847 729 occasione
2906 663 3138 745 cupide
3197 685 3353 729 usus
3410 676 3529 728 est.
3617 662 3804 728 Haec
3847 663 4073 729 eadem
4130 685 4460 729 commen·

2511 749 2687 814 datio
2748 749 2920 832 apud
2979 750 3060 814 D.
3111 749 3365 815 Petrum
3411 748 3778 831 martyrem,
3840 749 3920 813 D.
3973 749 4346 815 Sleidamm
4393 760 4461 813 et

2511 835 2760 901 similes
2795 835 3055 913 valebit,
3092 857 3252 919 quos
3285 856 3406 919 ego
3442 833 3699 900 salvere
3735 837 3942 917 cupio.
4013 834 4204 916 Quod
4240 847 4458 900 autem

2512 919 2598 985 ad
2640 941 2750 985 eos
2792 942 2924 985 non
2967 919 3177 987 scribo
3220 922 3470 987 dabunt
3512 920 3805 984 veniam:
3852 922 4020 1003 quia,
4067 921 4222 985 dum
4273 920 4459 986 Hoto-

2511 1028 2741 1072 manus
2776 1005 2856 1070 de
2901 1028 3020 1072 sua
3056 1006 3138 1071 ad
3172 1028 3292 1072 vos
3337 1008 3733 1090 profectione
3770 1027 3875 1071 me
3910 1008 4250 1072 certiorem
4285 1007 4459 1083 fecit,

2513 1092 2678 1157 mihi
2713 1092 3038 1159 scribendi
3073 1091 3280 1158 defuit
3300 1094 3768 1176 opportunitas.
3824 1092 4012 1168 Vale,
4050 1093 4460 1158 ornatissime

2513 1180 2620 1243 vir
2663 1192 2728 1243 et
2771 1178 2936 1242 mihi
2981 1178 3335 1262 plurimum
3370 1175 3762 1243 honorande.
3829 1176 4159 1244 Dominus
4201 1198 4461 1260 semper

2515 1264 2635 1330 tibi
2678 1263 2851 1330 adsit
2893 1276 3083 1348 teque
3118 1267 3456 1349 gubernet.
3525 1269 3758 1329 Amen.
3817 1263 4131 1329 Genevae
4173 1267 4268 1328 16.
4302 1264 4462 1329 Iulii

3429 1486 3709 1550 Ioannes
3753 1485 4072 1552 Calvinus
4113 1496 4287 1551 tuus.

3391 1997 3586 2065 2247.

3031 2149 3434 2216 VIRETUS
3481 2150 3940 2219 FARELLO.

2692 2323 2940 2389 Geneva
3015 2323 3215 2387 redux
3292 2324 3590 2388 nonnulla
3669 2325 3862 2387 tradit
3937 2325 4012 2388 de
4084 2327 4255 2390 exitu
4318 2347 4461 2392 con·

2515 2409 2866 2474 iurationis.

2516 2581 2628 2641 (Ex
2676 2598 2742 2633 au
2903 2580 3011 2645 pho
3057 2580 3199 2632 Bibl.
3248 2587 3527 2647 pastorum
3565 2580 4032 2648 Neocomensium,
4079 2584 4222 2651 Epp.
4261 2583 4460 2647 Vireti,

2515 2651 2720 2703 Fascio.
2757 2650 2783 2702 1
2848 2691 2860 2703 .
2895 2648 2962 2705 N.
3004 2648 3081 2700 14.
3151 2649 3445 2718 Exemplar
3493 2650 3546 2701 in
3583 2653 3824 2718 margine
3860 2668 4105 2705 ari-osum
4143 2656 4458 2719 vetustate.)

2683 2822 2947 2885 Eximio
3013 2820 3265 2886 Christi
3328 2841 3519 2885 servo
3585 2821 3941 2887 Guilielmo
4005 2823 4266 2888 Farello
4329 2824 4462 2889 fido

2514 2906 2974 2972 Neocomensis
3033 2905 3342 2973 ecclesiae
3400 2909 3644 2990 pastori
3699 2907 3871 2990 patri
3924 2928 4042 2974 suo
4102 2909 4462 2992 plurimum

2515 2993 2906 3058 venerando.

3958 3080 4020 3145 N
4021 3082 4286 3147 eocomi.

2683 3251 2753 3317 S.
2823 3251 2988 3316 Heri
3023 3251 3300 3316 Genava
3343 3250 3507 3315 redii
3552 3252 3666 3316 ubi
3709 3261 3877 3316 totos
3919 3261 4063 3318 octo
4097 3253 4235 3319 dies
4277 3275 4456 3320 com-

2512 3348 2810 3402 moratus
2865 3358 3030 3402 sum.
3117 3337 3415 3403 Ecclesia
3476 3349 3578 3402 est
3640 3337 4070 3420 pacatissima.
4159 3340 4264 3404 Ex
4324 3362 4453 3423 quo

2511 3424 2728 3489 abiisti
2768 3443 2963 3487 nemo
3007 3421 3176 3488 alius
3218 3432 3319 3487 est
3360 3423 3432 3486 in
3476 3443 3803 3489 carcerem
3837 3426 4161 3490 coniectus
4194 3438 4456 3508 praeter

2511 3530 2719 3573 unum
2742 3508 3190 3586 Bertilkrium,
3236 3508 3351 3590 qui
3384 3509 3683 3591 proximo
3718 3508 3823 3574 die
3858 3510 4181 3576 dominico
4223 3522 4453 3594 captus

2510 3605 2628 3670 est,
2659 3599 2710 3676 ¹)
2754 3616 2886 3659 non
2929 3603 3148 3659 autem
3190 3594 3303 3659 ille
3346 3595 3457 3678 qui
3501 3594 3754 3659 tamdiu
3795 3596 3969 3660 vixit
4008 3598 4454 3663 excommuni-

2511 3693 2712 3758 catus,
2759 3680 2875 3745 sed
2910 3681 3049 3744 eius
3090 3680 3295 3744 frater
3328 3681 3437 3762 qui
3476 3691 3775 3747 monetae
3808 3681 4228 3748 excudendas
4263 3704 4452 3766 prae-

2511 3779 2670 3831 erat.
2761 3767 2949 3831 Alter
2974 3768 3029 3841 ²)
3084 3766 3165 3830 ab
3209 3766 3372 3830 urbe
3423 3765 3728 3850 profugit.
3818 3765 3997 3833 Sunt
4045 3777 4286 3834 nautae
4330 3770 4453 3834 ali·

2511 3863 2666 3935 quot
2706 3850 3078 3939 pr[ehensv].
3146 3850 3300 3916 Duo
3340 3851 3440 3916 illi
3481 3854 3594 3934 qui
3636 3854 3768 3918 iam
3802 3857 3974 3936 eapti
4017 3865 4211 3920 erant
4251 3877 4452 3938 quum

2510 3939 2648 4005 illic
2690 3961 2883 4014 esses,
2930 3959 3166 4021 nempe
3213 3937 3526 4004 Claudius
3571 3938 3682 4004 ille
3724 3940 3833 4020 qui
3877 3939 3940 4003 N
3946 3937 4186 4027 [otk]us
4229 3940 4453 4006 Gene-

2512 4028 2736 4089 vensis
2780 4024 3129 4100 dicebatur,
3148 4028 3206 4100 ⁸)
3253 4037 3320 4088 et
3360 4025 3499 4090 eius
3554 4025 3756 4089 frater
3798 4025 3903 4090 cui
3946 4046 4308 4109 cognomen
4351 4037 4454 4091 est

2513 4110 2744 4193 pilloso
2766 4116 2819 4191 θ,
2879 4110 3093 4176 adhuc
3148 4112 3216 4174 in
3275 4131 3532 4176 carcere
3589 4107 4019 4197 ἁμίππων]
4107 4112 4253 4195 Ego
4311 4111 4459 4177 illos

2513 4218 2660 4262 eum
2722 4195 2980 4262 Calvino
3035 4196 3267 4274 invisi,
3334 4211 3781 4280 rogaruntque
3841 4209 3913 4261 ut
3977 4210 4042 4261 te
4098 4198 4462 4280 plurimum

2511 4485 2779 4550 22421)
2814 4502 2942 4555 erqo
2973 4487 3155 4554 pridie
3185 4486 3320 4539 Idus
3396 4485 3595 4552 Galiffe
3629 4503 3756 4542 vero
3778 4486 3942 4542 dicit.-
3974 4487 4020 4541 n
4057 4505 4124 4541 ne
4159 4488 4242 4541 fut
4275 4488 4456 4541 art-ete

2510 4553 2966 4678 ewam
2995 4557 3116 4679 ‘⁸22
3130 4557 3190 4677 ¹2
3217 4555 3416 4677 {2⁸⁰⁰
3432 4572 3524 4676 a?
3555 4571 3634 4677 313³
3635 4563 4092 4692 “2⁸¹¹2m...⁸⁸
3941 4557 4458 4682 mmmmm.

2640 4643 2676 4678 n
2993 4643 3046 4677 m
3118 4643 3154 4678 n
3628 4643 3733 4678 ns.

2510 4694 2813 4749 maiestatis
2856 4700 2905 4747 et
2947 4693 3093 4763 quod
3137 4640 3467 4762 lazidempoin
3508 4691 3728 4747 Gallum
3810 4694 4045 4749 tuendam
4089 4696 4273 4750 iecerit
4313 4710 4458 4765 quae

2511 4763 2771 4816 tumultus
2805 4763 2958 4831 oriqo
2990 4762 3116 4829 fait.
3189 4760 3506 4826 (Bonivoed
3541 4761 3659 4817 13⁷.
3698 4711 3835 4823 143.)

2715 4832 2777 4894 2)
2818 4830 3012 4885 Senior
3057 4834 3232 4893 frater
3278 4830 3610 4885 Pha-'barm
3659 4831 3927 4900 postridie
3973 4832 4174 4887 Nonas
4215 4833 4459 4901 Aaou&

2509 4903 2707 4956 absens
2738 4902 2939 4968 eapitis
2969 4899 3265 4955 donnana
3291 4899 3421 4967 fuit.

2714 4969 2769 5036 3)
2808 4968 2885 5023 N.
2930 4967 3071 5022 2245
3144 4976 3252 5024 not.
3296 4966 3348 5022 2.
3389 4996 3447 5007 -—
3497 4968 3668 5024 Pater
3713 4975 3832 5025 erat
3873 4970 4052 5024 Jehau
4099 4970 4167 5022 de
4213 4969 4450 5034 Geneve,

2509 5039 2804 5092 chastelain
2841 5039 2909 5091 de
2944 5010 3209 5094 Gentliod.
3283 5037 3432 5092 Erat
3473 5039 3606 5094 haec
3649 5040 3847 5107 spuria
3960 5041 4174 5106 offendes
4216 5046 4452 5116 oemunt

2507 5107 2757 5162 comitum·
2797 5106 3203 5163 ammanium.
3275 5106 3426 5161 Huic
3458 5108 3621 5162 alteri
3650 5123 3830 5175 poena
3989 5113 4078 5162 eta
4120 5107 4233 5171 fuit
4263 5125 4296 5160 a
4330 5109 4450 5161 stre

2506 5175 2713 5230 fonette
2749 5176 3000 5246 jusqu'au
3041 5194 3176 5246 sang
3210 5182 3268 5229 et
3301 5174 3335 5229 a
3378 5176 3578 5246 garder
3623 5177 3704 5231 les
3738 5178 3915 5230 strete
3959 5176 4284 5246 perpetuale,
4317 5175 4452 5231 c’est

2506 5245 2540 5299 a
2572 5245 2693 5299 dire
2731 5245 2766 5298 a
2800 5262 2869 5299 ne
2915 5262 3012 5315 pas
3048 5247 3255 5315 quitter
3299 5245 3354 5298 la
3398 5247 3528 5299 ville
3574 5262 3699 5298 sans
3749 5246 4072 5316 permission
4119 5261 4245 5299 eous
4285 5246 4451 5314 peine

2504 5315 2573 5369 de
2607 5323 2768 5369 mort.
2839 5314 3068 5382 (Galiffe
3101 5313 3246 5382 110.)
