4850 6200
526 412 598 474 11

692 596 956 663 Eximio
1007 596 1159 663 Iesu
1212 595 1464 663 Christi
1521 617 1716 662 servo
1759 594 1844 661 D.
1892 595 2127 662 Ioanni
2188 593 2469 663 Calvino

519 682 934 751 Genevensis
991 682 1300 749 ecclesiae
1357 682 1607 764 pastori
1663 681 1857 748 fiatri
1929 689 1998 748 et
2063 691 2470 767 symmystae

517 769 1044 837 coniunctissimo

1956 853 2292 921 Genevae.

690 992 761 1060 S.
828 994 1157 1076 Exspecto
1180 990 1400 1059 Orbas
1435 990 1794 1058 adventum
1827 991 2193 1077 legatorum
2231 993 2471 1057 utrius-

518 1100 643 1163 que
687 1080 887 1157 urbis,
940 1099 1102 1162 quos
1145 1078 1229 1144 ad
1272 1077 1647 1162 proximum
1693 1075 2093 1145 dominicum
2138 1074 2311 1143 diem
2354 1075 2468 1142 ad-

519 1176 833 1232 venturos
880 1165 1262 1231 nunciatum
1317 1174 1420 1229 est
1434 1214 1450 1241 ‚
1504 1174 1583 1228 ut
1633 1174 1894 1247 postero
1951 1163 2058 1230 die
2099 1162 2470 1230 habeantur

517 1250 778 1317 comitia
835 1250 919 1316 ad
991 1249 1265 1317 missam
1339 1248 1803 1334 suffragiorum
1876 1251 2125 1316 maiore
2189 1269 2467 1315 numero

517 1335 971 1421 ablegandam.
996 1340 1047 1411 ι)
1120 1333 1395 1420 Optima
1416 1356 1565 1419 spes
1602 1346 1701 1401 est
1722 1334 1803 1401 de
1847 1356 2172 1404 successu.
2240 1334 2468 1401 Nostri

516 1422 726 1488 multo
771 1421 992 1506 plures
1035 1430 1194 1488 sunt
1235 1430 1304 1487 et
1337 1422 1582 1504 optime
1625 1442 1852 1487 omnes
1886 1422 2261 1506 comparati.
2326 1420 2466 1487 Ad-

518 1509 795 1574 versarii
851 1530 973 1573 con
1018 1508 1251 1572 uirunt
1322 1506 1756 1590 undecunque
1813 1507 2087 1583 auxilia,
2160 1505 2276 1574 sed
2333 1529 2465 1573 non

515 1604 820 1677 speratur
855 1613 999 1658 mor
1043 1614 1119 1659 us
1153 1592 1497 1659 sanabilis:
1536 1613 1746 1676 neque
1769 1615 1886 1659 nos
1908 1615 2213 1678 prorsum
2236 1614 2465 1659 eorum

514 1680 725 1747 latent
765 1678 912 1745 doli.
978 1677 1157 1746 Urbs
1190 1677 1305 1744 illa
1323 1679 1380 1761 ²)
1426 1699 1627 1761 penes
1663 1700 1863 1763 quam
1896 1700 2073 1745 nunc
2107 1691 2208 1746 est
2242 1700 2466 1745 rerum

515 1786 775 1832 summa
817 1776 885 1832 et
927 1785 1233 1849 suprema
1276 1774 1582 1847 potestas,
1627 1766 1813 1831 cuius
1848 1775 1992 1831 erat
2024 1765 2313 1832 indicere
2357 1786 2465 1831 eo·

513 1853 720 1917 mitiis
783 1848 988 1929 diem,
1069 1849 1250 1917 nullo
1316 1847 1385 1914 id
1440 1850 1678 1917 indicio
1743 1852 1986 1917 nostris
2049 1852 2464 1937 significavit,

513 1939 825 2003 nimirum
859 1948 937 2003 ut
972 1938 1191 2003 minus
1226 1936 1652 2002 inveniantur
1686 1938 1912 2021 parati.
1975 1938 2154 2004 Satis
2192 1938 2465 2003 fortasse

515 2022 781 2099 habuit,
848 2022 915 2088 id
972 2023 1191 2107 ipsum
1247 2024 1387 2088 suis
1442 2022 1782 2090 indicasse.
1883 2023 2019 2089 Sed
2077 2022 2342 2089 aliunde
2396 2021 2467 2088 id

513 2109 705 2175 nobis
748 2110 1187 2192 significatum
1232 2120 1349 2174 est.
1438 2108 1621 2176 Haec
1674 2120 1740 2175 te
1795 2110 1975 2175 nolui
2019 2111 2342 2193 ignorare,
2389 2122 2466 2175 ut

514 2204 587 2259 tu
629 2216 777 2261 cum
821 2194 1092 2262 ecclesia
1134 2196 1305 2261 hanc
1350 2206 1555 2260 totam
1598 2216 1882 2273 causam,
1941 2216 2105 2279 quae
2147 2206 2322 2261 certe
2365 2208 2466 2261 est

512 2282 737 2365 magni
816 2282 1161 2359 momenti,
1246 2282 1390 2347 Deo
1468 2279 1897 2349 commendes.
2007 2280 2322 2348 Salutant
2398 2296 2465 2346 te

516 2366 847 2445 RoberluS,
868 2372 924 2437 Β)
1002 2367 1197 2433 huius
1270 2366 1578 2433 ecclesiae
1640 2368 1966 2445 minister,
2043 2380 2111 2433 et
2174 2368 2463 2433 seniores

514 2474 760 2519 omnes.
852 2451 1082 2529 Come-3,
1101 2457 1158 2523 ⁴)
1204 2451 1814 2531 Grandissonensis,
1860 2455 2045 2522 iussu
2090 2453 2463 2538 principum

512 2538 641 2605 alio
663 2540 1090 2606 transfertur:
1127 2540 1406 2622 scriptae
1429 2549 1588 2604 sunt
1607 2540 1785 2605 enim
1808 2540 2035 2607 literae
2057 2540 2141 2606 ad
2163 2539 2459 2616 classem,

511 2638 586 2691 ut
627 2648 703 2692 eo
749 2623 899 2691 inde
943 2636 1230 2703 evocato,
1290 2624 1460 2691 alius
1503 2625 1562 2690 ei
1607 2624 2116 2694 substitueretur
2159 2627 2230 2691 in
2274 2627 2461 2691 cuius

510 2712 654 2795 ipse
694 2712 908 2779 locum
950 2712 1239 2777 vicissim
1283 2709 1676 2777 succederet.
1764 2713 2186 2781 Transfertur
2241 2714 2459 2793 itaque

508 2798 579 2863 in
604 2798 979 2864 Romanum
1000 2796 1574 2879 Monasterium,³)
1618 2804 1694 2862 ut
1725 2799 1972 2866 scilicet
2004 2799 2185 2864 illam
2228 2796 2462 2880 perdat

510 2883 849 2950 ecclesiam
873 2884 975 2949 uti
999 2882 1636 2949 Grandissonensem
1661 2884 1964 2968 perdidit,
2000 2887 2128 2951 nisi
2151 2906 2221 2950 se
2256 2883 2459 2949 alium

508 2980 798 3053 praestet
840 2989 1037 3053 quam
1080 2968 1421 3035 hactenus.
1506 2968 1834 3037 Dominus
1889 2992 2076 3038 suam
2120 2969 2462 3037 ecclesiam

508 3064 819 3141 repurget
860 3055 941 3123 ab
985 3055 1065 3122 iis
1109 3055 1409 3122 omnibus
1450 3058 1561 3140 qui
1621 3057 1789 3124 serio
1833 3080 1965 3123 non
2008 3053 2277 3123 student
2319 3057 2460 3123 eius
2507 3125 2513 3140 ι

511 3142 757 3227 gloriae
779 3141 1278 3227 promovendae.
1347 3141 1581 3209 Saluta
1602 3146 1860 3210 amicos.
1930 3143 2141 3225 Oupio
2183 3163 2460 3226 cognos-

509 3248 660 3294 cere
701 3230 845 3310 quis
902 3229 1101 3293 fuerit
1155 3229 1375 3294 exitus
1417 3250 1652 3295 causae
1699 3229 2125 3296 Vandelinae.
2147 3235 2196 3294 ⁰)
2292 3229 2459 3294 Vale

506 3316 766 3397 optime.
856 3312 1076 3380 Orbae
1130 3320 1219 3378 17.
1262 3315 1553 3380 Ianuarii
1608 3320 1783 3379 1554.

1485 3452 1667 3518 Tuus
1712 3452 1948 3518 Petrus
1992 3452 2280 3517 Viretus.

1382 3970 1575 4038 18⁹⁹.

980 4107 1479 4174 PARELLUS
1526 4106 1963 4174 GALVINO.

684 4278 777 4342 De
826 4279 1279 4346 Genwem‘bus
1336 4280 1518 4345 rebus
1576 4280 1709 4344 iant
1749 4298 2037 4345 securum
2080 4279 2453 4363 Aryentora·

500 4365 705 4463 &casia
741 4369 797 4426 et
840 4366 1113 4450 Asylica
1154 4367 1360 4448 nuayis
1414 4367 1714 4442 cruciant,
1764 4364 2055 4432 Polom‘oa
2097 4371 2153 4430 et
2203 4365 2456 4431 Orbana

502 4459 767 4546 κεραμί.

724 4622 831 4686 (Ex
868 4623 1180 4693 apographo
1216 4623 1348 4677 Ood.
1386 4623 1557 4675 Paris.
1595 4623 1789 4694 Dupuy
1830 4623 1932 4677 10²
1966 4625 2057 4678 fol.
2096 4623 2207 4692 85.)

2026 404 2542 475 EPIS'POLAE
2591 411 3006 474 lese—1901

4460 419 4534 479 12

2747 596 3012 663 Eximio
3074 596 3326 664 Obristi
3392 618 3582 664 servo
3646 598 3882 664 Ioanni
3942 599 4222 667 Calvino
4284 604 4531 685 pastori

2573 682 2889 750 ecclesiae
2947 682 3362 750 Genevensis
3420 696 3497 749 ut
3559 682 3941 750 fidelissimo
4005 686 4102 752 ita
4154 686 4531 754 deotissime

2572 769 2883 852 pietatem
2927 778 2995 834 et
3036 770 3387 836 veritatem
3432 770 3881 855 evangelicam
3915 770 4175 838 fortiter
4207 775 4421 839 tuenti
4453 792 4530 839 ac

2571 875 2769 938 quam
2825 854 3144 921 latissime
3202 864 3271 921 et
3337 856 3688 940 purissime
3754 858 4148 941 propaganti
4212 857 4402 923 fratri
4459 870 4530 923 et

2572 947 2977 1027 symmystae
3020 960 3216 1023 quam
3259 941 3617 1008 carissimo.
3715 1008 3722 1015 ,

4020 1029 4349 1096 Genevae.

2744 1162 2969 1246 Quum
3013 1183 3119 1229 me
3140 1161 3450 1231 Budaeus
3491 1164 3656 1230 bene
3700 1186 3964 1248 sperare
4010 1166 4327 1246 iussisset,
4372 1188 4523 1251 gra-

2571 1247 2698 1314 tias
2741 1249 2849 1333 egi
2871 1247 3177 1327 Domino,
3221 1247 3338 1316 sed
3381 1271 3560 1316 nunc
3605 1250 3863 1333 plenius
3905 1251 4021 1317 abs
4064 1260 4131 1318 te
4174 1250 4444 1320 edoctus
4471 1258 4488 1292 ¹
4499 1270 4522 1329 )

2569 1334 2833 1418 plenius
2892 1356 3044 1420 ago,
3104 1335 3423 1421 longeque
3465 1337 3681 1420 magis
3737 1357 3885 1402 amo
3945 1359 4141 1420 quam
4183 1338 4370 1422 prius
4414 1360 4524 1404 eos

2569 1423 2682 1504 qui
2714 1421 2911 1486 istam
2946 1422 3219 1504 cupiunt
3258 1421 3508 1488 salvam
3543 1422 3903 1500 ecclesiam,
3939 1444 4296 1507 precorque
4324 1445 4524 1509 quam

2569 1506 3150 1573 clementissimum
3194 1517 3450 1591 patrem
3495 1516 3573 1572 ut
3614 1507 3760 1574 aliis
3803 1508 4139 1575 meliorem
4184 1508 4294 1575 det
4334 1531 4524 1576 men-

2568 1600 2736 1671 tem,
2798 1598 2864 1657 et
2910 1592 3054 1676 plus
3097 1591 3310 1659 cordis
3367 1593 3512 1660 istis
3564 1594 3673 1676 qui
3734 1593 3968 1660 nolunt
4021 1596 4244 1661 omnia
4284 1595 4520 1680 perire,

2566 1676 2933 1761 ludamque
2976 1690 3170 1762 cogat
3220 1678 3293 1744 in
3343 1701 3415 1745 se
3462 1680 3558 1744 ita
3599 1680 3815 1746 subito
3860 1702 4053 1764 agere
4099 1687 4174 1745 ut
4216 1681 4520 1747 omnibus

2568 1764 2657 1830 sit
2698 1764 3103 1847 exemplum,
3162 1775 3230 1829 et
3266 1765 3380 1848 qui
3424 1765 3749 1832 sanabiles
3805 1777 3959 1832 sunt
4001 1773 4188 1832 tanto
4231 1775 4410 1834 metu
4453 1778 4522 1833 et

2566 1860 2816 1915 terrore
2859 1852 3334 1929 concutiantur,
3380 1858 3456 1916 ut
3499 1850 3670 1916 nihil
3711 1852 3924 1936 magis
3968 1853 4280 1919 studeant
4322 1876 4521 1937 quam

2566 1936 2814 2020 gloriae
2854 1934 2986 2001 Dei
3045 1937 3323 2015 servire,
3384 1938 3632 2020 optima
3687 1958 3979 2021 quaeque
4025 1940 4195 2004 tueri
4233 1950 4302 2004 et
4342 1939 4520 2004 mala

2566 2043 2835 2105 prorsus
2880 2023 3244 2105 profligare.

2738 2107 2958 2174 Causa
3002 2108 3384 2192 Hieronymi
3437 2110 3529 2173 ita
3585 2130 3691 2173 me
3737 2107 4073 2188 affecerat,
4135 2121 4209 2176 ut
4263 2121 4520 2177 tantum

2566 2215 2697 2258 non
2741 2192 3146 2259 abalienarer
3168 2195 3249 2259 ab
3294 2193 3425 2259 illis
3449 2216 3610 2278 quos
3657 2193 3957 2260 videbam
3994 2194 4266 2279 prodere
4291 2195 4522 2263 Chris—

2566 2288 2707 2343 tum
2753 2292 2822 2344 et
2873 2279 3329 2346 inconcussam
3375 2281 3738 2346 veritatem.
3834 2277 3969 2346 Sed
4024 2302 4221 2348 causa
4260 2280 4520 2359 Semeti,

2567 2376 2635 2429 et
2689 2382 3016 2447 postrema
3073 2367 3302 2449 purius
3356 2375 3666 2445 tractata,
3733 2365 3892 2432 facit
3954 2380 4031 2432 ut
4086 2368 4322 2433 merito
4386 2368 4520 2434 illis

2565 2451 2808 2535 iungar
2850 2452 2960 2534 qui
3003 2451 3111 2516 hic
3146 2450 3386 2517 ludunt
3418 2460 3485 2517 et
3519 2451 3692 2535 apud
3736 2474 3807 2517 se
3850 2473 4080 2536 sapere
4116 2454 4364 2531 volunt,
4407 2454 4521 2520 vel

2565 2536 2675 2686 gui
2712 2535 2988 2602 eludunt
3021 2538 3256 2622 potius,
3292 2539 3460 2603 serio
3500 2539 3949 2621 experiuntur,
3993 2539 4149 2623 quid
4184 2540 4280 2607 eis
4315 2562 4520 2624 agen·

2612 2643 2722 2687 um
2767 2622 3012 2689 fuisset.
3092 2623 3343 2689 Mirum
3386 2645 3544 2689 sane
3587 2635 3688 2691 est
3731 2635 3867 2689 tam
3911 2634 4251 2709 corruptos
4295 2644 4518 2691 mente

2565 2708 2877 2774 inveniri:
2929 2705 3183 2776 discent
3219 2732 3335 2775 suo
3377 2730 3619 2795 magno
3656 2709 3828 2776 malo
3864 2712 4056 2776 aliter
4092 2712 4518 2778 serviendum

2563 2816 2707 2860 esse
2762 2792 3052 2860 Domino
3110 2817 3308 2878 quam
3365 2796 3624 2861 faciant.
3724 2796 3978 2881 Magna
4046 2806 4148 2863 est
4205 2798 4518 2880 iniqnitas

2562 2879 2853 2946 studiose
2898 2890 2967 2946 et
3007 2903 3158 2948 cum
3202 2882 3475 2948 consilio
3519 2882 3989 2965 praevaricari,
4034 2881 4256 2948 Deum
4302 2883 4516 2949 ridere

2563 2976 2633 3030 et
2675 2967 3018 3033 ecclesiam
3062 2968 3483 3032 subsannare.

2731 3052 3000 3120 Faciam
3074 3052 3247 3136 quod
3313 3053 3543 3119 scribis
3563 3054 3622 3130 ¹²)
3688 3063 3755 3118 et
3826 3053 3872 3118 ii
3952 3053 4188 3137 quibus
4267 3056 4514 3140 aperui,

2558 3139 2862 3221 quamvis
2904 3140 3099 3222 pauci
3140 3148 3315 3216 sunt,
3372 3153 3594 3205 tamen
3638 3160 3867 3205 omnes
3907 3141 4283 3223 probarunt.
4374 3142 4514 3207 Ha-

2560 3223 2788 3290 bemus
2824 3224 2932 3289 hic
2966 3226 3214 3309 aliquot
3245 3225 3605 3309 decrepitos
3639 3223 3722 3290 ob
3745 3227 4022 3291 verbum
4044 3227 4258 3293 multa
4290 3249 4514 3310 passos

2558 3330 2634 3375 ac
2677 3310 2901 3393 pulsos
2952 3312 3254 3377 omnibus
3296 3312 3584 3388 amissis,
3628 3310 3865 3394 quibus
3902 3332 4056 3395 pars
4097 3312 4516 3397 impendetur

2558 3406 2634 3461 ut
2656 3396 2864 3461 foveri
2885 3399 3157 3479 possint,
3193 3418 3347 3497 pars
3367 3399 3885 3480 Argentoratum
3908 3399 4226 3465 mittetur.
4284 3399 4514 3483 Nuper

2565 3480 2898 3547 Gamerae
2951 3492 3021 3548 et
3071 3503 3360 3549 semores
3417 3482 3643 3548 literas
3695 3481 3825 3549 huc
3881 3483 4225 3563 miserunt,
4252 3487 4305 3564 ³)
4350 3508 4510 3569 quas

2557 3566 2640 3631 ad
2703 3568 2981 3634 Virdum
3024 3570 3172 3634 misi
3218 3581 3290 3633 ut
3332 3568 3415 3634 ad
3461 3581 3525 3633 te
3568 3569 3880 3648 mitteret,
3923 3590 4083 3636 nam
4125 3570 4209 3635 ad
4253 3581 4317 3635 te
4351 3572 4512 3636 scri·

2557 3653 2836 3732 buntur,
2898 3663 2967 3720 et
3022 3654 3208 3720 nobis
3252 3653 3463 3720 datae.
3552 3655 3756 3720 Putat
3816 3654 4186 3721 turbatores
4247 3657 4332 3722 ad
4393 3679 4512 3723 nos

2556 3740 2923 3822 scripsisse,
2981 3739 3097 3806 sed
3137 3740 3386 3806 fallitur
3441 3752 3762 3824 quantum
3807 3762 3928 3826 ego
3974 3741 4148 3807 novi
4238 3740 4315 3808 Si
4359 3764 4512 3809 cum

2555 3825 2923 3907 pastoribus
2946 3826 3302 3892 Germanis
3320 3831 3376 3906 ⁴)
3412 3827 3511 3891 illi
3558 3837 3734 3893 recte
3780 3828 4179 3905 conveniret,
4225 3828 4511 3893 arbitror

2554 3910 2896 3977 ecclesiam
2939 3914 3335 3995 pacatiorem
3389 3913 3707 3978 futuram:
3769 3913 4013 3979 nollem
4070 3934 4179 3979 eos
4233 3913 4510 3997 prodere

2557 3997 2935 4076 veritatem,
2995 3998 3109 4063 sed
3168 4001 3260 4064 ita
3303 4000 3492 4064 firme
3547 4020 3693 4064 eam
3740 3999 3909 4064 tueri
3965 4007 4040 4064 ut
4098 4020 4230 4064 non
4288 3999 4508 4066 studio

2554 4081 3046 4150 contradicendi
3103 4085 3249 4150 aliis
3307 4086 3526 4161 fieret,
3593 4104 3716 4150 nec
3772 4107 3940 4168 quae
3998 4095 4175 4150 recte
4232 4095 4510 4169 possunt

2553 4168 2838 4253 intelligi
2877 4189 3144 4253 prorsus
3188 4171 3677 4236 damnarentur.
3767 4169 3965 4236 Sensi
4014 4170 4272 4254 pridem
4316 4194 4401 4236 ex
4445 4183 4512 4236 te

2555 4252 2918 4320 desiderari
2960 4257 3282 4339 quaedam
3340 4256 3412 4320 in
3458 4256 3600 4321 viro
3655 4267 3724 4321 et
3775 4256 4007 4321 literae
4068 4278 4231 4339 quas
4283 4257 4511 4323 scribit

2554 4342 2716 4405 satis
2761 4340 3052 4407 indicant
3095 4364 3226 4409 non
3269 4343 3490 4406 omnia
3532 4344 3693 4408 satis
3736 4344 4121 4425 composita:
4166 4342 4282 4409 sed
4311 4344 4512 4408 unius

2499 4481 2508 4506 ,
2554 4425 2752 4509 culpa
2804 4437 2922 4493 aut
2979 4428 3137 4494 vitio
3193 4437 3335 4493 tota
3404 4450 3535 4493 non
3597 4436 3700 4494 est
3768 4428 4163 4512 negligenda
4218 4429 4511 4506 ccclesia,

2500 4509 2508 4586 ἓ
2555 4533 2754 4594 quam
2802 4535 2919 4596 per
2963 4521 3027 4580 te
3065 4515 3389 4581 Dominus
3433 4514 3662 4580 erexit.
3755 4512 3845 4580 Se
3888 4515 4038 4596 quia
4079 4534 4202 4597 ego
4226 4518 4276 4584 ⁸)
4321 4517 4511 4597 quasi

504 4776 680 4831 m.
710 4779 763 4829 1»
804 4778 882 4833 N.
918 4777 1067 4831 1771.
1106 4807 1173 4816 --
1208 4777 1836 4847 maalmam-qm
1870 4797 1981 4833 non
2015 4779 2318 4861 adfusa-unt
2352 4781 2452 4835 ud
2499 4731 2506 4838 i
2553 4785 2734 4839 1800.
2761 4787 2822 4851 1)
2860 4786 3220 4855 Sumen-tur
3263 4805 3383 4842 eun
3439 4789 3680 4843 aliudne
3725 4789 3804 4841 ad
3843 4785 4180 4855 depe-dim
4225 4787 4510 4854 quandam

506 4845 961 4902 &dedareanus
1022 4853 1069 4900 et

500 4914 797 4969 munt.

700 4983 764 5040 2)
804 4985 1005 5038 Berua,

703 5053 763 5116 3)
802 5053 1003 5107 Leuat-

702 5121 763 5186 4)
802 5121 893 5175 Jo.
934 5120 1015 5175 Le
1052 5121 1231 5176 Gonu
1482 5124 1492 5135 ‘

1696 5123 2450 5190 ret‘mdor(Bnaeht111.

500 5187 895 5250 mamm).
954 5189 1043 5242 De
1076 5193 1149 5244 οἵδε
1182 5191 1260 5246 ad
1292 5191 1539 5262 quaehic
1571 5193 1839 5249 allum
1872 5195 2005 5248 abbo·
2036 5193 2175 5248 ιιῦιιῖ
2208 5194 2504 5274 ὄις-’.ιιῑ

702 5261 763 5388 23
800 5260 1417 5394 Wmm

1592 4848 2181 4906 “mankind-'cua
2244 4849 2830 4922 &misem-stolon

2757 4896 3008 5056 33⁶⁶*
3022 4925 3326 5048 mma-
3360 4926 3640 4981 ama-s
3673 4923 4002 4979 masa·
4035 4921 4138 4984 (Ν.
4175 4921 4358 4986 lest).

2598 5132 2670 5142 ..
2758 5062 2822 5130 4)
2858 4994 3343 5118 &aaziae
3377 5070 3428 5118 a
3460 5064 3620 5117 meeis
3657 5060 4146 5116 vedommu-am
4179 5062 4512 5142 meu-acs-

2551 5130 3779 5266 Zmssffmfflffifffflw
3801 5201 3969 5266 panto
3989 5205 4116 5253 nna
4147 5149 4384 5253 Ver-{11⁸2
4406 5149 4508 5254 3]

2551 5275 2824 5398 mei
2835 5269 3348 5394 &mh-&effigiei
3381 5354 3419 5391 a
3454 5338 3683 5392 aarum
3716 5344 4022 5404 eon-nuptus.
