4850 6200
428 384 557 447 255

431 569 627 638 etiam
652 575 852 653 atque
872 569 1069 634 etiam
1105 573 1179 633 ut
1212 567 1505 635 habeatis
1535 567 1837 651 inprimis
1872 563 2377 635 commendatas.

428 654 515 721 D.
563 656 753 722 Iesus
795 675 916 720 nos
956 675 1181 721 omnes
1225 655 1578 738 coniungat
1619 674 1817 719 verae
1874 653 2049 737 pacis
2093 651 2376 733 vinculo,

428 741 617 826 lupos
665 740 1082 820 exterminet,
1142 752 1258 806 aut
1299 740 1369 804 in
1412 762 1567 806 oves
1609 746 1972 819 convertat,
2030 745 2108 804 ut
2150 758 2377 803 omnes

432 847 564 893 uno
622 826 857 911 spiritu
912 826 1117 909 ipsius
1177 825 1423 911 gloriae
1479 826 1600 891 toti
1646 827 2028 892 serviamus.
2117 823 2376 903 Valete,

429 912 662 997 optimi
706 918 774 977 et
816 911 1251 980 colendissimi
1286 913 1537 978 fratres.
1606 913 2001 978 Lausannae
2028 915 2083 976 5.
2112 908 2376 977 Octobr.

1091 1135 1327 1201 Vester
1369 1134 1607 1200 Petrus
1651 1135 1923 1200 Viretus

428 1240 692 1303 nomine
727 1240 1176 1303 ministrorum
1214 1244 1282 1303 et
1315 1238 1751 1321 professorum
1776 1236 2374 1303 Lausannensium.

1311 1887 1505 1955 2022.

824 2056 1296 2126 CALVINUS
1342 2057 1977 2126 BULLINGERO.

607 2251 804 2316 Mimt
861 2251 921 2313 ei
975 2268 1166 2330 quam
1221 2248 1400 2313 modo
1453 2246 1711 2312 absolvit
1758 2244 2105 2314 commus
2147 2246 2381 2328 Defen-

432 2341 668 2406 sionem
725 2341 934 2401 contra
994 2332 1448 2414 Woetphalum‚
1507 2333 1580 2397 de
1636 2352 1762 2414 qua
1817 2332 2131 2398 iudicium
2192 2334 2382 2399 Turi-

431 2424 716 2495 causitus
757 2420 1076 2506 permittit.
1171 2419 1361 2485 Notat
1402 2417 1654 2484 Bolseci
1710 2417 2062 2484 calumnias
2115 2422 2170 2483 et
2209 2424 2385 2502 royac

432 2516 506 2578 ui
553 2508 857 2576 Hallerus
901 2506 1103 2572 biteris
1158 2510 1476 2571 moneatur
1544 2525 1621 2569 ne
1674 2506 1916 2571 diutius
1971 2503 2132 2570 talia
2188 2526 2385 2589 aequo

428 2598 642 2664 animo
679 2596 858 2676 ferat.

436 2784 659 2852 (Exstat
694 2788 820 2836 anto
887 2782 1063 2851 aphon
1101 2782 1158 2834 in
1193 2778 1319 2835 cod.
1354 2780 1556 2835 Genev.
1597 2778 1738 2846 107⁸,
1775 2779 1865 2835 fol.
1892 2778 1975 2835 75.
2045 2781 2172 2835 Alia
2207 2797 2386 2835 exem-

432 2854 611 2979 ἔπιε·
619 2893 635 2919 ,
672 2852 828 2907 Ionvi
870 2851 955 2904 aei
1000 2851 1132 2905 ibid.
1177 2850 1270 2904 fol.
1305 2847 1373 2902 76
1408 2854 1466 2903 et
1499 2847 1594 2914 77,
1644 2850 1950 2903 recentiora
1992 2851 2052 2902 in
2098 2850 2232 2903 Cod.
2272 2849 2388 2915 111,

489 2924 526 2977 1.
669 2962 683 2976 .
752 2923 967 2976 Bernae
1000 2920 1144 2989 Epp.
1180 2919 1266 2972 VI.
1301 2916 1407 2971 352
1441 2925 1499 2971 et
1532 2935 1566 2971 a
1606 2955 1620 2970 .
1658 2918 1946 2973 Simlerum
1981 2918 2104 2973 Vol.
2141 2917 2224 2984 76,
2272 2919 2387 2973 scil.

480 3043 494 3058 ‚
965 2989 1034 3041 ad
1068 2987 1156 3042 21.
1193 2987 1306 3041 Ian.
1344 2984 1484 3041 1552
1517 2934 1787 3053 mistum.)

431 3179 696 3247 Eximio
760 3177 914 3241 Iesu
992 3175 1247 3241 Christi
1320 3176 1624 3241 ministro
1688 3176 1974 3241 Domino
2050 3177 2388 3244 Henricho

431 3264 823 3349 Bullingero
867 3262 1176 3328 ecclesiae
1207 3262 1566 3347 Tigurinae
1609 3261 1739 3326 fido
1785 3263 2048 3345 pastori,
2089 3265 2278 3330 fratri
2320 3273 2389 3331 et

695 3357 1102 3434 symmystae
1147 3347 1483 3415 carissimo
1526 3355 1596 3414 et
1637 3347 2109 3416 colendissimo,

612 3487 698 3552 In
740 3485 1117 3553 defensione
1143 3485 1516 3552 Consensus
1561 3486 1789 3566 nostri,
1835 3507 2032 3571 quam
2076 3490 2283 3567 mitto,
2330 3491 2388 3556 si

429 3575 827 3645 brevitatem
880 3592 1095 3637 meam
1155 3573 1449 3650 mireris,
1509 3572 1832 3638 rationem
1875 3594 2071 3656 quam
2115 3576 2389 3642 afferam

430 3683 571 3728 non
625 3658 867 3738 habeo,
928 3659 1060 3724 nisi
1115 3657 1288 3743 qnod
1343 3677 1544 3723 causa
1596 3659 1787 3724 toties
1845 3668 1912 3725 et
1954 3675 2089 3725 tam
2135 3662 2387 3746 prolixe

433 3745 714 3814 antehac
772 3749 1057 3810 tractata
1108 3744 1258 3830 plus
1322 3744 1672 3811 verborum
1730 3744 1996 3830 exigere
2050 3748 2199 3814 visa
2253 3767 2387 3813 non

429 3839 553 3899 est.
639 3831 810 3897 Erat
850 3829 1020 3896 forte
1063 3830 1281 3896 media
1336 3830 1555 3914 aliqua
1597 3831 1781 3897 ratio.
1870 3829 2008 3898 Sed
2054 3833 2228 3916 apud
2273 3854 2388 3900 vos

432 3916 639 3987 verba
695 3917 1022 3996 facturuS,
1093 3917 1311 3983 nescio
1368 3938 1494 4001 quo
1545 3915 1793 4002 pudore
1852 3917 1950 3983 fui
2007 3919 2385 3985 restrictior.

435 4004 834 4088 Quanquam
908 4023 1134 4086 presse
1211 4001 1529 4085 loquendo
1607 4010 1810 4068 totam
1888 4004 1982 4069 rei
2062 4026 2389 4071 summam

432 4089 820 4174 complexus
897 4088 1064 4153 mihi
1132 4087 1372 4155 videor.
1484 4089 1679 4156 Certe
1752 4089 1924 4155 nihil
1990 4088 2160 4173 quod
2225 4090 2388 4155 utile

432 4174 618 4243 dictu
661 4177 826 4240 soret
867 4176 1079 4240 sciens
1135 4175 1342 4240 omisi.
1435 4173 1721 4258 Operam
1765 4197 1924 4243 vero
1968 4176 2123 4242 dare
2164 4175 2386 4242 studui

428 4271 510 4330 ut
563 4260 813 4347 stylum
872 4261 939 4326 in
1046 4282 1240 4328 sucos
1299 4260 1599 4328 homines
1653 4261 1951 4328 indoctos
2006 4262 2387 4349 stringendo

425 4348 768 4416 neminem
805 4346 980 4410 offen
1027 4368 1203 4414 erem
1234 4369 1317 4413 ex
1352 4369 1576 4413 eorum
1612 4369 1887 4414 numero
1924 4369 2083 4433 quos
2119 4349 2391 4415 retineri

431 4435 678 4502 amicos
735 4433 895 4498 utile
954 4441 1073 4498 est.
1174 4432 1372 4500 Certe
1428 4434 1561 4500 nisi
1626 4454 1869 4518 aequos
1927 4442 1995 4501 et
2065 4434 2389 4501 humanos

429 4522 711 4589 lectores
744 4519 933 4584 nobis
968 4519 1326 4614 conciliem,
1363 4540 1578 4600 neme,
1626 4530 1700 4584 ut
1732 4542 1945 4605 spero,
1980 4520 2389 4588 alienabitur.

431 4607 692 4673 Rursus
752 4605 825 4669 in
883 4601 1033 4671 illos
1092 4606 1331 4673 acriter
1390 4607 1689 4674 invectus
1744 4628 1890 4673 sum
1933 4613 2010 4673 ut
2052 4608 2119 4672 in
2165 4627 2390 4673 eorum

430 4712 717 4780 persona
768 4689 1025 4775 oblique
1079 4692 1326 4759 multos
1384 4694 1774 4760 territarem.
1864 4693 2092 4760 Unum
2147 4701 2387 4771 metuo,

432 4801 521 4847 ne
579 4800 686 4846 me
739 4776 1074 4844 interdum
1128 4778 1278 4864 plus
1322 4800 1527 4863 aequo
1574 4779 1702 4845 illis
1745 4779 2058 4864 largitum
2103 4800 2244 4846 esse
2286 4778 2389 4843 iu-

433 4864 629 4931 dices.
699 4864 845 4930 Hoc
887 4873 1112 4929 tamen
1155 4866 1352 4930 etiam
1400 4864 1701 4931 consulto
1743 4867 1882 4947 feci,
1925 4876 2001 4931 ut
2041 4866 2228 4947 siqui
2274 4862 2390 4928 ad-

433 4950 573 5017 huc
612 4952 1044 5035 refragentur,
1099 4951 1311 5037 magis
1365 4951 1586 5018 odiosa
1626 4951 1712 5017 sit
1756 4972 1982 5019 eorum
2028 4950 2388 5026 morositas,

438 5035 618 5104 docti
655 5056 813 5101 vero
849 5037 963 5120 qui
999 5038 1187 5104 nobis
1222 5039 1690 5116 assentiuntur,
1736 5058 1897 5123 quos
1933 5035 2126 5104 video
2170 5035 2390 5102 minus

435 5120 739 5192 cordatos
794 5142 936 5187 esse
994 5144 1192 5206 quam
1235 5124 1476 5204 deceat,
1536 5125 1747 5207 magis
1803 5121 2224 5191 favorabilem
2270 5121 2387 5187 ha-

435 5208 639 5275 beant
678 5215 1109 5291 praetextum.
1197 5209 1591 5296 Quanquam
1645 5210 1810 5276 haec
1851 5215 2073 5274 vestro
2117 5206 2389 5273 arbitrio

439 5295 794 5363 committo.
898 5293 1090 5380 Quod
1143 5299 1199 5366 si
1257 5298 1440 5365 vobis
1496 5294 1880 5383 probabitur
1937 5313 2124 5361 meus
2182 5293 2387 5376 labor,

1922 376 2448 448 EPISTULAE
2494 378 2918 441 2021-2024

4302 377 4429 440 256

2482 585 2631 630 oum
2692 561 2962 646 reliquis
3021 564 3408 647 transagite,
3436 564 3488 647 ²)
3546 564 3677 630 nisi
3726 564 3899 631 forte
3959 561 4206 647 aliquas
4266 563 4435 630 mihi

2481 660 2702 733 partes
2760 647 3070 714 mandare
3126 649 3341 715 visum
3402 649 3622 715 fuerit.
3708 651 3856 736 Ego
3912 657 4167 729 tamen,
4226 649 4435 718 donec

2482 736 2649 800 mihi
2691 735 3029 886 sci-{psoris
3074 735 3230 820 quid
3288 734 3451 801 mihi
3506 736 3835 820 agendum
3892 743 4111 819 putes,
4170 735 4432 819 quietus

2485 830 2789 905 exspecta
2835 843 2892 887 o.

2656 908 2825 973 Ecce
2861 912 3083 972 autem
3130 905 3284 972 dum
3321 909 3685 976 communis
3721 928 3956 973 causae
3997 906 4438 991 patrocinium

2485 1001 2599 1058 tuo
2642 991 2949 1057 mandato
2992 993 3294 1076 suscipi0‚
3340 992 3573 1060 nebulo
3608 995 3720 1061 ille
3742 994 4163 1077 Hieronymus
4196 995 4264 1058 in
4310 994 4438 1059 hoe

2482 1079 2627 1163 ipso
2693 1080 2903 1161 capite
2966 1099 3072 1143 me
3141 1079 3541 1145 haereticum
3607 1101 3748 1146 esse
3813 1081 4058 1163 passim
4123 1079 4437 1146 clamitat.

2653 1164 2759 1229 Ex
2818 1164 3053 1231 vicinis
3110 1164 3423 1232 fratribus
3464 1166 3575 1231 alii
3620 1169 3873 1244 fovent,
3933 1165 4046 1230 alii
4106 1176 4443 1231 exacuunt

2484 1250 2876 1315 virulentam
2922 1250 3217 1329 bestiam,
3262 1251 3373 1315 alii
3416 1273 3487 1317 se
3532 1253 3749 1336 palam
3785 1251 4154 1336 adiungunt
4198 1273 4274 1317 ac
4318 1272 4438 1334 pro

2483 1344 2797 1420 suggestu
2859 1335 2929 1399 in
2987 1358 3094 1401 me
3157 1338 3585 1417 bacchantur,
3648 1339 3760 1405 alii
3820 1337 4254 1404 dissimulant.
4359 1335 4439 1402 si

2483 1423 2745 1506 quando
2780 1422 3073 1487 Bernam
3115 1424 3380 1504 scribas,
3426 1445 3555 1490 uno
3598 1428 3830 1490 saltem
3864 1423 4066 1490 verbo
4102 1422 4441 1489 Hazlerum

2488 1508 2784 1585 admone,
2830 1509 2888 1573 si
2933 1508 3250 1575 hactenus
3291 1530 3495 1593 aequo
3540 1512 3806 1596 segnior
3849 1511 4002 1589 fuit,
4062 1532 4146 1574 ne
4191 1509 4441 1575 diutius

2482 1616 2589 1658 me
2632 1603 2769 1658 tam
2813 1593 3083 1677 indigne
3142 1601 3210 1659 et
3267 1596 3621 1661 crudeliter
3675 1599 3900 1663 vexari
3963 1597 4153 1662 sinat.
4246 1595 4442 1661 Nunc

2486 1702 2692 1744 unum
2757 1701 2795 1745 e
2874 1681 3137 1763 collegis
3153 1683 3210 1757 2)
3277 1684 3521 1748 nostris
3585 1683 3875 1748 Bernam
3953 1683 4252 1747 misimus
4324 1681 4445 1766 qui

2484 1774 2780 1831 nostram
2826 1767 3304 1850 querimoniam
3340 1767 3638 1833 deferret.
3703 1768 3811 1834 De
3853 1767 4152 1852 profectu
4194 1767 4441 1850 pende-

2486 1874 2632 1917 mus
2674 1851 2856 1917 dubii
2900 1861 2967 1916 et
3010 1852 3210 1917 anxii.

2658 1939 2762 2003 De
2809 1939 3056 2021 reliquo
3103 1946 3277 2004 statu
3314 1948 3538 2005 nostro
3580 1941 3856 2008 illustris
3891 1941 3997 2008 vir
4032 1938 4117 2005 D.
4142 1937 4443 2005 Marohio

2502 2022 2641 2089 Vici
2700 2034 2765 2088 te
2823 2024 3164 2090 certiorem
3222 2025 3451 2092 reddet
3505 2047 3578 2094 ac
3624 2027 3817 2093 simul
3863 2034 4146 2111 exponet
4188 2046 4318 2109 qua
4361 2025 4443 2090 de

2486 2130 2686 2175 causa
2742 2111 3206 2193 profectionem
3267 2113 3436 2178 hanc
3502 2114 3875 2196 susceperit.
3979 2111 4177 2191 Vale,
4247 2131 4442 2176 orna-

2488 2195 2737 2259 tissime
2784 2198 2885 2262 vir
2942 2205 3005 2261 et
3062 2218 3320 2281 semper
3376 2197 3543 2264 mihi
3601 2198 4003 2265 observande
4045 2198 4264 2263 frater.
4353 2198 4439 2264 D.

2494 2281 2924 2364 Gualtherum,
2974 2282 3381 2366 Palicanum,
3430 2285 3823 2369 Zuinylium,
3869 2292 3937 2350 ct
3979 2283 4266 2369 reliquos
4308 2285 4440 2350 fra-

2489 2378 2640 2445 tres,
2688 2389 2960 2451 generos
2997 2377 3063 2433 et
3096 2370 3265 2437 filias
3307 2392 3453 2436 meo
3487 2372 3748 2436 nomine
3784 2371 4141 2454 plurimum
4176 2371 4440 2437 salutes.

2489 2452 2918 2539 Symmystae
2982 2476 3237 2538 quoque
3315 2457 3444 2522 mei
3508 2478 3626 2523 vos
3694 2457 3998 2524 salutant.
4109 2457 4444 2522 Dominus

2490 2540 2675 2606 vobis
2738 2562 2997 2625 semper
3053 2540 3249 2622 adsit,
3321 2564 3439 2608 vos
3506 2543 3740 2626 spiritu
3803 2565 3921 2609 suo
3990 2543 4310 2628 gubernet
4366 2562 4445 2607 ae

2490 2623 2937 2693 bencdictione
2981 2638 3234 2712 augeat.
3305 2629 3617 2696 Genevae
3662 2628 3873 2713 pridie
3908 2648 4115 2696 nonas
4136 2627 4442 2696 Octobris

3365 3243 3567 3316 2023.

2558 3399 2988 3467 MINIS'PBI
3033 3398 3652 3470 GENEVENSES
3697 3400 4367 3471 BERNENSIBUS.

2680 3569 2887 3638 Unum
2941 3592 3021 3638 ex
3071 3574 3212 3638 suis
3252 3570 3536 3638 Romam
3585 3574 3833 3640 mittunt
3883 3574 3971 3639 ad
4016 3573 4332 3657 Senatum,
4373 3579 4449 3644 ut

2494 3658 2678 3723 certis
2724 3658 3101 3740 quibusdam
3164 3658 3724 3726 calumniatoribus
3782 3680 3860 3725 ex
3928 3661 4258 3728 autoritate
4310 3681 4447 3728 ma-

2485 3745 2792 3827 yistratus
2832 3745 3155 3811 silentium
3206 3745 3570 3829 imponatur
3621 3750 4002 3830 roqatwmm,
4073 3752 4129 3813 et
4188 3746 4450 3831 capim&

2491 3850 2632 3896 eum
2666 3831 2753 3896 ad
2793 3831 3076 3898 dominos
3132 3832 3353 3899 deduci
3405 3833 3502 3899 ita
3544 3835 3616 3896 ut
3655 3833 3831 3915 ipsos
3872 3833 4018 3897 kuic
4063 3853 4289 3900 causae
4321 3853 4444 3919 pa·

2491 3917 2794 3982 brocinari
2834 3923 3156 4001 appareat.

2490 4086 2822 4156 (Habuimus
2856 4089 2926 4142 ad
2962 4107 3181 4143 manum
3217 4089 3586 4144 authenticum
3635 4105 3789 4144 exem
3832 4092 3913 4144 lar
3952 4092 4094 4144 «uod
4132 4095 4447 4146 asservatur

2491 4159 2552 4212 iu
2583 4158 2727 4212 Bibl.
2765 4158 2938 4212 civica
2954 4159 3222 4212 Bernensi
3257 4159 3409 4213 MSS.
3447 4159 3571 4212 hist.
3607 4158 3749 4214 helv.
3818 4160 3886 4213 11.
3924 4161 3955 4212 3
4044 4162 4137 4214 sol.
4174 4160 4290 4227 248,
4327 4166 4447 4215 tun

2494 4227 2847 4297 apographon
2895 4227 3159 4283 insertum
3195 4227 3612 4283 Commentariis
3652 4229 3790 4284 Ven.
3838 4230 4128 4283 ministerii
4179 4230 4331 4284 Tem.
4377 4231 4445 4286 Β.

2880 4295 2972 4352 fol.
3004 4295 3075 4350 20
3108 4313 3157 4353 v.
3194 4324 3258 4336 --
3295 4297 3557 4351 Simlerus
3591 4298 3757 4353 habet
3790 4297 3911 4354 Vol.
3948 4298 4058 4366 83.)

2494 4467 2781 4533 Eximiis
2845 4475 2914 4533 et
2986 4465 3286 4535 fidelibus
3350 4466 3600 4535 Christi
3676 4468 4003 4535 Ministris
4077 4471 4451 4554 pastoribus

2548 4553 2910 4619 Bernensis
2954 4553 3281 4634 ecclesiae,
3328 4553 3638 4621 fratribus
3683 4555 4034 4638 plurimum
4083 4555 4385 4622 colendis.

2666 4687 2737 4756 S.
2826 4690 3065 4757 Frater
3133 4691 3239 4758 hic
3304 4701 3373 4759 et
3446 4697 3815 4777 symmysta
3891 4699 4118 4759 noster
4141 4696 4192 4770 ²)
4272 4694 4449 4761 istuc

2493 4774 2805 4842 mandato
2847 4785 3072 4844 nostro
3112 4779 3441 4861 profectus
3479 4785 3608 4856 est,
3673 4786 3751 4843 ut
3793 4775 3966 4861 apud
4009 4778 4447 4847 clarissimum

2492 5033 2921 5117 ²9²²·1).3⁶⁶²·
2958 5035 3051 5091 edi
3082 5035 3305 5092 dobebat
3336 5035 3467 5090 hacc
3502 5033 3745 5102 defensio
3779 5037 4051 5093 conmuni
4081 5040 4298 5095 nomm
4333 5056 4445 5094 om-

2489 5119 2644 5187 nmo-a
2676 5121 2771 5176 qu·
2808 5104 3110 5187 Consanum
3144 5106 3596 5173 submpaeraat.
3680 5105 3872 5162 Verum
3914 5119 4040 5162 mox
4075 5108 4145 5165 ab
4181 5107 4281 5165 hoc
4312 5125 4445 5178 pro-

2487 5179 2669 5243 wm
2694 5173 3359 5312 gaggandam&

2490 5309 2682 5367 2028.
2700 5312 2755 5378 l)
2795 5311 2913 5370 Iob.
3012 5312 3149 5368 obri.
