4850 6200
389 464 514 525 us

394 667 694 714 coronam
715 668 850 713 non
869 646 1170 713 obtinuit.
1223 648 1566 733 Episcopis
1590 648 1992 732 permittitur
2013 646 2083 712 in
2104 664 2335 711 omnes

765 732 1109 799 haereseos
1151 753 1270 816 pro
1322 732 1508 798 libito
1551 754 1672 800 suo
1714 732 2016 818 grassari.
2106 729 2332 809 Vides,

394 819 634 900 optime
673 818 795 898 vir,
839 821 948 885 An
995 818 1123 885 liae
1165 826 1434 886 statum.
1521 817 1946 887 Orationibus
1992 818 2121 884 tuis
2155 824 2335 883 tuae-

432 924 515 970 ue
567 903 878 971 ecclesiae
937 905 952 918 '
1012 926 1121 971 um
1173 902 1576 972 commendo.
1680 903 1850 970 Vale
1907 913 1973 970 et
2029 903 2330 970 rescribe.

391 925 660 1074 {Raptim
707 992 1103 1075 Argentinae
1148 997 1248 1056 23.
1285 991 1480 1057 Febr.

1259 1128 1442 1193 Tuus
1483 1128 1771 1195 'l’homas
1815 1127 2158 1211 Sampson.

1235 1424 1426 1431 ”*--
1475 1424 1548 1432 ..-

1259 1640 1455 1712 212⁰.

782 1795 1256 1864 OALVINUS
1301 1795 1935 1865 BULLINGERO.

565 1969 908 2034 Emensis
975 1974 1231 2033 senatus
1299 1974 1514 2034 contra
1577 1969 1954 2034 Genevenses
2010 1968 2335 2033 ministros

399 2057 708 2121 invidiosa
755 2055 954 2120 edicta
1019 2054 1365 2131 denunciat,
1425 2055 1821 2136 semetipsum
1872 2058 2090 2135 aperta
2146 2054 2333 2134 quasi

395 2142 838 2224 pmsoriptione
881 2142 1227 2222 impetitum
1257 2142 1592 2224 praesayit.

395 2314 500 2377 (Ex
547 2331 613 2365 au
811 2313 884 2365 bo
924 2314 1134 2367 Archiv.
1174 2312 1351 2365 Turio.
1403 2312 1540 2364 Plut.
1581 2312 1676 2365 VI.
1715 2313 1831 2365 Vol.
1871 2310 1987 2376 166,
2032 2311 2170 2392 olim·
2194 2312 2336 2379 Epp.

397 2382 539 2437 Τσω.
577 2382 660 2447 24,
694 2383 785 2435 sol.
821 2380 905 2435 23.
949 2408 1008 2419 -
1047 2383 1256 2435 Simlcr.
1284 2381 1402 2435 Vol.
1426 2379 1510 2434 84.
1585 2381 1806 2450 Anglice
1846 2397 2002 2433 versa
2037 2390 2122 2433 est
2156 2398 2210 2432 in
2248 2380 2332 2432 ed.

1098 2451 1301 2504 Philad.
1341 2450 1432 2503 111.
1473 2449 1616 2511 151.)

396 2622 828 2689 ornatissimo
887 2623 1028 2687 viro
1085 2623 1166 2686 D.
1223 2622 1553 2687 chricho
1600 2619 1982 2704 Bullingero
2026 2620 2334 2686 ecclesiae

395 2710 746 2795 Tigurinae
802 2708 932 2773 fido
989 2708 1474 2859 pastorivggqltgi
1532 2717 1600 2771 et
1656 2718 2058 2791 symmystae
2117 2706 2336 2772 obser·

560 2965 629 3033 S.
722 2967 947 3051 Nuper
1005 2967 1269 3032 tandem
1335 2976 1480 3048 post
1555 2966 1751 3050 longa
1820 2965 2176 3030 cortamina
2236 2967 2335 3031 ius

400 3054 1083 3121 excommunicationis
1185 3054 1644 3119 confirmatum
1748 3051 1935 3116 nobis
2023 3051 2251 3117 fuerat.
2283 3058 2334 3132 ¹)

396 3142 612 3206 Creati
658 3139 889 3206 deinde
935 3141 1198 3205 fuerant
1241 3139 1495 3224 syndici
1521 3138 1892 3221 tranquillis
1929 3139 2211 3204 comitiis
2251 3161 2334 3203 ex

396 3239 540 3292 voto
593 3237 834 3291 nostro.
866 3229 922 3310 ²)
1038 3226 1218 3290 Dum
1291 3226 1621 3290 intestinis
1673 3225 1987 3289 molestiis
2047 3223 2331 3291 defuncti

393 3312 627 3397 aliquid
675 3311 1021 3377 levationis
1063 3311 1288 3377 datum
1337 3309 1520 3375 nobis
1553 3331 1694 3376 esse
1738 3310 2143 3388 confidimus,
2190 3332 2335 3377 ecce

395 3408 658 3481 repente
718 3418 755 3462 e
812 3397 1057 3462 vicinia
1101 3398 1312 3481 surgit
1366 3396 1597 3461 durius
1665 3395 1927 3461 bellum.
2039 3395 2169 3476 Qui
2231 3418 2335 3462 me

397 3482 794 3551 haereticum
842 3485 1308 3558 vocitaverant,
1327 3486 1382 3560 8)
1428 3506 1536 3549 eos
1591 3504 1725 3547 non
1783 3482 1996 3546 solum
2054 3482 2338 3547 absolvit

395 3568 1013 3636 senatusacliberos
1057 3569 1324 3646 dimisit,
1371 3568 1484 3633 sed
1529 3568 1600 3633 in
1645 3589 1748 3632 me
1787 3589 2040 3651 quoque
2063 3578 2130 3632 et
2166 3570 2335 3634 hanc

393 3655 731 3721 ecclesiam
790 3655 1008 3720 emisit
1065 3655 1310 3719 maiore
1373 3654 1611 3719 ferocia
1665 3665 1968 3719 armatos.
2061 3654 2197 3719 Nos
2241 3656 2336 3719 in-

395 3743 580 3805 terim
629 3750 728 3805 tot
774 3751 838 3805 et
882 3757 1020 3804 tam
1055 3761 1290 3824 graves
1331 3740 1612 3804 iniurias
1658 3743 1948 3823 perpessi
1991 3741 2058 3803 in
2086 3741 2333 3806 crimen

391 3847 713 3893 vocamur.
823 3826 1102 3893 Summa
1163 3836 1283 3906 est,
1347 3848 1482 3892 non
1540 3828 1677 3891 fore
1736 3824 2073 3891 discordiis
2133 3827 2332 3891 finem

387 3913 592 3978 donec
635 3920 862 3994 erepta
905 3913 1092 3978 nobis
1137 3912 1334 3979 fuerit
1376 3911 1741 3995 disciplina,
1786 3920 1854 3976 et
1895 3911 2335 3978 catechismus

387 4009 606 4064 noster
659 3997 937 4066 abolitus
995 3998 1211 4064 fuerit.
1311 3998 1614 4082 Rogatur
1669 4005 1932 4062 senatus
1979 4007 2202 4063 noster
2257 4007 2334 4062 ut

383 4107 610 4151 severe
682 4105 803 4151 nos
871 4095 1184 4153 coerceat.
1220 4088 1277 4156 ⁴)
1393 4082 1575 4150 Adeo
1634 4083 2070 4148 truculentiae
2130 4083 2333 4165 pudet

380 4177 457 4236 ut
488 4171 611 4238 vix
654 4171 944 4236 tenuiter
986 4170 1265 4236 delibem
1308 4189 1474 4254 quae
1518 4168 1745 4236 auditu
1790 4169 1988 4234 nimis
2031 4177 2188 4235 sunt
2229 4170 2334 4234 in-

383 4254 442 4322 d‘
541 4279 601 4323 a.
693 4254 874 4338 Quid
917 4258 1207 4323 facerent
1248 4256 1451 4339 quieti
1495 4262 1562 4321 et
1596 4255 1804 4321 securi
1850 4255 1960 4337 qui
2003 4253 2331 4338 intrepido

379 4278 538 4408 50ιῖΙῖ
581 4351 902 4426 apparatu
937 4354 1164 4408 contra
1198 4341 1500 4406 innoxios
1535 4343 1629 4406 ita
1671 4338 2024 4406 saeviunt?
2080 4341 2331 4407 Testati

383 4449 631 4506 sumus,
678 4426 762 4493 ad
806 4427 1206 4494 reddendam
1248 4428 1570 4492 rationem
1621 4447 1739 4493 nos
1793 4426 2096 4493 omnibus
2151 4428 2331 4493 horis

381 4524 647 4599 paratos
688 4513 848 4580 fore.
937 4514 1132 4581 Ultro
1178 4514 1446 4579 tulimus
1489 4535 1599 4579 eos
1641 4511 1830 4578 nobis
1872 4507 2146 4579 iudices:
2193 4532 2329 4579 non

376 4598 809 4667 admittimur.
894 4600 1175 4666 Interim
1217 4598 1496 4685 publicis
1535 4598 1763 4666 edictis
1809 4606 2120 4665 vetantur
2175 4600 2323 4665 sub·

371 4684 500 4752 diti
563 4705 818 4753 sacram
886 4685 1157 4753 Domini
1224 4706 1489 4752 coenam
1564 4685 1905 4751 nobiscum
1972 4704 2249 4750 sumere.
2270 4688 2326 4764 ὅ)

373 4770 576 4838 Nunc
643 4773 868 4840 mirari
940 4771 1165 4838 desine
1244 4770 1588 4839 Saxonum
1667 4768 2065 4850 barbariem,
2123 4791 2327 4852 quum

380 5029 569 5086 8120.
589 5030 620 5084 l
688 5030 1080 5086 Deam-atione
1113 5034 1336 5084 maus
1368 5034 1420 5084 ee
1444 5027 1831 5097 Ducentem,
1866 5026 1950 5081 22.
1988 5033 2041 5084 et
2073 5027 2156 5081 24.
2198 5027 2326 5084 lan.

377 5096 470 5164 α’
507 5099 646 5233 Ns)
685 5099 770 5223 ll.
795 5166 949 5231 sios,
982 5171 1093 5221 m.
1125 5165 1179 5222 5.

583 5236 643 5360 Ξ)
683 5237 757 5292 Ν.
789 5235 948 5291 9073.
983 5232 1137 5292 20‘18.
1173 5235 1316 5291 2114
1345 5242 1445 5292 aa.

619 5311 645 5374 )
683 5306 758 5362 N.
795 5305 953 5361 m.

365 5404 398 5432 s
587 5374 648 5442 5)
686 5374 764 5432 Ν.
798 5373 955 5431 2097.
990 5372 1147 5430 2117.
1180 5371 1334 5429 2181.

591 5460 809 5519 celem
835 5477 1019 5532 opem.
1098 5460 1211 5517 Vol.
1251 5458 1382 5515 XV.

2058 462 2220 524 1555
2262 456 2730 525 ΕἘΒΒΠΔΒ.

4273 474 4413 540 450

2438 644 2639 711 unius
2694 646 2978 713 hominis
3035 647 3213 727 odio,
3269 648 3385 732 qui
3455 648 3877 721 redimendae
3950 658 4130 740 pacis
4195 679 4399 728 causa

2438 729 2720 797 libenter
2776 731 3081 817 iugulum
3137 736 3388 800 centies
3440 737 3817 818 praeberet,
3872 743 3966 807 ita
4021 741 4399 812 lacerentur

2438 817 2762 884 ecclesiae.
2880 819 3063 883 Nihil
3122 830 3343 887 tamen
3399 843 3506 888 me
3557 825 3745 905 peius
3791 830 4124 895 excruciat
4189 851 4390 914 quam

2438 901 2612 986 quod
2657 904 2898 970 talibus
2941 906 3301 990 praesagiis
3345 905 3532 973 Deus
3575 909 3892 977 ultionem
3936 934 4127 979 suam
4170 916 4394 999 palam

2438 989 2744 1055 declarat.
2848 990 3168 1076 Agedum,
3230 1002 3306 1057 ut
3366 992 3609 1059 famem
3678 1017 3864 1061 suam
3930 999 4241 1082 expleant
4302 1001 4392 1068 ad

2440 1076 2875 1160 longinquum
2920 1078 3223 1143 exsilium
3271 1077 3514 1159 trudar,
3560 1080 3620 1145 si
3663 1090 3881 1148 tamen
3938 1086 4217 1171 profugo
4259 1088 4391 1154 iter

2438 1182 2555 1245 per
2598 1182 2824 1227 eorum
2861 1162 3175 1229 ditionem
3220 1165 3487 1248 patebit.
3584 1166 3756 1232 Mihi
3816 1190 3969 1235 vero
4012 1173 4215 1238 satius
4257 1173 4393 1238 erit

2439 1248 2520 1313 ab
2555 1269 2790 1397 ἒοζυω
2842 1250 3079 1316 finibus
3138 1251 3345 1316 arceri
3405 1261 3479 1315 ut
3536 1262 3716 1317 recta
3777 1252 3860 1318 ad
3920 1257 4388 1326 mactationem

2437 1355 2554 1416 pro
2602 1355 2827 1399 ciscar.

2610 1419 2939 1485 Dominus
3012 1420 3489 1487 humanitatem
3576 1423 4106 1493 Locarnensibus
4123 1429 4179 1511 ⁶)
4255 1416 4383 1495 im-

2437 1526 2707 1587 pensam
2764 1527 2801 1570 e
2855 1505 3049 1572 coelis
3111 1508 3361 1572 civitati
3429 1518 3718 1591 vestrae,
3783 1510 3973 1577 sicuti
4053 1513 4383 1581 facturum

2436 1611 2643 1673 spero,
2692 1592 3022 1674 rependat,
3067 1592 3384 1676 nobisque
3440 1592 3683 1659 iniuste
3739 1599 4067 1680 oppressis
4111 1621 4384 1667 manum

2435 1677 2748 1759 porrigat.
2842 1676 2973 1743 Has
3017 1679 3455 1760 querimonias
3490 1681 3561 1744 in
3607 1682 3823 1746 sinum
3872 1695 4061 1748 tuum
4102 1686 4384 1751 familia-

2436 1763 2597 1827 riter
2639 1782 2940 1840 exonero,
2985 1769 3059 1828 u't
3101 1786 3206 1829 me
3262 1767 3502 1832 sanctis
3547 1768 3676 1831 tuis
3732 1770 4031 1849 precibus
4089 1769 4383 1837 adiuves.

2438 1849 2755 1915 Extremo
2801 1850 2979 1914 enim
3021 1871 3314 1915 moerore
3358 1853 3785 1936 constringor.
3885 1854 4111 1938 Neque
4156 1867 4380 1923 tamen

2436 1936 2673 2002 fratres
2717 1946 2976 2000 nostros
3018 1957 3249 2002 accuso
3294 1958 3457 2020 quos
3499 1948 3676 2003 certo
3721 1941 3877 2005 novi
3921 1942 4002 2006 ab
4064 1941 4166 2007 his
4222 1964 4380 2009 con·

2438 2020 2603 2085 siliis
2668 2022 3035 2101 abhorrere,
3106 2044 3181 2087 ac
3242 2044 3324 2088 ne
3385 2024 3455 2087 in
3521 2033 3821 2090 senatum
3888 2025 4149 2108 quidem
4214 2048 4380 2111 quae

2436 2107 2669 2190 scripsi
2713 2109 2997 2190 torqueri
3043 2109 3257 2183 velim,
3295 2110 3403 2191 qui
3449 2120 3709 2174 tantum
3748 2112 3956 2177 nimia
3996 2112 4381 2179 credulitate

2439 2215 2479 2258 a
2524 2194 2748 2275 paucis
2790 2192 3105 2277 improbis
3160 2207 3228 2258 et
3282 2195 3548 2276 perfidis
3609 2196 3984 2263 hominibus
4040 2221 4110 2264 se
4169 2199 4382 2282 abripi

2440 2281 2704 2361 patitur.
2793 2279 3066 2343 Interim
3112 2280 3295 2345 vides
3337 2302 3467 2363 quo
3504 2281 3751 2348 redacti
3794 2282 3999 2349 simus
4037 2284 4384 2352 malorum.

2440 2364 2639 2443 Vale,
2702 2366 3115 2431 ornatissime
3182 2367 3288 2430 vir
3363 2377 3429 2430 et
3494 2368 3694 2432 frater
3758 2368 3919 2433 mihi
3985 2370 4377 2436 venerande.

2437 2450 2765 2516 Dominus
2810 2460 2873 2515 te
2932 2452 3161 2534 spiritu
3206 2473 3323 2518 suo
3366 2474 3595 2536 regere
3639 2464 3707 2517 et
3750 2453 3936 2518 donis
3980 2453 4378 2538 locupletare

2439 2547 2685 2620 pergat.
2792 2536 3027 2602 Saluta
3081 2550 3478 2622 symmystas
3537 2550 3604 2604 et
3646 2537 3963 2604 familiam
4008 2538 4378 2625 diligenter.

2440 2626 2540 2687 24.
2579 2623 2923 2689 Februarii
2978 2627 3244 2695 1555.⁷)

2616 2794 2692 2858 D.
2752 2794 3188 2873 Lismanninm
3256 2816 3450 2877 quem
3517 2795 3601 2861 ad
3654 2816 3769 2861 vos

2437 2879 2832 2944 incolumem
2870 2882 3132 2945 venisse
3176 2879 3431 2945 confido
3486 2892 3553 2946 et
3595 2890 3765 2964 opt0,

2438 2964 2787 3046 plurimam
2831 2966 3126 3031 salutem.
3145 2966 3202 3045 ⁸)

3242 3259 3627 3270 *a—-u———un

3315 3495 3503 3566 2121.

2900 3649 3564 3718 BULLINGERUS
3607 3649 3917 3717 ERBIO.

2609 3822 2809 3887 Mittit
2851 3823 2909 3886 ei
2964 3820 3211 3887 Calvina·
3255 3821 3527 3888 libellum
3576 3827 3790 3888 cmitra
3848 3821 4273 3904 Westpkalum
4326 3825 4387 3887 d

2435 3911 2636 3975 alium
2678 3910 2782 3973 sui
2824 3909 3033 3988 ipsius
3056 3909 3341 3991 principi
3380 3908 3754 3989 offerendum
3787 3912 3899 3973 aut
3941 3909 4059 3975 alii
4099 3909 4384 3991 cuipiam

2425 4015 2551 4076 pro
2597 3995 2810 4061 lubitu.
2901 3993 3102 4057 Addit
3142 3995 3447 4074 quaedam
3488 3995 3563 4060 de
3603 3993 3784 4060 rebus
3828 3995 4073 4060 exteris.

2438 4168 2549 4234 (Ex
2585 4166 2918 4237 autographo
2952 4163 3088 4218 Bibl.
3120 4163 3431 4217 Basiliensis
3463 4165 3665 4219 civicae
3701 4165 3853 4219 MSS.
3891 4165 4042 4220 Tom.
4079 4161 4159 4232 19,
4195 4164 4287 4219 fol.
4321 4163 4377 4218 8.

3095 4262 3161 4271 —
3198 4232 3408 4285 Simler.
3444 4233 3563 4286 Vol.
3601 4231 3713 4299 72.)

2606 4405 3043 4473 ornatissimo
3101 4406 3240 4470 viro
3295 4402 3379 4468 D.
3439 4404 3760 4469 Matthiae
3814 4402 4017 4469 Erbio
4059 4399 4379 4486 Rychen-

2436 4492 2734 4559 willanae
2797 4491 3106 4559 ecclesiae
3170 4489 3415 4573 pastori
3480 4488 3857 4556 fidelissimo
3923 4486 4187 4554 domino
4252 4507 4373 4554 suo

2433 4576 2702 4646 colendo
2741 4587 2808 4643 et
2850 4577 3038 4643 fratri
3081 4596 3366 4659 percaro.

2431 4716 2517 4781 Η.
2569 4714 2946 4799 Matthysen
2992 4711 3218 4778 Erben
3265 4710 3699 4778 Predicanten
3756 4732 3837 4776 zu
3884 4709 4374 4796 Rycheuwiler.

2420 5155 3759 5233 precationumuautBullinqmsdffiF
4117 5161 4405 5214 mam

2426 5233 2589 5289 adire
2618 5230 2862 5288 debuerit
2892 5229 2960 5283 de
2993 5245 3061 5284 ea
3088 5244 3164 5284 re.

2632 5298 2689 5363 7)
2722 5301 2839 5354 eine
2869 5298 3279 5368 “emption-e.

2632 5367 2696 5436 8)
2733 5368 2807 5425 Ν.
2838 5365 2991 5422 2110.
