4850 6200
572 449 701 515 848

983 633 1374 718 Westphalo
1418 633 1698 700 Calvino
1741 634 2033 700 vellenti.
2060 638 2118 717 2)

784 806 1130 876 Westphalus
1166 800 1372 874 ἐσφάλη
1405 805 1530 858 dum
1571 806 1790 860 Calvum
1826 806 2068 860 vellicat:
2106 814 2264 861 extra

883 877 1089 931 Iactum
1124 874 1263 927 abiit
1300 874 1512 930 Calvus.
1581 873 1912 943 Westphale‚
1951 875 2088 928 velle
2125 878 2306 930 alium.

785 945 866 999 De
939 960 1100 997 enere
1137 943 1360 996 heroum
1398 950 1484 996 est
1519 944 1732 1007 Calvus,
1769 945 1860 1012 qui
1899 946 2115 999 numine
2151 946 2346 999 dextro

935 1014 1185 1067 edificant
1223 1012 1453 1066 Domino
1487 1013 1692 1080 templa
1729 1013 1923 1080 pudica
1957 1031 2072 1067 suo.

782 1082 945 1137 Cuius
980 1084 1185 1150 scripta
1219 1082 1393 1135 Deum
1428 1082 1696 1150 spirantia
1730 1083 1923 1135 rodere
1959 1084 2115 1151 nigro

885 1152 1062 1205 Dente
1100 1151 1391 1204 theoninae
1407 1149 1457 1217 ³)
1491 1156 1578 1203 est
1611 1151 1979 1219 improbitatis
2015 1169 2164 1220 opus,

783 1219 880 1275 Cui
925 1236 989 1273 ue
1027 1221 1196 1273 sacris
1233 1219 1435 1273 Christi
1473 1227 1767 1287 noctesque
1801 1220 2025 1288 diesque
2061 1220 2308 1289 operanti

938 1291 1222 1357 betrepere
1257 1289 1456 1341 infame
1493 1296 1577 1341 est
1613 1289 1998 1357 vipereumque
2034 1292 2201 1343 nefas.

787 1357 907 1412 Nou
943 1364 1056 1411 tam
1093 1357 1309 1411 servilis
1345 1357 1513 1409 Oalvo
1549 1357 1687 1423 pilus
1725 1375 1861 1410 unus
1896 1359 1952 1410 in
1989 1360 2108 1427 ipso
2145 1364 2230 1411 est

889 1428 1058 1492 Quem
1093 1426 1292 1481 merito
1329 1426 1523 1479 vellus:
1567 1426 1875 1491 Westpbale
1911 1429 2050 1480 velle
2087 1444 2291 1496 parem.

785 1494 943 1551 Velle
981 1496 1178 1549 iterum
1215 1496 1436 1557 tinctos,
1471 1496 1556 1547 vel
1595 1496 1785 1548 molles
1821 1497 1961 1549 velle
1998 1513 2253 1565 papaeos‚

887 1564 988 1630 Qui
1025 1566 1132 1618 iam
1170 1582 1334 1618 unum
1371 1564 1518 1617 saxis
1553 1565 1860 1632 imposuere
1895 1566 2107 1634 pedem.

785 1634 939 1687 Velle
975 1634 1295 1703 peregrinos
1330 1648 1483 1685 saera
1518 1632 1691 1686 adbuc
1725 1634 1825 1686 tibi
1862 1634 1916 1686 in
1954 1634 2085 1687 aede
2122 1633 2381 1699 colentes,

886 1704 1049 1770 Quos,
1085 1704 1213 1755 dum
1250 1702 1398 1754 aliud
1433 1718 1607 1763 curas,
1644 1703 1799 1755 ebria
1831 1704 1994 1756 turba
2030 1703 2176 1755 colit.

783 1772 936 1825 Velle
972 1772 1144 1824 olidas
1182 1771 1378 1839 quibus
1414 1780 1498 1823 est
1573 1772 1766 1824 raedas
1801 1787 1957 1824 sacra
1993 1773 2152 1824 vinea
2184 1772 2393 1839 vulpes,

891 1842 1042 1893 Velle
1080 1840 1248 1892 malas
1285 1856 1316 1891 o
1358 1856 1500 1901 eras,
1607 1840 1866 1909 estphale‚
1905 1841 2044 1893 velle
2080 1856 2254 1894 canes.

785 1910 1032 1978 Denique
1071 1908 1216 1977 quod
1255 1909 1422 1961 velas
1456 1910 1502 1961 si
1540 1908 1694 1961 deest
1729 1910 1848 1972 tibi,
1885 1912 1943 1960 τί
1975 1911 2109 1977 με4)
2149 1905 2402 1971 usuardum

889 1979 970 2031 De
1006 1980 1262 2047 pulmone
1297 1977 1463 2041 avias,
1502 1976 1835 2047 Westphale‚
1871 1980 2013 2031 velle
2051 1986 2187 2031 tuas.

787 2048 971 2113 Qualis
1010 2054 1145 2108 orat,
1182 2064 1369 2099 manes
1404 2058 1462 2099 tu
1499 2048 1644 2115 quod
1679 2048 1896 2115 σωτῆρα
1931 2048 2032 2100 sub
2069 2049 2205 2101 imos

890 2118 1084 2169 Altera
1119 2131 1398 2185 passurum
1435 2116 1701 2184 supplicia
1734 2124 1815 2169 ire
1849 2118 2020 2179 iubes,

787 2184 997 2253 Nempe
1033 2202 1230 2237 novum
1267 2184 1536 2237 fabricans
1573 2186 1868 2254 purgandis
1903 2184 2177 2239 mentibus
2212 2184 2393 2254 ignem

890 2254 1132 2322 Corpora
1166 2253 1294 2306 dum
1329 2254 1551 2306 tumulis
1589 2255 1789 2307 lumine
1825 2272 1979 2308 cassa
2013 2255 2231 2315 cubant,

785 2321 900 2375 Nec
935 2323 1067 2375 satis
1103 2323 1205 2375 hoc
1241 2322 1525 2381 meditans.
1565 2323 1695 2391 qnid
1730 2324 1803 2375 sit
1839 2324 2103 2377 muliebre
2138 2322 2359 2376 draconi

896 2392 1132 2444 betiscro
1169 2408 1352 2444 semen
1388 2392 1764 2445 comminuisse
1798 2400 1982 2462 caput.

785 2459 891 2513 Hic
927 2478 1123 2529 expers
1158 2461 1351 2527 capitis
1387 2460 1490 2513 tibi
1528 2460 1708 2515 sabula
1744 2463 1981 2530 turpiter
2017 2461 2163 2514 hirta
2198 2465 2299 2522 est,

889 2528 1009 2593 Hic,
1046 2530 1089 2582 si
1130 2530 1276 2597 quod
1313 2530 1498 2591 vellus,
1537 2529 1868 2599 Westphale,
1905 2532 2138 2599 qnaeris,
2174 2530 2358 2582 habes.

787 2597 887 2652 Hic
963 2599 1064 2651 ilus
1101 2598 1304 2652 erroris
1339 2616 1401 2652 su
1444 2605 1590 2651 erest
1623 2598 1726 2652 tibi
1763 2601 1867 2653 rite
1903 2600 2181 2662 secandus,

888 2615 1005 2730 fiio,
1043 2667 1186 2735 quod
1225 2667 1367 2736 apud
1449 2668 1626 2720 alvum
1664 2671 1960 2737 quaeritur,
1997 2670 2143 2722 intus
2178 2664 2427 2732 habes.⁸)

1705 2786 1988 2853 Ioannes
2035 2788 2359 2853 Molanus.

1454 3299 1651 3372 2834.

1049 3436 1591 3506 BALDUINUS
1640 3437 2069 3506 CALVINO.

756 3605 1155 3691 compertum
1219 3608 1396 3674 habet
1455 3608 1787 3678 Calvinum
1828 3612 2041 3678 minus
2090 3613 2233 3679 bene
2274 3613 2349 3678 de
2388 3613 2532 3695 ipso

577 3694 865 3762 iudicare
929 3715 1127 3778 quam
1192 3696 1341 3760 olim
1350 3720 1371 3776 ,-
1434 3696 1543 3762 sed
1608 3718 1674 3762 se
1737 3699 1984 3763 omnino
2047 3719 2168 3764 non
2231 3704 2538 3765 mutatum

576 3781 790 3846 animo
834 3780 911 3848 ab
954 3801 1026 3846 eo
1071 3783 1276 3846 arceri
1317 3787 1371 3848 et
1411 3783 1626 3849 divelli
1667 3784 1925 3850 minime
1956 3787 2255 3867 patietur.

887 3952 1000 4018 (Ex
1039 3954 1376 4023 autographo
1411 3955 1542 4009 Cod.
1580 3955 1784 4009 Genev,
1822 3953 1940 4022 110,
1975 3956 2069 4010 fol.
2104 3954 2217 4025 53.)

748 4123 830 4188 D.
878 4121 1115 4188 Ioanni
1155 4121 1432 4190 Oalvino
1479 4124 1785 4209 theologo
1829 4147 2094 4279 magn&

2097 4235 2360 4280 enevae.

751 4340 821 4406 S.
888 4341 1181 4410 Ioannes
1253 4343 1594 4430 Crispinus
1670 4355 1895 4414 noster
1971 4350 2322 4433 postremis
2401 4352 2538 4418 suis

577 4425 662 4495 ad
698 4449 805 4493 me
847 4427 1067 4496 literis
1103 4430 1385 4497 salutem
1427 4432 1593 4498 mihi
1637 4441 1750 4499 tuo
1796 4435 2062 4500 nomine
2106 4434 2292 4517 dixit,
2339 4459 2536 4521 quam

578 4616 952 4674 &nassau-nter
1008 4619 1320 4689 eoeaot'tatus
1361 4620 1487 4689 plus
1533 4621 1690 4676 smel
1735 4622 1994 4678 Bremam
2038 4624 2283 4694 reliquit,
2333 4640 2542 4691 semper

577 4701 706 4741 cero
739 4701 776 4740 a
812 4687 1035 4745 civibus
1078 4694 1369 4744 revocatus
1413 4696 1507 4744 est.
1545 4689 1659 4757 (Cf.
1685 4689 2293 4763 Spieyel‚Hav-denber9
2319 4710 2383 4764 p.
2418 4693 2539 4747 217.

579 4753 682 4809 8⁶⁵1
722 4761 819 4810 stc.
877 4757 973 4810 ubi
1033 4759 1201 4812 etiam
1251 4757 1658 4829 Hardenberyii
1708 4763 2046 4831 epitaphium
2107 4767 2287 4818 exstat
2334 4779 2388 4832 p.
2434 4762 2539 4817 36⁷

575 4827 887 4948 wanden
931 4840 1150 4880 versum
1199 4827 1346 4896 quod
1382 4827 1647 4883 Molanus
1679 4829 1847 4886 latine
1880 4833 2344 4900 concinnaverat.)
2412 4833 2541 4887 Iam

716 4895 1057 4962 epiqramma
1095 4894 1239 4950 illud
1274 4911 1387 4951 esse
1431 4899 1715 4967 suspicati,
1789 4901 1899 4955 uod
1935 4899 2201 4955 Calvinus
2231 4916 2332 4983 per
2373 4899 2543 4971 Quer-

579 4967 828 5016 catamm
863 4967 1143 5032 aecem'su
1179 4979 1238 5020 se
1262 4965 1411 5032 dicit,
1445 4967 1508 5021 in
1538 4983 1732 5037 praece
1771 4971 1887 5024 enti
1916 4971 2146 5039 epistola
2179 4971 2271 5026 hnc
2301 4973 2542 5026 inseren-

583 5027 716 5085 dum
752 5046 868 5086 esse
898 5037 1231 5100 patavinus.

787 5101 848 5289 {i
881 5116 1313 5254 {femmam
1346 5171 1424 5227 aa
1459 5173 1597 5228 Hor.
1638 5174 1782 5244 Ερρ.
1820 5174 1853 5229 ι.
1893 5176 1933 5230 1.
1977 5175 2056 5243 18,
2090 5175 2175 5231 82.

789 5237 852 5370 5))
885 5237 1042 5364 ’ἔαξε
1102 5310 1294 5365 invisis
1340 5309 1523 5366 Musis
1570 5311 1860 5368 decantata
1911 5313 2200 5371 Martialis
2251 5331 2384 5371 sans
2432 5317 2545 5373 sibi

2074 445 2603 516 EPISTOLAE
2646 449 3070 512 2333—2337

4436 459 4549 520 844

2633 636 2918 718 profecto
2961 656 3209 718 magna
3273 655 3422 699 cum
3467 635 3807 718 voluptate
3872 637 4118 720 excepi,
4184 637 4295 702 sed
4341 643 4555 708 maiori

2631 721 2935 805 legissem
3015 721 3465 803 consignatam
3538 731 3655 785 tua
3738 741 3956 785 manu.
4063 721 4419 803 Quominus
4489 739 4557 794 tu

2633 828 2852 872 meam
2895 809 3024 871 iam
3071 806 3325 890 pridem
3370 806 3628 890 legeris,
3674 806 3974 873 fecerunt
4016 809 4117 873 illi
4159 809 4557 878 calumniato—

2632 916 2739 959 res
2765 896 2814 975 ¹)
2861 894 2974 976 qui
3019 902 3202 957 tuam
3246 892 3409 957 mihi
3455 892 3771 959 hactenus
3794 894 4311 976 praeripuerunt.
4374 899 4558 981 Equi·

2634 979 2784 1043 dem
2840 977 3034 1044 valde
3090 978 3267 1043 dolui
3329 988 3585 1043 tantum
3644 1001 3756 1045 eos
3801 979 4014 1046 adhue
4058 983 4355 1063 potuisse.
4438 982 4561 1050 Sed

2635 1063 2794 1148 quid
2839 1065 3017 1129 aliud
3062 1066 3247 1148 potui
3290 1085 3486 1147 quam
3531 1064 3798 1130 dolere?
3872 1065 4163 1132 Omnino
4205 1071 4377 1133 enim
4415 1071 4565 1135 iudi-

2634 1152 2779 1217 cavi
2817 1153 3208 1217 refutatione
3252 1172 3394 1215 esse
3437 1150 3767 1235 indignos,
3802 1153 4188 1235 praesertim
4222 1174 4417 1236 quum
4459 1158 4566 1221 sci-

2636 1259 2796 1309 rem,
2841 1259 2948 1302 me
2991 1257 3245 1320 quoque
3268 1244 3528 1302 tacente
3568 1237 3777 1303 refelli
3820 1259 4010 1319 posse
4046 1250 4394 1323 nugatores
4432 1242 4567 1308 illos

2636 1324 2966 1405 improbos
3046 1324 3256 1406 magis
3324 1333 3387 1387 et
3456 1323 3872 1406 impudentes
3938 1345 4132 1407 quam
4198 1328 4565 1409 ingeniosos.

2638 1408 2937 1491 Quorum
2962 1430 3263 1474 susurros
3285 1410 3409 1474 etsi
3454 1430 3679 1475 secure
3723 1422 4155 1491 contemnam,
4200 1412 4404 1478 fretus
4446 1435 4570 1479 uon

2637 1497 2847 1561 solum
2914 1496 3346 1562 conscientiae
3408 1516 3591 1561 meae
3654 1498 4044 1575 testimonio,
4112 1496 4225 1562 sed
4292 1500 4571 1565 veritatis

2637 1583 2848 1665 ipsius
2908 1581 3073 1659 luce,
3140 1602 3338 1665 quam
3398 1582 3636 1647 talibus
3695 1582 3953 1647 nebulis
4008 1585 4290 1665 opprimi
4331 1606 4571 1668 semper

2640 1690 2772 1733 non
2818 1688 3008 1751 posse
3053 1669 3212 1733 seio:
3250 1678 3472 1732 tamen
3516 1671 3767 1733 interea
3823 1668 3977 1751 quid
4023 1691 4128 1733 me
4162 1672 4293 1734 iam
4336 1671 4572 1754 pridem

2640 1764 2940 1837 torqueat
2972 1753 3387 1820 dissimulare
3431 1773 3567 1818 non
3609 1777 3896 1838 possum.
3954 1756 4097 1820 Iam
4144 1755 4392 1839 pridem
4434 1779 4571 1822 scn-

2642 1841 2733 1904 tio
2779 1838 3060 1923 διαβολὴν
3102 1841 3268 1905 mihi
3310 1839 3609 1905 insidiari
3654 1851 3746 1915 ut,
3784 1842 3839 1906 si
3886 1852 4123 1924 posset,
4165 1841 4410 1907 artibus
4448 1845 4575 1908 suis

2635 1927 2904 2010 frangat
2961 1927 3163 1991 animi
3229 1928 3361 1990 mei
3418 1926 3499 1990 ad
3557 1949 3661 1992 res
3721 1930 4009 2010 profecto
4069 1929 4271 1994 bonas
4335 1929 4574 1994 incitati

2640 2012 3064 2078 alacritatem.
3153 2013 3439 2096 Infringi
3496 2023 3716 2078 autem
3773 2023 3914 2078 tum
3953 2014 4221 2079 demum
4262 2015 4575 2099 intelligit,

2639 2099 2695 2163 si
2762 2100 3054 2163 animum
3114 2100 3232 2164 abs
3297 2120 3402 2163 me
3469 2109 3652 2164 tuum
3721 2109 3789 2164 et
3832 2099 4067 2165 deinde
4112 2101 4231 2167 abs
4267 2109 4332 2166 te
4371 2122 4575 2165 meum

2640 2184 2996 2267 disiungas.
3088 2183 3223 2249 Sed
3267 2194 3619 2268 rumpatur
3662 2186 3779 2252 illa
3811 2185 3995 2252 licet:
4035 2207 4371 2269 nunquam
4457 2185 4577 2251 uod

2639 2270 2907 2334 molitur
2965 2271 3216 2335 efficiet.
3309 2271 3597 2337 Tametsi
3651 2292 3759 2335 me
3818 2272 4017 2355 (quod
4060 2273 4174 2337 ille
4221 2272 4373 2337 olim
4461 2276 4577 2338 ice-

2639 2356 2775 2434 bat)
2842 2356 3014 2421 fuste
3074 2357 3216 2439 ipse
3261 2357 3557 2441 abigeres
3602 2358 3768 2422 nihil
3803 2378 4049 2442 ageres.
4138 2360 4436 2424 Insaniat
4474 2358 4579 2422 illa

2638 2442 2826 2507 lieet:
2872 2464 3005 2507 non
3050 2441 3295 2509 cedam.
3357 2443 3604 2509 Contra
3641 2446 3859 2528 potius
3895 2454 4081 2509 tanto
4126 2446 4338 2528 magis
4374 2465 4577 2510 assur-

2640 2550 2809 2613 gam,
2853 2538 2920 2593 et
2962 2551 3091 2611 qua
3133 2530 3228 2594 ire
3273 2551 3448 2593 nunc
3491 2529 3753 2595 tandem
3816 2531 4164 2614 aliquando
4227 2531 4411 2597 bonis
4454 2530 4579 2595 avi-

2639 2615 2763 2681 bus
2831 2616 3013 2698 coepi
3079 2636 3373 2698 pergam,
3442 2637 3653 2699 neque
3719 2618 3953 2699 opinor
4018 2617 4171 2683 talis
4219 2616 4582 2683 adversaria

2642 2711 2904 2765 tantum
2948 2700 3234 2781 audebit,
3282 2710 3355 2765 ut
3390 2712 3457 2765 et
3498 2702 3664 2768 meis
3713 2702 3795 2767 ad
3839 2712 3907 2767 te
3953 2703 4161 2768 literis
4212 2703 4454 2768 aditum
4485 2702 4581 2766 ob·

2643 2796 2900 2852 struere
2923 2796 2992 2852 et
3029 2797 3172 2853 tuas
3196 2787 3358 2851 mihi
3380 2789 3755 2871 praecipere
3786 2800 4098 2873 perpetuo
4135 2790 4362 2873 possit.
4408 2788 4581 2864 Vale,

2638 2883 2832 2956 pater
2875 2874 3366 2939 humanissime.
3458 2876 3884 2958 Argentorati
3927 2877 4015 2960 vij
4059 2876 4201 2941 Cal.
4251 2876 4416 2941 NoV.
4437 2875 4493 2957 ²)

2997 2984 3001 2991 ’
3060 3012 3169 3075 Ex
3218 3011 3437 3077 animo
3474 3022 3628 3077 tuus
3671 3014 3900 3097 tuique
3936 3012 4547 3080 observantissimus

3557 3098 3850 3167 Rochius
3892 3100 3973 3166 Β.

3512 3751 3717 3822 2335.

3020 3906 3529 3974 HALLERUS
3573 3905 4214 3975 BULLINGERO.

2837 4079 3141 4161 Quamvis
3205 4077 3508 4144 Calvinus
3562 4099 3756 4160 usque
3808 4080 4067 4146 caeteris
4120 4081 4310 4164 m'yer
4364 4080 4465 4152 sit,
4514 4082 4597 4143 ta·-

2641 4185 2783 4231 men
2822 4186 2930 4231 res
2980 4165 3366 4231 Genevenses
3403 4164 3717 4231 meliorem
3749 4167 3883 4231 iam
3924 4164 4145 4231 habent
4184 4165 4436 4248 faeiem.

2646 4337 3006 4459 (Excergigum
3053 4352 3120 4390 ex
3166 4336 3504 4406 autographo
3551 4337 3718 4390 Arch.
3757 4337 3931 4390 Turio.
3978 4337 4122 4391 Plut.
4178 4338 4272 4393 VI.
4312 4337 4439 4391 Vol.
4484 4332 4595 4398 154,

2690 4407 2821 4459 olim
2928 4407 3027 4460 rin.
3062 4406 3123 4460 B.
3159 4405 3299 4475 Epp.
3336 4406 3487 4460 Tom.
3523 4404 3612 4469 32,
3645 4406 3739 4462 fol.
3775 4404 3895 4459 220.
3931 4435 3997 4446 —
4033 4407 4252 4462 Simler.
4293 4406 4421 4461 Vol.
4454 4402 4564 4468 85.)

2645 4613 2856 4743 {ua-s-
2880 4612 2988 4726 hi—cz
3034 4613 3237 4727 mitt—o—
3270 4614 3492 4727 sieri—a
3527 4613 4137 4748 EalZnJ-aoeepffi)
4150 4615 4377 4730 —Pet—{o
4408 4608 4599 4729 {Iar—-

2643 4749 2807 4832 tyris
2841 4746 3092 4814 literas:
3114 4751 3171 4827 2)
3216 4757 3479 4832 apertae
3513 4771 3718 4832 quum
3761 4759 3999 4829 essent,
4024 4750 4175 4836 legi.
4238 4750 4398 4816 Mitt
4422 4745 4610 4828 Genff

2645 5038 2914 5106 23841)
2952 5038 3199 5106 Difficile
3250 5047 3329 5094 est
3378 5040 3529 5096 dictu
3578 5041 3656 5095 ad
3704 5056 3969 5112 quosnam
4019 5041 4109 5095 hio
4161 5040 4400 5097 alludat.

2642 5115 2881 5191 tempore
2916 5124 3034 5162 cum
3060 5109 3287 5164 Calvino
3323 5111 3375 5163 ei
3406 5112 3546 5190 satis
3580 5112 3711 5164 bene
3745 5111 4097 5192 conveniebat·
4124 5116 4262 5166 teste
4297 5127 4380 5180 ep.
4411 5108 4462 5163 8.

2648 5178 2716 5232 Μ
2715 5196 2773 5232 ‘²⁸
2810 5175 3994 5318 ¹25⁶A⁶?22“·1.523.⁰{⁸536H.322·232²33.3
3996 5185 4206 5304 ’M‘
4207 5251 4301 5306 m.

2642 5315 2827 5372 2385.
2845 5317 2908 5454 ὲ)
2944 5316 3211 5441 §.ou-{3335
3243 5317 3322 5373 N.
3358 5315 3512 5372 2329.

4491 5038 4599 5093 Pro

4488 5107 4597 5162 Gal.
