4850 6200
390 433 507 496 357

1250 619 1448 692 ms.

853 790 1324 861 OALVINUS
1369 792 1839 862 WOLPHIO.

553 978 1154 1046 PsrLi-smanimm
1194 981 2317 1069 millesomendavoeatyratias

383 1065 1199 1164 spitdepfopensoinse
1256 1067 1467 1134 αηὺκο
1519 1069 1811 1135 asima
1865 1068 2316 1152 quibu-emis

384 1150 798 1252 etp-clesma
859 1155 1100 1252 wysla-m
1176 1171 1302 1218 non
1364 1153 1663 1252 abutatur
1720 1156 2313 1254 gemm-adeelerat,

373 1235 914 1409 ΜΜωωΜῦονα
911 1256 1077 1304 tonis
1138 1257 1312 1319 spem
1390 1259 1461 1305 m
1523 1246 2062 1326 appropmquam
2122 1246 2315 1309 morte

379 1509 490 1574 (Ad
524 1525 714 1563 manns
765 1515 924 1562 erant
957 1523 1112 1563 exem
1153 1509 1289 1563 laris
1341 1510 1624 1564 lenvillsei
1659 1510 1716 1565 in
1751 1511 1886 1567 eod.
1918 1511 2123 1567 Gener.
2161 1510 2261 1566 107
2272 1525 2312 1560 ⁸·

379 1579 469 1633 fol.
495 1575 589 1659 ,⁸4⁹
626 1577 900 1631 Turretini
936 1576 1066 1659 Cod.
1135 1576 1222 1661 08,
1255 1578 1346 1633 sol.
1380 1577 1448 1633 87
1502 1579 1777 1634 Ber-nense
1940 1620 1954 1635 .
1988 1581 2085 1635 VI.
2160 1620 2173 1633 .
2194 1578 2313 1645 880,

380 1647 668 1729 hpoense
704 1646 832 1699 olim
875 1645 1189 1728 nott-ingen
1361 1687 1372 1700 .
1421 1618 1701 1702 fi1.nunc
1752 1648 1812 1702 F.
1927 1689 1941 1715 ‚
1986 1649 2079 1704 sol.
2198 1690 2210 1702 .
2256 1658 2313 1704 et

418 1714 635 1771 Sunion
671 1714 796 1769 Vol.
828 1712 898 1768 86
932 1731 1024 1784 qm
1059 1715 1129 1769 ad
1161 1732 1211 1769 s.
1249 1716 1272 1767 1
1415 1716 1600 1773 refert.
1621 1717 1779 1772 Vers.
1813 1718 1952 1787 angl.
1987 1717 2083 1773 111.
2121 1716 2267 1783 109.)

547 1902 620 1968 S.
664 1901 884 1985 Quum
928 1923 1151 1967 rarum
1194 1922 1352 1989 erga
1391 1924 1497 1969 me
1555 1924 1841 1971 amorem
1895 1904 2120 1971 literae
2162 1914 2313 1972 tuae

375 1990 556 2056 omni
599 2009 683 2054 ex
721 1997 908 2071 parte
951 2009 984 2053 s
1029 1988 1203 2053 irent
1242 2009 1436 2072 quem
1478 2009 1615 2055 non
1658 1990 1920 2056 aliunde
1975 2012 2169 2075 quam
2227 2011 2311 2057 ex

373 2094 533 2142 vero
595 2073 857 2158 pietatis
910 2094 950 2138 a
1000 2084 1145 2140 ectu
1201 2095 1471 2141 manare
1522 2076 1936 2159 interpretor,
1989 2097 2102 2143 eas
2146 2077 2312 2143 mihi

375 2180 612 2227 suaves
664 2178 740 2225 ac
795 2158 1115 2225 iucundas
1171 2160 1371 2226 fuisse
1443 2160 1686 2226 mirum
1745 2180 1876 2227 non
1947 2171 2064 2228 est.
2164 2162 2313 2229 Etsi

373 2256 594 2314 autem
640 2245 926 2328 optimus
959 2243 1044 2309 D.
1093 2244 1507 2312 Lismanims
1531 2247 1581 2331 ¹)
1622 2245 1796 2330 apud
1840 2269 1944 2313 me
1986 2268 2312 2314 commen·

374 2332 640 2398 datione
697 2351 828 2395 non
894 2330 1123 2414 egebat
1180 2342 1248 2396 et
1301 2332 1639 2417 negotium
1714 2330 1795 2399 de
1854 2353 1978 2417 quo
2057 2354 2313 2400 mecum

372 2426 641 2483 acturus
709 2425 852 2482 erat
913 2437 1029 2499 per
1103 2436 1172 2481 se
1247 2415 1502 2484 abunde
1563 2424 1707 2483 erat
1766 2418 2311 2498 commendatum,

365 2503 536 2569 mihi
591 2509 806 2567 tamen
865 2514 932 2566 et
983 2522 1100 2584 pro
1162 2501 1428 2568 homine
1471 2503 1677 2568 amico
1712 2510 1800 2569 'et
1854 2505 2141 2570 maxime
2193 2525 2311 2588 pro

366 2587 700 2655 communi
742 2586 1047 2653 ecelesiae
1088 2586 1372 2653 utilitate
1413 2596 1604 2674 grata
1644 2589 1770 2653 fuit
1812 2596 1928 2654 tua
1977 2589 2308 2671 sedulitas,

369 2673 649 2756 dedique
693 2693 956 2754 operam
1000 2682 1074 2738 ut
1109 2673 1392 2751 volebas,
1437 2695 1522 2740 ne
1566 2673 1895 2740 dubitaret
1937 2695 2007 2740 se
2041 2675 2311 2759 perinde

366 2760 484 2826 abs
529 2772 597 2824 te
639 2757 822 2858 diligi
866 2766 936 2823 ut
981 2758 1118 2841 ipse
1160 2766 1228 2824 te
1270 2768 1498 2825 mutuo
1533 2768 1727 2825 amat.
1806 2759 2309 2843 Expeditionem

364 2865 566 2997 qouam
611 2844 901 2927 susc1pit,
939 2852 1076 2942 tam
1110 2844 1362 2910 confido
1404 2866 1779 2946 prosperam
1813 2854 1882 2910 et
1913 2847 2311 2913 fructuosam

366 2952 668 3082 „mmm
573 2949 769 3092 ‘³⁰⁸2ss
790 2927 2308 3102 ηὲὲΐηῖῗξέὴωῖἒῗὲξὲηξῗῗᾶξὲᾲωθὲὲᾚ

364 3102 615 3169 referre
659 3100 1067 3168 commodum
1109 3102 1212 3167 sit.
1315 3103 1519 3169 Recte
1572 3102 1831 3186 quidem
1887 3103 2145 3170 divinas
2204 3125 2309 3170 me

367 3187 652 3256 assiduis
696 3186 1161 3253 certaminibus
1204 3188 1555 3267 assuefieri,
1623 3197 1696 3253 ut
1749 3190 1995 3272 torpori
2038 3211 2171 3255 non
2224 3192 2311 3256 sit

363 3273 565 3342 locus.
671 3271 808 3339 Sed
850 3271 1040 3339 crede
1083 3272 1266 3351 mihi,
1309 3275 1531 3340 minus
1573 3274 1818 3358 negotii
1857 3272 2021 3339 mihi
2057 3272 2310 3340 exhibi-

363 3367 508 3427 tum
556 3367 657 3425 est
698 3378 739 3423 a
776 3356 1020 3424 Ser-veto
1063 3367 1130 3424 et
1171 3379 1348 3427 nunc
1397 3380 1437 3425 a
1494 3358 1844 3443 Westphalo
1886 3368 1954 3426 et
1987 3360 2307 3428 similibus

363 3445 715 3531 ingeritur,
756 3464 954 3527 quam
978 3444 1058 3511 ab
1095 3443 1391 3512 hostibus
1414 3443 1799 3522 domesticis,
1844 3466 2122 3529 quorum
2158 3455 2313 3513 sunt

361 3528 878 3600 innumerabiles
948 3531 1173 3612 copiae
1247 3542 1316 3596 et
1387 3529 1819 3616 implacabilis
1898 3531 2097 3597 furor.
2234 3530 2311 3599 Si

366 3615 639 3682 daretur
658 3616 853 3698 optio,
899 3625 1260 3698 praestaret
1279 3616 1479 3682 semel
1516 3638 1555 3682 a
1576 3616 1848 3700 papistis
1885 3621 2075 3682 exuri
2117 3637 2310 3700 qnam

365 3721 406 3767 a
445 3701 688 3766 vicinis
731 3701 876 3766 sine
918 3702 1048 3766 fine
1091 3709 1158 3766 et
1199 3700 1387 3767 modo
1425 3701 1715 3768 lacerari.
1783 3701 2096 3767 Invident
2137 3702 2311 3768 scili-

364 3795 472 3855 cet
507 3787 674 3852 meis
721 3784 983 3864 delitiis,
1030 3787 1390 3871 noluntque
1424 3786 1847 3870 tranquillum
1872 3788 2097 3854 vivere
2118 3808 2309 3871 quem

363 3885 430 3939 et
471 3871 731 3957 ingenti
772 3870 1181 3955 negotiorum
1225 3872 1394 3939 mole
1436 3893 1636 3958 prope
1677 3871 1865 3938 obrui
1906 3881 1973 3938 et
2014 3873 2311 3939 tristissi-

362 3959 492 4025 mis
515 3956 694 4024 curis
715 3956 953 4023 misere
976 3956 1267 4035 distrahi,
1292 3967 1361 4023 et
1379 3958 1773 4043 importunis
1796 3957 2309 4043 flagitationibus

362 4043 720 4128 inquietari
784 4042 1031 4108 vident.
1142 4042 1365 4111 Unum
1430 4044 1733 4110 solatium
1796 4052 1896 4109 est
1909 4095 1924 4121 ,
1992 4043 2161 4127 quod
2227 4043 2310 4110 ab

364 4128 495 4196 hac
550 4128 815 4194 duriore
863 4127 1094 4194 militia
1151 4128 1334 4195 brevi
1401 4149 1579 4194 mors
1644 4130 2054 4194 vacationem
2109 4129 2305 4196 dabit.

364 4212 616 4281 Omnia
649 4214 857 4298 igitur
890 4235 1197 4298 prospere
1231 4235 1374 4281 esse
1391 4266 1406 4293 ,
1451 4224 1518 4280 et
1552 4214 1939 4299 praesertim
1975 4214 2306 4281 exitialem

362 4311 585 4366 motae
661 4320 702 4363 a
786 4300 1022 4366 vicinis
1107 4300 1541 4367 contentionis
1626 4299 1960 4365 flammam
2038 4307 2309 4384 repente

363 4386 758 4452 exstinctam
803 4405 945 4450 esse
967 4385 1391 4452 vehementer
1430 4384 1698 4471 gaudeo.
1720 4388 1777 4465 ⁸)
1835 4385 2160 4452 Dominus
2194 4406 2309 4452 vos

366 4479 690 4556 perpetuo
781 4470 1007 4536 favere
1087 4480 1552 4556 prosequatur,
1633 4470 1990 4538 incolumes
2069 4480 2310 4551 servet,

362 4557 731 4641 spirituque
774 4577 889 4622 suo
931 4567 1136 4640 regat.
1225 4558 1410 4636 Vale,
1456 4557 1694 4622 eximie
1728 4556 1832 4623 vir
1875 4565 1941 4623 et
1977 4557 2310 4623 carissime

361 4860 642 4932 md)
675 4861 892 4919 Nomen
924 4880 964 4918 a
996 4861 1148 4918 Bm
1181 4863 1531 4920 moenam
1566 4871 1616 4920 et
1660 4865 1978 4935 simpliciter
2014 4864 2089 4920 N.
2126 4879 2309 4934 supcr-

363 4935 659 5001 m,
709 4932 773 4986 ὑι
814 4930 951 5013 ροά.
998 4928 1125 4985 107·
1161 4930 1477 5055 seweie
1522 4933 1791 4991 destinate
1836 4934 2149 5017 examplari.
2211 4931 2308 5015 ὈΓ.

361 5000 944 5071 ςικιεαᾱηοωοαιιυε
995 4998 1195 5056 adN.
1377 5000 1550 5058 ‚De
1593 5001 2309 5058 mamaeae-as·

365 5135 1576 5261 &neumam-“w
1607 5139 1709 5195 ...
1739 5140 1862 5209 ‘w
1894 5144 2129 5209 ‘w‘
2158 5140 2308 5197 Μ

570 5274 632 5337 8)
672 5273 938 5330 simlerus
970 5275 1032 5330 in
1064 5276 1338 5346 παρίοισι
1383 5275 1464 5330 De
1509 5292 1669 5331 eausa
1709 5276 2000 5332 iuramenti
2046 5276 2311 5346 loquitur,

359 5354 549 5413 omps
575 5344 822 5410 romula
851 5345 914 5398 in
945 5343 1259 5400 renovando
1288 5344 1504 5411 foedere
1535 5344 1877 5417 armanda.

2059 440 2226 502 1554
2267 435 2674 506 mmmm.

4226 453 4351 517 358

2424 625 2646 708 stater,
2689 647 2840 695 cum
2882 647 3090 695 uxore
3124 635 3193 694 et
3224 629 3489 697 familia.
3577 629 3888 700 Genevae
3933 638 3989 700 7.
4032 633 4367 706 Oalendas

2423 711 2717 780 Ianuarii
2764 715 2943 780 1555.

3314 842 3609 919 'Ioannes
3653 852 3968 922 Calvinus
4009 862 4180 923 tuus.

3176 1143 3580 1155 *—

3277 1360 3474 1432 2⁰7⁰.

2813 1512 3283 1583 GALVINUS
3319 1514 3946 1586 BULLINGERO.

2588 1680 2953 1750 Lismanini
2999 1684 3157 1751 laus.
3207 1684 3506 1767 Defensio
3551 1686 3687 1752 iam
3736 1689 3850 1755 sub
3884 1689 4077 1771 prelo.
4156 1690 4354 1760 West-

2401 1764 2643 1847 phalas
2673 1769 2874 1850 paulo
2917 1772 3205 1855 aspen-ius
3244 1776 3559 1838 tractans.
4290 1779 4297 1786 '

2415 1935 2532 2002 (Au
2691 1938 2839 2009 phou
2872 1941 3241 2009 praebuerunt
3276 1941 3515 1996 Archiv·
3549 1941 3728 1997 Turio.
3764 1944 3905 1997 Plut.
3942 1945 4040 2000 VI.
4076 1947 4196 2002 Vol.
4231 1948 4353 2018 166,

2413 2004 2545 2058 olim
2680 2024 2735 2076 p.
2788 2008 2939 2063 Tem.
2987 2007 3081 2075 24,
3134 2010 3226 2065 fol.
3277 2008 3362 2064 21.
3414 2038 3482 2050 —
3535 2010 3702 2064 Plura
3753 2019 3974 2068 exstant
4038 2032 4242 2087 apogrs
4279 2018 4351 2072 hs

2413 2072 2665 2129 Genevae
2699 2076 2831 2130 Cod.
2868 2076 2986 2144 108,
3020 2079 3110 2133 fol.
3144 2076 3214 2132 37
3249 2085 3306 2132 et
3341 2078 3486 2133 11112·
3553 2079 3644 2133 fol.
3683 2079 3741 2141 1;
3792 2082 4006 2138 Bernae
4057 2085 4199 2155 Epp-
4308 2087 4351 2142 1.

2411 2157 2466 2211 p.
2498 2140 2601 2197 381
2637 2149 2695 2198 et
2726 2143 2864 2199 515·
2912 2155 2968 2202 et
3011 2146 3193 2200 anioi
3240 2163 3327 2215 ap.
3380 2147 3665 2202 Simlerum
3715 2147 3837 2203 Vol.
3872 2150 3959 2220 86,
4014 2152 4052 2210 i.
4101 2170 4151 2211 e.
4193 2154 4265 2210 ad
4299 2173 4349 2210 s.

2772 2184 2926 2272 155⁶.
2998 2214 3197 2270 Venio
3231 2215 3440 2285 angues
3473 2215 3683 2273 Philad.
3716 2217 3816 2273 111.
3851 2218 3994 2289 110.)

2413 2380 2853 2451 ornatissimo
2893 2386 3038 2450 viro
3081 2386 3167 2451 D.
3212 2385 3575 2454 Heinricho
3619 2387 4004 2475 Bullingero
4047 2391 4354 2460 ecclesiae

2414 2469 2769 2554 Tigurinae
2812 2467 2941 2536 fido
2998 2471 3265 2555 pastori,
3322 2472 3508 2537 fratri
3550 2474 3968 2557 integerrimo
4012 2484 4078 2542 et
4130 2479 4353 2545 obser-

3036 2555 3253 2622 vando
3297 2566 3716 2643 symmystae.

2585 2722 2654 2791 S.
2702 2724 2927 2808 Quum
2970 2725 3297 2810 expeditio
3340 2727 3466 2793 ista
3509 2727 3591 2792 ad
3634 2749 3833 2811 quam
3873 2740 4144 2798 vocatur
4185 2735 4352 2817 opti-

2411 2831 2562 2876 mus
2606 2810 2712 2876 vir
2752 2809 2837 2877 D.
2876 2811 3292 2878 Limaninus
3314 2816 3366 2890 ¹)
3409 2812 3599 2878 valde
3641 2817 4022 2891 necessaria.
4068 2817 4352 2886 hominis

2411 2917 2570 2963 vero
2624 2896 2786 2963 fides
2839 2905 2907 2963 et
2961 2898 3307 2982 integritas
3378 2898 3564 2964 nobis
3631 2899 3719 2964 sit
3783 2903 4073 2985 cognita:
4138 2904 4350 2970 fecisti

2412 3002 2532 3065 pro
2590 2989 2704 3048 tua
2760 2983 3020 3066 pietate,
3076 2981 3448 3051 venerande
3515 2984 3748 3062 frater,
3814 2994 3882 3051 et
3939 2986 4127 3053 solito
4192 3010 4350 3075 erga

2413 3066 2663 3135 Christi
2706 3068 3041 3137 ecclesiam
3100 3068 3332 3152 studio,
3392 3068 3561 3154 quod
3616 3090 3765 3136 eum
3824 3071 4201 3141 cohortatus
4258 3096 4348 3156 es,

2410 3173 2495 3219 ne
2543 3174 2736 3239 quam
2792 3176 3044 3221 moram
3109 3156 3416 3223 traheret.
3503 3154 3850 3223 Caeterum
3909 3159 4022 3224 ubi
4083 3160 4167 3226 ad
4229 3182 4351 3229 nos

2412 3239 2680 3323 appulit,
2724 3241 2858 3307 iam
2901 3243 3285 3324 propensior
3328 3248 3473 3307 erat
3512 3242 3651 3307 eius
3694 3243 3998 3311 voluntas
4039 3266 4232 3329 quam
4275 3254 4353 3312 ut

2409 3323 2606 3411 longo
2650 3346 2944 3392 sermone
2988 3347 3149 3409 opus
3200 3326 3416 3394 fuerit.
3522 3326 3834 3394 Currenti
3882 3337 4122 3410 tamen,
4180 3330 4351 3416 quod

2410 3412 2615 3489 aiunt,
2652 3411 2867 3478 calcar
2909 3410 3146 3477 addere
3181 3421 3452 3478 conatus
3495 3433 3641 3477 sum
3728 3435 3811 3480 uo
3854 3423 3922 3480 et
3964 3414 4241 3484 celerius
4283 3425 4351 3483 et

2409 3496 2690 3564 alacrius
2743 3504 3061 3582 pergeret.
3162 3496 3428 3564 Interea
3484 3518 3643 3563 vero
3734 3520 3845 3564 nm
3888 3499 3996 3567 hie
4048 3501 4205 3581 fuit,
4265 3523 4348 3569 ex
4402 3543 4409 3550 ·

2407 3582 2617 3648 literis
2657 3582 2742 3648 D.
2786 3582 3056 3648 Ioannis
3096 3603 3140 3648 a
3182 3582 3455 3660 Las-00²)
3511 3584 3786 3668 cognovi
3821 3583 4152 3653 hominem
4209 3608 4351 3655 esse

2408 3667 2479 3732 in
2523 3668 2880 3751 procinctu,
2924 3688 3043 3751 per
3084 3688 3279 3749 quem
3325 3669 3494 3752 Regi
3549 3680 3615 3733 et
3670 3671 4047 3752 proceribus
4103 3673 4345 3740 scribit.

2408 3752 2736 3819 Dominus
2778 3753 2920 3837 pios
2964 3772 3302 3818 servorum
3349 3774 3611 3819 suorum
3678 3765 3948 3822 conatus
3991 3754 4346 3839 benedicat,

2407 3859 2492 3904 ne
2534 3837 2801 3922 optabili
2835 3857 3139 3905 successu
3182 3845 3462 3905 careant.

2577 3923 2915 3990 Refutatio
2971 3922 3313 4004 westphali
3362 3944 3538 3991 nunc
3587 3923 3930 3992 excuditur
3948 3927 4003 4010 ⁸)
4046 3935 4114 3992 et
4166 3927 4353 3995 brevi

2407 4010 2480 4074 in
2523 4008 2736 4076 lucem
2779 4007 2999 4075 exibit.
3085 4008 3489 4093 Principium
3527 4008 3641 4075 tibi
3678 4011 3980 4077 ostendet
4023 4012 4346 4080 Limeni-

2408 4114 2533 4160 καθ
2576 4104 2814 4160 noster.
2880 4094 3050 4175 Quia
3086 4094 3383 4162 videbam
3431 4094 3597 4160 nihil
3639 4116 3790 4160 eum
3834 4097 4044 4182 magis
4086 4107 4346 4182 captare

2408 4200 2604 4264 quam
2664 4187 2740 4246 ut
2818 4179 3155 4247 nobiscum
3212 4181 3563 4247 immensas
3620 4182 3839 4265 copias
3884 4184 3954 4249 in
4010 4190 4345 4251 certamen

2408 4449 2675 4518 2070.1)
2707 4450 2802 4507 Ad
2833 4467 2900 4506 sa
2932 4467 3071 4523 quae
3113 4467 3287 4520 supra
3319 4451 3396 4507 ad
3433 4451 3507 4507 N.
3544 4449 3682 4506 2057
3719 4450 3966 4506 dedimus
4007 4453 4139 4508 hacc
4172 4453 4344 4509 adds.-

2409 4520 2626 4575 Itinera
2659 4534 2766 4574 sua
2798 4535 2967 4591 usque
3002 4520 3079 4575 ad
3121 4520 3371 4575 Venetiae
3426 4519 3733 4587 Patavium,
3772 4520 4161 4590 Mediolanum,
4324 4552 4347 4565 ·

2407 4588 2618 4644 dunum
2650 4593 2702 4644 st
2725 4588 2999 4644 huet-am
3032 4588 3284 4644 extendit.
3340 4562 3414 4641 1²2·
3440 4588 3727 4643 Polom‘ms
3759 4588 3926 4643 rediit
3957 4595 4162 4646 astate
4189 4589 4220 4643 1
4330 4628 4343 4643 .

2411 4655 2610 4727 (Salia.
2646 4658 2716 4710 Δ.
2757 4657 2816 4712 0.
2867 4657 2943 4712 11.
2987 4655 3106 4711 571.
3149 4655 3270 4711 605.
3321 4656 3629 4713 Labicum.
3673 4656 3711 4711 l.
3744 4655 3778 4709 1.
3821 4672 3880 4725 p.
3920 4655 3987 4711 18
4018 4659 4118 4727 ss.)
4187 4657 4344 4714 Iden

2399 4741 2462 4794 p.
2495 4726 2592 4780 42.-
2640 4724 2726 4780 Ne
2770 4742 2892 4780 cum
2936 4726 3155 4781 horrido
3189 4726 3396 4780 cucullo
3438 4726 3494 4779 in
3530 4724 3809 4780 Poloniam
3853 4725 4071 4793 rediret,
4118 4743 4343 4782 uxorem

2407 4794 2567 4849 duxit
2616 4798 2806 4848 autore
2849 4793 3074 4849 Oalvino
3125 4800 3183 4848 et
3235 4793 3429 4850 Socino
3478 4793 3575 4848 sed
3626 4792 4026 4847 contradicente
4078 4795 4344 4850 Budsinio

2407 4863 2657 4917 ministro
2703 4880 2800 4918 suo
2843 4868 2903 4918 et
2934 4864 3006 4918 ob
3049 4863 3231 4917 oculos
3276 4865 3512 4933 ponente
3546 4861 3709 4932 Regis
3754 4861 4193 4931 indignationem,
4247 4865 4343 4934 qui

2405 4948 2528 4987 eum
2564 4932 2868 5002 sumptibus
2913 4931 3024 4985 suis
3069 4933 3127 4985 in
3162 4938 3377 4986 exteras
3410 4930 3658 4999 regiones
3693 4929 3763 4983 ad
3796 4931 3976 4984 omnia
4008 4932 4342 5002 exploranda

2404 5000 2673 5081 ablegat-it
2706 5005 2766 5054 et
2796 5006 3070 5055 tantorum
3104 5005 3389 5054 conatuum
3411 5000 3572 5053 alium
3609 5004 3860 5052 eventum
3896 5015 4055 5068 quam
4091 5001 4340 5056 monaehi

2404 5071 2754 5140 nuptias'exs
2794 5075 2954 5139 ectet,
2987 5073 3104 5121 tum
3129 5075 3187 5121 et
3208 5084 3511 5123 successum
3533 5066 3795 5121 eiusmodi
3814 5068 4154 5135 matrimonii,
4192 5070 4342 5140 quod

2402 5135 3861 5274 ffiffmmi3³3..2‘t‚b‘:;2³.2÷.q⁰⁸‹3'202⁸„“3⁰32„⁸⁰⁶¹⁶0'
3862 5152 3985 5191 ‘'⁸“
4019 5139 4207 5208 ΡΜ
4254 5139 4351 5193 ³⁰·’

2608 5274 2671 5341 2)
2705 5273 3015 5345 deperditis.

2608 5342 2664 5411 3)
2704 5343 2979 5402 Ianuario
3010 5342 3280 5403 abactam·

3927 5424 4027 5481 2³·
