4850 6200
317 455 436 514 817

1199 636 1387 707 2321.

759 794 1342 860 ALEXANDER
1398 792 1834 858 CALVINO.

424 1039 429 1042 ,
493 964 882 1045 Prosper-um
925 970 1155 1030 statum
1189 964 1476 1030 ecclesiae
1518 966 1620 1028 oui
1663 966 1796 1029 iam
1850 967 2096 1045 praeest
2137 963 2271 1026 Ar—

314 1052 618 1135 yentorati
683 1052 903 1116 laudat
967 1058 1020 1115 et
1063 1053 1308 1132 exponit
1367 1073 1495 1132 qua
1538 1052 1616 1115 de
1659 1071 1856 1115 causa
1909 1052 2148 1129 factum
2188 1050 2273 1113 sit

319 1143 388 1199 ut
428 1139 500 1200 in
542 1138 932 1203 sermonibus
974 1138 1158 1201 initio
1203 1139 1408 1202 latina
1447 1136 1696 1219 qalzicis
1739 1136 2073 1201 misouerit.

317 1310 428 1375 (Ex
479 1310 816 1378 autographo
863 1310 993 1363 Cod.
1047 1310 1249 1362 Gonev
1291 1308 1408 1371 112,
1455 1310 1544 1360 fol.
1583 1307 1697 1374 176,
1744 1308 1979 1376 pessime
2028 1314 2268 1370 exarato,

317 1378 396 1430 ita
433 1379 652 1448 quidem
689 1388 749 1431 ut
787 1395 890 1431 non
919 1379 1095 1430 minus
1132 1380 1340 1432 autoris
1377 1379 1503 1430 stilo
1532 1395 1690 1446 quam
1724 1377 1923 1429 nostris
1948 1377 2116 1429 oculis
2151 1377 2269 1427 iure

901 1448 1147 1500 diffidere
1185 1449 1342 1499 nobis
1379 1447 1699 1506 videamur.)

489 1618 703 1682 Fideli
772 1618 1018 1682 Christi
1081 1618 1382 1682 ministro
1430 1618 1513 1682 D.
1553 1618 1791 1682 Ioanni
1839 1616 2112 1681 Calvino
2157 1615 2268 1679 do-

317 1706 499 1768 mino
547 1714 610 1767 et
655 1708 1064 1786 praeceptori
1102 1704 1453 1787 plurimum
1495 1703 1918 1854 obsera-vagia

1833 1813 2092 1854 enevae.

489 1965 729 2044 Accepi
768 1962 989 2025 literas
1019 1966 1064 2023 ¹»
1104 1961 1212 2025 hux
1245 1962 1533 2027 vanitatis
1571 1978 1738 2035 tuae,
1791 1963 2078 2025 virorum
2117 1960 2262 2025 doc

315 2052 582 2117 tissime.
635 2050 868 2130 quibus
893 2047 1370 2129 congratularis
1409 2049 1608 2111 statui
1653 2060 1959 2111 renovato
2007 2061 2266 2110 nostrae

316 2136 625 2201 ecclesiae
689 2148 862 2197 certe
929 2154 1041 2214 per
1109 2135 1232 2196 Dei
1290 2134 1800 2197 misericordiam
1856 2144 1919 2196 et
1967 2136 2264 2201 gratiam.
2319 2180 2324 2193 .

318 2221 659 2285 Habemus
716 2234 778 2282 et
839 2240 958 2281 nos
1004 2221 1170 2299 quod
1212 2220 1565 2299 gloriemur
1611 2242 1722 2301 per
1769 2220 1990 2283 Iesum
2039 2220 2269 2283 Chris-

319 2322 460 2371 tum
534 2308 604 2369 in
675 2306 777 2370 his
846 2326 1007 2386 quae
1076 2306 1154 2367 ad
1226 2305 1443 2368 Deum
1487 2310 1835 2387 pertinent.
1919 2305 2086 2368 Nam
2133 2305 2272 2387 ipse

315 2394 642 2457 Dominus
668 2404 918 2454 tantam
960 2389 1134 2454 dedit
1162 2394 1512 2455 efficaciam
1565 2392 1759 2454 verbo
1805 2413 1937 2467 sue,
1984 2402 2057 2453 utv
2103 2403 2262 2472 post·

315 2480 546 2561 positis
606 2478 908 2540 omnibus
969 2478 1254 2539 dissidiis
1316 2480 1456 2558 ipsa
1522 2478 1790 2542 ecelesia
1837 2497 2013 2540 nunc
2050 2478 2142 2540 sic
2188 2490 2274 2540 sit

319 2565 702 2631 coadunata.
757 2576 822 2626 et
875 2564 940 2625 in
1005 2565 1315 2626 virtutem
1373 2565 1514 2626 fidoi
1565 2580 1630 2625 et
1675 2564 1936 2629 vinculo
1983 2564 2272 2627 caritatis
2321 2602 2326 2647 :

318 2650 766 2733 conglutinata
827 2660 898 2711 ut
963 2670 1187 2712 omnes
1243 2652 1584 2713 unanimes
1641 2672 1768 2712 una
1818 2650 2145 2712 sententia
2201 2649 2272 2711 in
2322 2676 2326 2711 ε

316 2740 530 2820 prima
587 2757 807 2811 coena,
867 2758 1056 2816 quam
1119 2736 1534 2817 praecedenti
1600 2736 1943 2799 Dominica
1985 2736 2270 2799 celebra-

318 2825 551 2895 vimus
600 2822 1039 2904 glorificarent
1078 2821 1294 2885 Deum
1342 2836 1406 2885 et
1452 2832 1700 2903 patrem
1754 2822 2016 2885 Domini
2067 2821 2269 2885 nostri

317 2908 470 2973 Iesu
519 2907 785 2972 Christi.
861 2907 1158 2971 Fuerunt
1207 2909 1492 2988 quidam.
1539 2908 1650 2969 sed
1697 2909 1905 2988 pauci,
1950 2907 2062 2988 qui
2099 2907 2270 2987 apud

317 3017 386 3059 se
433 2994 648 3058 adhuc
691 2995 1102 3058 retinuerant
1148 3016 1226 3056 ex
1285 2994 1503 3057 farina
1543 2996 1847 3076 Aegypti,
1895 2994 2006 3073 qui
2045 2994 2270 3057 eadem

318 3080 424 3145 die
483 3082 832 3144 noluerunt
894 3080 1230 3144 nobiscum
1298 3081 1796 3144 communicare.
1879 3079 2012 3144 sed
2071 3102 2273 3161 quum

320 3168 646 3231 vidissent
691 3179 944 3229 tantam
984 3168 1292 3230 ecclesiae
1329 3166 1760 3241 concordiam,
1802 3179 1894 3229 tot
1939 3187 2162 3247 preces
2207 3176 2274 3229 et

317 3252 620 3337 publicae
675 3251 1093 3336 lacrymae*‚

317 3349 610 3422 spectato
667 3340 736 3401 in
795 3361 865 3401 se
927 3339 1143 3420 ipsis*
1211 3340 1545 3414 reversi*,
1607 3340 1932 3421 poenituit
1969 3359 2077 3402 eos
2115 3359 2273 3403 suae

317 3425 778 3508 negligentiae.
871 3425 1048 3489 Hinc
1107 3426 1350 3490 factum
1417 3439 1517 3489 est
1561 3439 1637 3488 ut
1696 3426 1900 3488 altero
1951 3425 2055 3488 die
2121 3446 2270 3489 cum

319 3510 635 3595 lacrymis
689 3521 754 3571 et
809 3510 1109 3592 precibus
1165 3533 1382 3574 coram
1441 3511 1668 3574 maiori
1737 3520 1920 3591 parte
1966 3511 2273 3575 ecclesiae

323 3598 649 3679 supplices
717 3617 787 3659 se
838 3609 1250 3678 praestarent
1308 3597 1566 3661 veniam
1617 3608 1914 3679 petentes
1961 3618 2116 3660 suae
2163 3620 2271 3659 ve-

319 3683 578 3748 cordiae
623 3691 690 3747 ct
734 3704 961 3746 eorum
985 3684 1273 3745 omnium
1322 3683 1554 3765 quibus
1581 3681 1897 3746 hactenus
1934 3682 2269 3746 ecclesiam

320 3769 728 3834 offenderant
774 3784 840 3832 et
883 3768 1500 3833 scandalizaverant.
1582 3770 1958 3834 Convocata
2018 3779 2117 3832 est
2152 3770 2271 3850 igi·

320 3871 430 3920 tur
475 3855 684 3920 tribus
731 3855 961 3919 diebus
1002 3856 1333 3919 continuis
1377 3854 1662 3928 ecclesia,
1699 3867 1765 3918 et
1811 3853 2072 3917 auditae
2117 3864 2274 3918 sunt

322 3963 548 4006 eorum
613 3962 835 4022 preces
894 3955 960 4004 et
1006 3941 1333 4023 lacrymae
1393 3941 1663 4021 itaque*
1721 3939 1975 4022 publice
2022 3939 2276 4004 Christi

321 4027 631 4093 ccclesiae
688 4029 896 4110 gloria
953 4028 1161 4090 honor
1224 4041 1290 4089 et
1337 4025 1715 4107 trepudium
1761 4027 1827 4088 in
1874 4025 2146 4109 gloriam
2195 4026 2274 4088 il-

319 4112 450 4178 lius
512 4113 623 4196 qui
672 4114 852 4177 novit
911 4113 1105 4176 corda
1171 4112 1452 4176 filiorum
1507 4111 1850 4175 hominum
1910 4123 1976 4175 et
2021 4111 2277 4193 lapidea

324 4221 399 4265 ac
443 4199 658 4263 ferrea
695 4200 762 4262 in
808 4220 1045 4263 carnea
1088 4209 1154 4263 et
1201 4197 1512 4262 flexibilia
1561 4211 1833 4262 mutare.
1922 4197 2274 4262 Caeterum

323 4286 498 4367 quod
566 4307 671 4348 me
724 4285 1033 4349 admones
1084 4307 1164 4348 ne
1203 4286 1561 4347 sententias
1607 4283 1848 4347 latinas
1885 4286 2274 4349 misceamus

324 4394 471 4436 cum
538 4371 789 4455 gallicis
814 4375 868 4453 ²)
915 4372 1457 4454 gratantissime*
1516 4369 1779 4451 accipi0.
1872 4367 2008 4434 b'ed
2068 4391 2276 4434 unum

327 4469 387 4522 te
425 4459 594 4524 scire
640 4456 804 4530 vole,
845 4478 948 4520 me
974 4457 1289 4522 hactenus
1332 4456 1454 4520 hoc
1502 4477 1628 4518 non
1680 4455 1907 4519 fecisse
1931 4453 2102 4537 quod
2139 4477 2276 4519 mo-

325 4565 462 4607 rsm
502 4545 569 4606 in
617 4561 858 4624 papatu
887 4555 1214 4640 receptum
1267 4543 1497 4605 vellem
1545 4541 1819 4605 imitari:
1867 4563 2020 4606 nam
2066 4541 2279 4624 gratia

323 4630 452 4693 Dei
512 4630 690 4693 hunc
735 4650 982 4692 morem
1036 4631 1163 4692 iam
1211 4628 1464 4711 pridem
1513 4650 1551 4693 a
1595 4649 1699 4691 me
1746 4626 2058 4691 abdicavi.
2142 4626 2274 4692 Sed

325 4714 448 4781 hoc
507 4717 789 4779 feceram
857 4723 1124 4796 rogatus
1192 4736 1231 4778 a
1294 4715 1719 4796 pientissimis
1779 4712 2106 4777 nobilibus
2144 4716 2279 4777 An-

326 4803 494 4884 gliae
518 4807 574 4880 ³)
631 4815 696 4865 et
757 4823 796 4864 a
855 4801 1214 4882 potioribus
1272 4800 1695 4883 magistratus
1743 4801 1967 4877 nostri,
2013 4800 2122 4881 qui
2170 4818 2275 4861 or-

326 4973 507 5026 2321
534 4974 592 5038 1)
626 4972 955 5039 deperditae.

532 5042 590 5108 2)
645 5043 905 5094 Videntur
938 5043 1234 5108 pristinam
1280 5039 1498 5095 calvini
1531 5042 1812 5107 litut-qiam
1847 5051 2095 5093 mutasse
2159 5040 2276 5091 Ex·

320 5113 529 5179 plicari
564 5114 692 5163 haec
729 5118 950 5175 possent
987 5127 1051 5162 er
1081 5110 1472 5163 Ireterimistteo
1497 5125 1675 5162 rerum
1713 5115 1860 5162 statu
1895 5110 1978 5161 vel
2010 5124 2076 5162 ex
2112 5109 2276 5161 luthe-

327 5181 571 5233 ranismo
608 5180 1035 5246 Aryentoraten
1031 5181 1168 5232 ium.
1248 5177 1355 5230 Sed
1387 5195 1505 5245 epse
1539 5182 1802 5231 rationem
1839 5179 2004 5229 aliam
2044 5179 2277 5244 profert.

533 5248 592 5312 3)
642 5248 752 5315 Qut
794 5266 920 5316 (τρο
967 5255 1026 5300 ut
1077 5248 1608 5311 Francofordienses
1654 5246 1850 5300 librum
1901 5262 2054 5299 suum
2101 5246 2274 5314 anyli-

328 5333 522 5371 camam
560 5319 787 5372 caeteris
824 5319 1196 5370 obtrudebant.
1244 5317 1346 5382 (N.
1373 5315 1522 5368 2059
1560 5315 1741 5380 2091.)
1803 5315 1858 5368 I
1856 5321 2062 5369 ortasse
2095 5321 2274 5369 tamen

329 5387 495 5440 latine
527 5388 802 5441 malebant
839 5403 1000 5454 quam
1037 5387 1243 5452 qalliee,
1281 5388 1503 5452 linquae
1535 5388 1716 5439 minus
1748 5387 1933 5454 quari.

537 5473 756 5527 Galmi
783 5488 965 5543 opera.
1047 5473 1158 5528 Vol.
1202 5472 1325 5527 XV.

2071 456 2228 515 1555
2271 450 2595 518 OGTOB.

4205 458 4332 520 818

2379 640 2632 705 dinarie
2688 640 3019 705 intersunt
3075 641 3487 706 concionibus
3552 642 3736 707 meis.
3819 641 4044 723 Quum
4108 650 4333 712 autem

2379 738 2520 791 tam
2577 730 2858 808 perfecte
2894 747 3024 789 non
3069 740 3337 808 possent
3382 748 3610 792 omnes
3647 730 4008 794 sententias
4053 732 4332 812 assequi,

2376 833 2482 875 me
2537 822 2858 895 rogarunt
2922 822 2999 876 ut
3035 813 3398 895 aliquarum
3474 815 3951 878 sententiarum
4011 817 4331 916 principia

2377 897 2611 961 vellem
2671 898 2883 963 latina
2948 897 3175 980 lingua
3234 900 3523 981 proferre
3566 912 3631 961 et
3677 900 3898 963 statim
3997 901 4182 966 allice
4226 904 4329 966 in·

2379 985 2743 1066 terpretari.
2836 983 3027 1048 Certe
3088 1006 3218 1048 non
3270 985 3452 1067 potui
3510 987 3707 1049 tantis
3752 985 3917 1050 viris
4011 1007 4085 1051 oc
4133 987 4331 1053 dene·

2375 1090 2552 1152 gare,
2615 1081 2680 1132 et
2730 1069 2809 1132 de
2873 1071 2994 1136 hac
3051 1093 3120 1134 re
3179 1072 3354 1135 volui
3410 1072 3605 1133 etiam
3655 1086 3941 1135 nostram
3989 1073 4328 1138 ecclesiam

2375 1153 2743 1233 admonere,
2804 1159 2908 1221 cui
2968 1158 3161 1220 etiam
3228 1157 3474 1239 placuit
3539 1157 3716 1220 utin
3779 1158 4055 1239 gratiam
4102 1180 4325 1223 eorum

2375 1243 2483 1322 qui
2548 1250 2799 1305 tantum
2862 1242 3179 1307 hactenus
3238 1254 3699 1324 promoverant
3756 1244 3885 1307 Dei
3930 1243 4220 1319 verbum,
4260 1254 4329 1309 et

2375 1336 2511 1390 tam
2550 1326 2837 1391 humane
2875 1329 3170 1391 exsulem
3221 1328 3558 1393 ecclesiam
3604 1331 3670 1392 in
3718 1349 3838 1392 suo
3897 1350 4103 1412 regno
4150 1351 4326 1395 rece-

2373 1415 2645 1494 pissent,
2691 1413 2814 1478 hoc
2858 1414 3157 1478 facerem.
3233 1415 3293 1477 N
3299 1434 3427 1476 unc
3472 1426 3689 1478 autem
3736 1416 3951 1497 gratia
3999 1416 4123 1483 Dei
4170 1418 4330 1481 satis

2373 1512 2862 1580 promoverunt,
2908 1510 2986 1563 ut
3022 1500 3322 1581 deinceps
3367 1520 3494 1563 non
3554 1501 3641 1564 sit
3683 1522 3846 1583 opus
3904 1501 4020 1565 illa
4079 1503 4327 1566 batalo-

2372 1586 2514 1668 gia:
2580 1605 2779 1666 quare
2840 1584 3165 1666 sequendo
3224 1587 3396 1667 piam
3452 1597 3628 1652 tuam
3697 1587 4206 1652 admonitionem
4247 1587 4328 1653 de

2374 1682 2632 1737 caetero
2668 1672 2748 1735 ab
2776 1670 3153 1734 huiusmodi
3176 1671 3677 1753 allegationibus
3712 1673 3934 1737 latinis
3971 1674 4331 1740 abstinebo,

2549 1757 2861 1822 Salutant
2918 1768 2982 1819 te
3032 1758 3375 1822 clarissimi
3437 1759 3563 1822 viri
3619 1757 3699 1821 D.
3767 1758 4011 1837 Chectw,
4035 1763 4093 1842 ⁴)
4136 1781 4328 1843 prae-

2317 1854 2600 1949 ceptor
2635 1844 2778 1926 piae
2802 1845 3152 1907 memoriae
3190 1844 3364 1926 regis
3389 1844 3740 1924 Edouardi,
3766 1845 3870 1908 D.
4237 1850 4329 1924 ,5)

2317 1918 2631 2012 primus
2677 1928 3075 2012 chapelanus
3112 1929 3417 1995 eiusdem
3456 1929 3530 1993 D.
3584 1896 3957 2009 Μονέ3ἱηα3
3975 1896 4052 2015 U0)
4082 1896 4173 1996 D.
4213 1930 4326 1997 Go-

2361 2020 2568 2096 12u37)
2609 2032 2673 2078 et
2719 2016 2909 2079 multi
2958 2016 3067 2079 alii
3114 2014 3262 2079 boni
3310 2017 3433 2079 viri
3472 2016 3694 2098 Angli,
3712 2018 3772 2099 3)
3825 2018 3932 2099 qui
3994 2040 4169 2082 nunc
4214 2017 4324 2082 de-

2373 2112 2540 2183 gunt
2584 2100 2753 2184 apud
2796 2123 2914 2165 nos
2952 2122 3198 2183 suaque
3236 2101 3605 2184 praesentia
3650 2112 3715 2165 et
3748 2124 4005 2166 morum
4052 2104 4325 2188 integri-

2319 2204 2324 2259 ι
2374 2198 2505 2251 tate
2551 2200 2843 2251 nostram
2888 2187 3145 2251 assidue
3192 2187 3502 2251 decorant
3545 2187 3900 2253 ecclesiam.

2551 2273 2723 2337 Caes
2728 2296 2785 2336 tr
2801 2296 2976 2338 nune
3003 2288 3146 2336 tran
3155 2275 3402 2337 siturus
3426 2284 3524 2337 est
3544 2275 3616 2335 in
3631 2274 3943 2357 Angliam
3962 2296 4113 2340 cum
4128 2277 4332 2339 omni-

2373 2359 2495 2422 bus
2533 2361 2668 2421 suis
2705 2360 3050 2435 sororibus,
3077 2360 3444 2435 effecturus,
3471 2362 3522 2422 si
3551 2372 3776 2440 potest,
3804 2360 3970 2442 quod
4011 2361 4329 2426 hactenus

2321 2492 2326 2503 .
2376 2444 2551 2508 filius
2597 2466 2754 2508 suus
2792 2448 3050 2509 efficere
3088 2466 3235 2508 non>
3264 2449 3490 2526 potuit.
3548 2446 3733 2510 Haec
3780 2456 3939 2509 sunt
3963 2466 4139 2510 nova
4163 2468 4331 2528 quae

2378 2530 2548 2609 apud
2618 2552 2738 2593 nos
2796 2530 3124 2595 habentur
3189 2533 3482 2596 certiora.
3576 2529 3650 2595 Si
3712 2530 3957 2596 videris
4025 2546 4381 2596 nostrum*

2380 2615 2765 2697 Crispinum,
2816 2639 3053 2699 quaeso
3096 2627 3171 2681 ut
3221 2616 3511 2700 digneris
3561 2639 3709 2681 eum
3769 2634 3990 2681 nostro
4059 2618 4327 2682 nomine

2322 2714 2326 2771 h
2376 2702 2679 2766 salutare.
2765 2704 2917 2784 Ipse
2976 2706 3149 2767 enim
3197 2724 3317 2767 nos
3370 2703 3600 2767 fefellit
3657 2704 3723 2766 in
3788 2724 3903 2766 sua
3952 2703 4327 2786 peregrina·

2323 2806 2327 2837 ⁸
2376 2790 2572 2852 tione.
2645 2789 2900 2852 Iterum
2950 2789 3108 2853 vale.
3180 2790 3503 2852 Dominus
3540 2790 3725 2853 Iesus
3753 2789 4055 2852 Christus
4100 2789 4327 2872 digne·

2378 2886 2489 2937 tur
2524 2886 2587 2939 te
2633 2874 2742 2938 diu
2790 2896 3025 2939 sanum
3051 2886 3116 2939 et
3151 2876 3540 2940 ineolumem
3588 2874 3777 2938 nobis
3823 2889 3890 2938 et
3934 2896 4088 2939 suae
4125 2875 4327 2940 eccle-

2377 2960 2513 3024 siae
2549 2982 2952 3026 conservare.

2318 1184 2326 1301 —-—a

3046 2964 3453 3045 Argentinae
3504 2966 3591 3023 12.
3642 2959 3945 3025 Octobris
4000 2966 4179 3024 1555.

3119 3098 3300 3162 Tuus
3344 3110 3521 3163 totus
3557 3073 3800 3163 Petrus
3839 3098 4235 3163 Alexander.

1155 3253 1488 3333 perterriti
1552 3252 1669 3316 tali
1729 3252 2027 3334 exemplo
2084 3253 2270 3316 inex·
2320 3245 2328 3344 1

3256 3610 3459 3681 2322.

2937 3766 3294 3834 LASCUS
3341 3767 3776 3833 CALVINO.

2559 3936 2803 4002 Statum
2896 3939 3180 4003 ecclesiae
3267 3940 3743 4021 pereyriuorum
3828 3938 4331 4019 Franoofordiae

2371 4043 2745 4106 prosperum
2811 4023 3118 4102 describit,
3184 4024 3423 4104 oblique
3479 4031 3682 4090 tamen
3740 4026 3812 4089 de
3856 4026 4041 4089 certis
4082 4025 4336 4106 quibus-

2380 4112 2530 4175 dam
2582 4110 3058 4176 contentionibus
3119 4110 3193 4173 de
3235 4112 3417 4174 rebus
3459 4112 3729 4176 minoris
3773 4111 4080 4188 momenti,
4127 4129 4333 4176 caere-

2380 4195 2611 4261 moniis
2645 4201 2828 4277 puta,
2875 4196 3098 4259 obortis
3140 4195 3427 4276 loqu-itur.

2584 4419 2644 4486 4)
2682 4434 2749 4471 ex
2787 4417 2958 4470 Italia
2993 4415 3188 4469 redu-r.

2587 4489 2645 4550 5)
2682 4502 2876 4540 nomen
2910 4486 3149 4538 dubium.

2588 4555 2647 4620 6)
2690 4555 2776 4609 De
2811 4572 2918 4625 quo
2955 4556 3076 4608 vide
3111 4553 3190 4608 Ν.
3227 4553 3382 4608 2186.
3441 4555 3575 4609 Post
3606 4556 3710 4607 iter
3746 4569 3903 4606 suum
3940 4555 4187 4607 italicum
4222 4556 4334 4608 Ar-

2377 4632 2721 4693 yentoratum
2758 4625 2921 4678 redut
2954 4624 3135 4694 ibique
3172 4632 3415 4677 mortuus
3450 4631 3541 4676 est.
3603 4622 3839 4692 (St-rype‚
3868 4623 4082 4677 Parker
4117 4624 4185 4677 11
4210 4622 4330 4677 446.

2382 4695 2553 4760 Idem,
2592 4694 2711 4747 ecel.
2753 4693 2911 4746 Mem.
2950 4693 3045 4746 111.
3086 4692 3131 4757 1,
3163 4710 3222 4760 p
3261 4692 3398 4750 232.)
3459 4693 3542 4757 Of.
3578 4694 3739 4746 etiam
3784 4693 3852 4744 N.
3889 4690 4043 4747 2416.

2587 4762 2646 4824 7)
2696 4761 2823 4815 Tale
2858 4777 3047 4814 nomen
3084 4733 3219 4815 a'libi
3251 4779 3364 4816 non
3398 4763 3649 4816 occurrit
3728 4762 3859 4815 Vide
3894 4778 3967 4813 cm
4004 4765 4105 4815 iste
4140 4763 4202 4814 in
4235 4777 4333 4814 no-

2380 4835 2524 4884 mine
2559 4833 2852 4884 erraverit.-
2899 4847 3028 4884 nam
3078 4833 3222 4883 mter
3255 4832 3465 4899 Anytus
3501 4832 3992 4898 Arqentoratenses
4026 4837 4333 4884 recensetur

2379 4902 2583 4969 aliquis
2624 4902 2716 4951 Sir
2753 4901 3014 4968 Anthony
3049 4897 3210 4952 Cook.

2586 4968 2647 5034 8)
2688 4969 2750 5021 Si
2797 4985 3071 5022 nominum
3118 4984 3368 5021 curto-«ms
3417 4984 3471 5020 es
3514 4968 3784 5034 plurimos
3815 4968 4093 5035 praebebat
4134 4967 4333 5037 Strype

3556 5053 3653 5090 uos
3688 5047 3735 5090 et
3772 5038 3907 5090 alebi
3952 5039 4137 5090 obvios
4173 5038 4331 5091 habe—

3574 5109 3709 5170 rorte,
3745 5106 3895 5157 John
3941 5107 4107 5158 Ponet
4142 5107 4333 5175 biahop

2382 5177 2448 5238 of
2492 5175 2834 5241 Winchester,
2882 5175 3215 5227 Edmamdus
3258 5174 3499 5228 (zrindal
3546 5175 3751 5226 Ridleii
3794 5177 4110 5241 capellanus
4141 5184 4334 5242 postca

2381 5247 2824 5312 archiepiscopus
2890 5244 3255 5297 Eboracensis
3307 5250 3400 5296 etc
3496 5244 3664 5295 Mum
3725 5245 3823 5296 aliz
3896 5246 4337 5312 subscripserunt

2379 5316 2638 5379 epistotae
2689 5310 3154 5435 23.3Nov.1554
3207 5313 3371 5366 datae
3421 5329 3560 5380 quae
3613 5314 3806 5378 legitur
3859 5315 3919 5366 in
3968 5312 4223 5368 Troubtes
4275 5319 4339 5370 at

2383 5383 2614 5448 Francf.
2648 5399 2686 5450 p
2738 5383 2771 5435 2

2381 5039 2501 5090 eccl.
2544 5038 2708 5091 Mem.
2746 5039 2778 5090 l.
2818 5039 2848 5090 l.
2922 5037 3079 5090 Inter
3114 5051 3205 5090 eos
3250 5040 3484 5088 eminent

2379 5124 2502 5158 mus
2543 5106 2634 5159 Sir
2672 5107 2832 5159 Peter
2872 5105 3061 5175 Carey,
3104 5105 3193 5157 8ίι·
3242 5106 3474 5157 Thomas

3849 5467 3999 5528 52„
