4850 6200
501 432 626 499 851

501 638 649 685 rem
692 616 839 685 istic
871 616 1385 685 Pharisaeorum
1427 637 1628 701 quam
1664 615 1919 683 Christi
1951 617 2226 684 Domini
2268 616 2469 681 ratio—

503 725 662 772 nem
697 702 942 771 habere
986 702 1174 770 velis.
1241 701 1540 787 Cupiunt
1581 702 1676 768 illi
1722 703 1982 786 quidem
2019 703 2231 769 videri
2274 722 2469 787 posse

504 789 772 875 aliquid,
830 798 900 857 et
948 788 1196 855 habent
1249 809 1402 855 suas
1445 798 1620 855 artes
1665 788 1890 855 tuendi
1931 799 2316 873 usurpatam
2359 794 2468 873 ty-

505 876 854 943 rannidem
890 873 1436 961 impediendique,
1472 875 1530 943 si
1551 876 1710 959 quid
1744 875 1815 941 in
1851 896 1924 942 se
1956 876 2156 942 statui
2182 874 2464 941 videant.

505 961 643 1031 Sed
687 961 810 1029 sibi
852 962 1120 1047 ipsimet
1160 981 1292 1027 non
1337 970 1674 1027 constant:
1721 983 1934 1045 neque
1977 962 2155 1026 enim
2190 960 2464 1026 dubium

503 1058 605 1115 est
663 1048 839 1115 inter
893 1048 1068 1133 ipsos
1109 1045 1315 1112 latere
1365 1046 1710 1131 plerosque
1754 1047 2146 1114 Nicodemos
2182 1047 2292 1131 qui
2329 1066 2464 1111 non

503 1153 749 1219 magno
792 1132 1056 1218 negotio
1109 1131 1194 1199 ad
1238 1132 1581 1199 Christum
1625 1133 1728 1199 vel
1784 1145 1978 1198 noctu
2038 1132 2270 1199 deduci
2312 1154 2463 1216 pos-

504 1230 674 1299 sent,
742 1220 948 1287 donec
1056 1219 1328 1285 aulatim
1395 1218 1719 1285 firmiores
1784 1219 2087 1299 evadant,
2156 1220 2213 1285 si
2270 1217 2461 1284 modo

504 1305 923 1393 tyrannidem
1000 1306 1181 1371 ilam
1248 1324 1286 1371 e
1353 1325 1692 1406 synagoga
1755 1305 2055 1371 eiiciendi
2132 1304 2459 1371 sublatam

502 1391 827 1458 viderent.
897 1392 989 1457 Et
1031 1400 1108 1456 ut
1153 1390 1322 1456 nulli
1369 1390 1532 1455 tales
1577 1399 1731 1470 sint,
1770 1402 1969 1474 atque
2003 1412 2229 1456 omnes
2265 1390 2461 1474 plane

503 1477 709 1545 veluti
755 1477 1110 1544 coniuratis
1165 1476 1405 1543 animis
1449 1477 1719 1543 Christo
1765 1477 2050 1543 Domino
2103 1478 2460 1542 reclamare

502 1572 845 1645 conentur,
903 1583 1227 1645 nusquam
1286 1583 1446 1629 sane
1503 1562 1720 1628 minus
1776 1584 1969 1646 quam
2031 1563 2178 1628 istic
2237 1561 2459 1627 valere

500 1657 799 1734 possunt.
888 1648 1179 1715 Tametsi
1238 1648 1306 1713 in
1355 1648 1478 1715 hoc
1526 1651 1640 1714 tali
1687 1648 1976 1715 adventu
2022 1648 2274 1714 Christi
2319 1648 2452 1713 Do-

500 1734 668 1801 mini
712 1736 876 1800 nihil
924 1755 1089 1817 opus
1133 1744 1233 1799 est
1289 1733 1437 1802 aliis
1495 1734 1690 1819 plane
1731 1734 1886 1800 ullis
1930 1734 2245 1800 adversus
2299 1734 2459 1800 istos

500 1820 790 1889 consiliis
835 1840 1034 1904 quam
1090 1831 1164 1885 ut
1207 1830 1498 1885 vestrum
1542 1820 1812 1904 quisque
1857 1821 2124 1886 Christo
2167 1819 2458 1885 Domino

500 1905 760 1973 obviam
819 1916 1000 1973 certa
1053 1904 1293 1971 fiducia
1349 1916 1414 1971 et
1473 1926 1621 1972 cum
1678 1906 1938 1990 publica
1998 1905 2457 1991 gratulatione,

498 2012 620 2077 pro
663 2001 924 2059 vestrae
972 1993 1327 2057 vocationis
1371 1993 1641 2070 ratione,
1688 2002 2006 2058 occurrat.
2099 1993 2316 2058 Tanta
2359 2000 2461 2056 est

497 2077 808 2144 videlicet
842 2077 1095 2144 Christi
1133 2077 1402 2143 Domini
1445 2078 1513 2144 in
1558 2079 1740 2162 regio
1776 2077 2067 2143 adventu
2109 2079 2315 2162 ipsius
2350 2078 2459 2142 vis

497 2182 574 2229 ac
611 2165 904 2246 potentia
937 2162 1020 2228 ad
1063 2162 1553 2248 repurgandum
1589 2164 1908 2249 templum
1944 2166 2170 2247 ipsius,
2223 2174 2297 2229 ιιι
2334 2164 2459 2229 etsi

497 2249 911 2317 sacerdotum
948 2248 1278 2334 principes
1322 2248 1700 2333 scribaeque
1734 2261 1802 2315 et
1846 2249 2187 2316 Pharisaei
2224 2270 2456 2314 omnes

497 2332 816 2401 adventui
850 2335 1058 2419 ipsius
1094 2345 1412 2418 quantum
1450 2337 1718 2401 omnino
1762 2345 2041 2419 possunt
2077 2337 2454 2414 reclament,

497 2428 695 2505 atque
755 2442 794 2487 a
861 2421 1088 2504 templi
1154 2425 1368 2504 ipsum
1437 2421 1540 2487 sui
1604 2422 1904 2506 ingressu
1964 2444 2187 2488 arcere
2244 2423 2455 2488 modis

497 2505 801 2575 omnibus
845 2515 1200 2585 conentur,
1261 2507 1488 2572 veniat
1545 2517 1767 2572 tamen
1827 2507 2257 2573 nihilominus
2314 2508 2455 2591 ipse

497 2593 949 2676 templumque
985 2593 1221 2675 ipsum,
1257 2593 1442 2677 regia
1488 2592 1556 2657 in
1599 2593 1711 2659 illo
1748 2595 2096 2658 autoritate
2132 2615 2252 2659 sua
2288 2596 2455 2660 eiec-

498 2678 583 2744 tis
627 2680 930 2745 omnibus
964 2677 1352 2761 pharisaicis
1388 2678 1990 2756 nundinationibus,
2037 2701 2306 2763 prorsus
2351 2701 2457 2744 re-

496 2776 754 2850 purget.
847 2764 931 2829 Et
990 2763 1073 2829 ad
1139 2762 1507 2830 obturanda
1572 2764 2092 2831 adversariorum
2161 2766 2457 2831 omnium

496 2870 631 2931 ora,
677 2872 808 2915 non
852 2848 1320 2932 discipulorum
1364 2849 1559 2916 modo
1601 2872 2079 2936 puerorumque
2129 2873 2204 2918 ac
2248 2850 2457 2935 plebis

542 2938 906 3005 romiscuae
961 2937 1216 3016 turbas,
1277 2936 1394 3001 sed
1447 2936 1593 3020 ipsa
1647 2958 1902 3021 quoque
1946 2947 2131 3004 muta
2184 2958 2343 3003 saxa
2388 2946 2457 3003 et

494 2957 692 3089 gruta
755 3022 1066 3087 animalia
1119 3021 1300 3106 loqui
1354 3030 1422 3088 et
1464 3023 1751 3091 clamare
1803 3024 2016 3089 faciet.
2100 3024 2203 3089 Ne
2247 3024 2457 3109 igitur

495 3115 563 3176 te
630 3116 904 3193 tuosque
962 3116 1273 3176 moveant
1336 3115 1454 3176 aut
1509 3130 1625 3176 vos
1692 3109 1825 3175 ullo
1883 3109 2073 3177 modo
2138 3111 2453 3177 sollicitos

494 3193 784 3262 habeant
841 3215 997 3279 opes
1067 3195 1359 3278 potentia
1424 3202 1618 3296 atque
1682 3204 1858 3262 artes
1923 3196 2453 3263 adversariorum

494 3281 643 3348 istie
708 3281 960 3347 Christi
1036 3281 1283 3364 pariter
1358 3301 1675 3347 omnium.
1785 3282 2240 3349 Conticescere
2302 3283 2453 3349 illos

496 3366 778 3452 denique
857 3373 926 3432 et
991 3367 1222 3432 cedere
1285 3367 1432 3434 illos
1496 3374 1751 3451 oportet
1811 3367 2077 3435 Christo
2142 3369 2451 3448 Domino,

497 3451 657 3518 dum
721 3453 834 3518 ille
898 3471 1049 3518 oum
1113 3453 1373 3538 publico
1429 3451 1894 3539 discipulorum
1958 3475 2318 3538 puerorum
2376 3475 2453 3522 ac

495 3539 728 3606 turbae
785 3537 1108 3623 applausu
1167 3538 1251 3605 ad
1316 3539 1804 3625 repurgandum
1869 3541 2191 3624 templum
2254 3563 2451 3606 suum

496 3626 728 3694 venire
764 3623 1097 3710 dignatur.
1163 3624 1294 3692 Sed
1333 3635 1522 3692 tuum
1557 3627 1701 3706 erit,
1738 3627 1887 3692 Rex
1923 3627 2452 3707 clementissime,

497 3730 726 3778 omnes
770 3721 845 3778 ut
884 3712 1077 3798 regni
1135 3713 1234 3777 tui
1278 3721 1501 3796 portas
1547 3712 1931 3778 adventanti
1975 3712 2265 3779 Domino
2309 3713 2452 3799 glo·

497 3797 638 3864 riae
741 3805 948 3878 atere,
1007 3797 1178 3881 quod
1222 3798 1295 3862 in
1346 3808 1410 3864 te
1464 3807 1590 3877 est,
1653 3799 1853 3865 facias
1909 3799 2225 3883 illumque
2267 3800 2455 3865 iuxta

501 3882 868 3950 doctrinam
916 3884 1366 3967 propheticam
1424 3905 1498 3949 su
1550 3884 1704 3968 plex
1748 3884 2145 3952 exosculeris
2188 3887 2258 3951 in
2303 3884 2454 3952 doc-

501 3968 675 4034 trina
698 3968 800 4035 sui
836 3970 1183 4054 evangelii,
1207 3971 1394 4037 cuius
1430 3972 1497 4035 fu
1528 3993 1752 4055 gorem
1786 3972 1918 4037 iam
1955 3972 2197 4055 alioqui
2233 3972 2455 4055 palam

500 4055 744 4120 exoriri
788 4055 1029 4138 ubique
1071 4056 1285 4122 invito
1330 4078 1405 4123 ao
1450 4057 1812 4123 reluctante
1856 4057 2102 4123 mundo
2146 4060 2456 4125 universo

499 4140 822 4208 videmus.
893 4141 992 4206 Ne
1029 4162 1158 4224 quo
1196 4140 1390 4209 modo
1431 4143 1546 4208 fiat
1589 4153 1666 4208 ut
1707 4144 1808 4208 ira
1849 4145 2058 4228 ipsius
2102 4144 2456 4210 adversum

499 4237 567 4292 te
611 4237 680 4292 et
723 4248 996 4312 regnum
1045 4238 1251 4308 tuum,
1310 4229 1518 4294 veluti
1571 4229 1744 4313 ignis
1788 4231 2055 4296 flamma
2098 4229 2456 4315 depascens

502 4315 726 4380 omnia
798 4314 1199 4382 exardescat.
1314 4316 1503 4380 'l'une
1573 4315 1752 4380 enim
1811 4314 2033 4382 beatos
2091 4317 2231 4382 fore
2304 4337 2456 4401 pro·

499 4401 773 4466 nunciat
828 4401 1150 4484 propheta
1205 4421 1336 4467 non
1395 4400 1695 4484 equidem
1755 4422 1865 4467 eos
1921 4404 2030 4485 qui
2076 4402 2456 4469 Pharisaeis

500 4488 775 4636 gapisve
819 4485 1061 4552 addicti
1104 4486 1393 4570 adeoque
1446 4496 1512 4552 et
1569 4487 1770 4553 iurati
1825 4495 2075 4567 essent,
2135 4487 2250 4554 sed
2307 4488 2457 4555 illos

548 4579 844 4651 untaxat,
890 4573 1006 4655 qui
1050 4594 1204 4639 vero
1245 4572 1468 4638 Zionis
1505 4572 1665 4656 regi.
1703 4573 1970 4640 Christo
2009 4574 2279 4658 inquam
2316 4574 2455 4639 Do-

501 4658 699 4735 mino,
745 4677 904 4723 vera
936 4657 1335 4743 minimeque
1378 4657 1783 4744 hypocritica
1827 4660 1954 4725 fide
1999 4667 2191 4744 atque
2235 4660 2457 4727 obser-

501 4743 736 4809 vantia
779 4743 1251 4810 adhaesissent.
1319 4745 1576 4810 Horum
1627 4753 1692 4810 te
1735 4744 1829 4810 ita
1869 4744 2221 4813 admonere
2257 4746 2456 4824 volui,

502 4829 652 4895 Rex
698 4829 1169 4913 potentissime,
1217 4850 1334 4913 pro
1378 4829 1508 4897 fide
1552 4832 2098 4915 observantiaque
2131 4851 2297 4912 mea,
2343 4833 2457 4916 qui

500 4921 685 4981 tuam
730 4913 972 4998 alioqui
1018 4914 1404 5000 dignitatem
1461 4918 1655 4983 istam
1699 4918 1949 5003 regiam
1992 4940 2140 4984 eum
2185 4926 2457 4984 aeterna

502 4999 713 5068 salute
755 5021 831 5069 ac
876 5002 1062 5086 regni
1107 5002 1406 5070 coelestis
1450 5002 1662 5089 gloria
1704 5004 2121 5070 coniunctam
2154 5024 2297 5069 esse
2339 5024 2454 5088 op-

503 5086 719 5152 tarim.
805 5087 895 5153 Et
938 5095 1015 5153 ut
1060 5087 1429 5156 Maiestatis
1479 5099 1631 5156 tuae
1690 5089 2078 5156 excellentia
2132 5111 2173 5155 a
2214 5089 2455 5155 Phari-

502 5191 803 5238 saeorum
838 5173 984 5240 istic
1028 5171 1333 5260 (indigna
1367 5185 1435 5242 ts
1460 5176 1745 5259 profecto
1778 5183 1964 5241 tanto
2001 5177 2187 5260 rege)
2222 5188 2456 5261 tyran-

501 5256 657 5324 nide
721 5258 924 5324 semel
991 5259 1339 5344 aliquando
1394 5261 1783 5329 vindicetur.
1885 5260 2024 5327 Oro
2079 5272 2147 5328 te
2211 5271 2453 5343 autem,

499 5343 652 5412 Rex
695 5342 1224 5429 elementissimo,
1282 5355 1360 5413 ιιι
1399 5368 1620 5414 meum
1665 5347 1789 5415 hoo
1848 5347 2159 5429 studium,
2218 5369 2346 5433 quo
2389 5359 2457 5415 te

1993 426 2524 497 EPIS'POLAE
2566 430 2996 494 2339—2340

4393 429 4520 490 852

2571 617 2641 680 in
2704 617 2996 682 Domino
3059 637 3452 700 prosequor,
3514 637 3857 700 meamque
3932 618 4129 683 istam
4192 613 4524 681 scribendi

2568 701 2937 766 libertatem
2983 701 3140 768 boni
3182 702 3552 780 consulere,
3609 724 3729 786 pro
3771 703 4012 786 pietate
4056 724 4133 769 ac
4175 701 4525 768 clementia

2570 796 2686 853 tua
2729 788 2930 872 regia,
2988 799 3055 853 et
3096 810 3203 854 me
3259 789 3475 874 gratia
3530 798 3647 853 tua
3691 789 3993 872 prosequi
4036 789 4523 871 patrocinioque

2568 883 2685 939 tuo
2730 876 2903 939 tueri
2948 873 3260 960 digneris.
3349 873 3536 940 Deus
3580 873 3735 957 Opt.
3782 876 3961 940 Max.
4010 874 4185 939 adsit
4227 874 4343 939 tibi
4384 875 4521 957 spi-

2567 960 2702 1024 ritu
2756 970 2982 1027 sancto
3037 982 3189 1040 sue,
3247 969 3436 1045 regat
3493 961 3763 1026 consilia
3806 972 3918 1026 tua
3961 959 4208 1039 omnia,
4269 970 4335 1024 et
4376 980 4519 1023 om-

2567 1044 2762 1111 nibus
2828 1049 2962 1112 tuis
3026 1048 3390 1114 actionibus
3454 1045 3809 1113 benedicat.
3899 1048 4137 1112 Amen.
4225 1045 4520 1111 Franco-

2566 1132 2813 1198 fordiae
2853 1142 2975 1200 etc.
2999 1133 3059 1218 ⁴)

3090 1271 3269 1336 'Duae
3307 1269 3640 1335 Maiestati
3685 1269 3907 1353 regiae
3950 1266 4432 1335 addictissimus

3428 1355 3710 1421 Ioannes
3755 1377 3796 1420 a
3838 1356 4072 1421 Lasco,

3435 1919 3633 1991 2340.

2955 2090 3628 2161 BULLINGERUS
3679 2089 4116 2157 CALVINO.

2735 2266 3044 2332 Hortatur
3115 2269 3184 2329 ut
3246 2268 3504 2328 senatus
3578 2263 3954 2329 Geneveresis
4018 2263 4376 2327 relationem
4440 2262 4517 2327 de

2559 2353 2855 2419 seditione
2910 2351 3020 2416 hoc
3091 2371 3255 2416 anno
3308 2350 3480 2432 facta
3544 2351 3613 2414 in
3648 2350 3970 2433 publicum
4014 2350 4171 2413 edat.
4265 2349 4397 2429 Quo
4440 2349 4514 2413 in

2559 2441 2684 2506 loco
2740 2441 2827 2505 sit
2868 2438 3177 2521 neyotium
3220 2436 3293 2502 de
3336 2437 3681 2501 iuramento
3738 2437 4200 2519 foederatorum
4244 2436 4510 2517 exponit,

2558 2528 2704 2591 item
2747 2526 2901 2607 quid
2956 2523 3346 2605 Westphalus
3388 2527 3444 2587 et
3492 2523 3847 2587 Timannus
3888 2542 4091 2604 nuper
4124 2522 4511 2601 scripserint.

2565 2610 2973 2680 Concordiam
3015 2611 3176 2675 inter
3217 2629 3424 2674 omnes
3464 2609 3753 2674 ecclesias
3793 2610 3889 2675 vel
3943 2610 4014 2673 in
4059 2607 4347 2671 Helvetia
4390 2628 4513 2671 non

2557 2700 2691 2764 nisi
2728 2697 3065 2779 difficulter
3121 2695 3398 2761 stabiliri
3440 2715 3628 2778 posse
3683 2696 3869 2772 docet,
3928 2699 4083 2761 certe
4129 2694 4513 2758 solummodo

2558 2783 2667 2850 hoe
2702 2789 2885 2866 paeto
2926 2787 2997 2847 ut
3044 2781 3346 2848 Calvinus
3389 2781 3464 2847 de
3519 2801 3642 2846 sua
3686 2780 4255 2862 praedestinatione
4297 2784 4512 2845 taceat.

2557 2956 2669 3021 (Ex
2706 2953 3045 3024 autographo
3081 2953 3244 3007 Arch.
3281 2953 3460 3007 Turio.
3507 2952 3649 3006 Plut.
3687 2952 3780 3006 VI.
3817 2951 3944 3005 Vol.
3988 2949 4131 3016 1171»,
4170 2950 4301 3003 olim
4336 2949 4509 3005 Serin.

2797 3025 2855 3078 G.
2891 3025 3034 3093 Epp.
3072 3023 3221 3077 Tem.
3258 3022 3326 3076 11.
3363 3023 3455 3076 fol.
3489 3019 3609 3074 312.
3649 3050 3709 3061 —
3750 3020 3962 3075 Simler.
4000 3012 4127 3075 Vol.
4161 3018 4272 3085 86.)

2729 3196 3113 3264 Clarissimo
3171 3197 3313 3262 viro
3368 3196 3455 3260 D.
3505 3194 3742 3260 Ioanni
3779 3193 4061 3260 Calvino
4096 3192 4509 3260 Genevensis

2554 3284 2864 3351 ecelesiae
2931 3283 3172 3365 pastori
3228 3280 3611 3347 fidelissimo
3666 3280 3928 3345 domino
3997 3279 4381 3345 honorando
4439 3286 4510 3345 et

2552 3370 2743 3436 fratri
2786 3368 3242 3436 colendissimo
3278 3375 3346 3434 et
3388 3367 3727 3434 carissimo
3771 3387 3934 3433 mee.
4110 3450 4176 3516 G
4265 3453 4324 3515 ff

3286 3505 3291 3510 ,
4179 3472 4259 3517 en
4316 3501 4332 3516 .

2727 3625 2799 3694 S.
2836 3626 2923 3692 D.
2987 3625 3159 3692 Heri
3199 3626 3319 3692 sub
3352 3644 3697 3709 vesperam
3719 3630 3872 3690 tuae
3894 3623 4311 3688 mihiallatae
4353 3631 4512 3689 sunt

2553 3713 2802 3793 literae,
2831 3715 2880 3801 ¹)
2922 3713 3184 3778 domine
3204 3711 3582 3778 venerande
3618 3721 3687 3775 et
3728 3712 3932 3776 frater
3953 3709 4306 3776 carissime.
4383 3710 4511 3776 Co-

2557 3820 2678 3884 gor
2734 3810 2960 3865 autem
3011 3799 3144 3864 illis
3197 3797 3472 3864 vixdum
3530 3798 3712 3862 lectis
3762 3807 4030 3882 propter
4084 3796 4511 3861 tabellionum

2557 3886 3111 3970 opportunitatem
3156 3881 3575 3968 respondere:
3617 3883 4008 3949 brevitatem
4045 3902 4203 3966 ergo
4262 3890 4329 3947 et
4386 3883 4512 3948 fes·

2558 3973 2906 4038 tinantiam
2951 3970 3110 4037 boni
3132 3971 3432 4037 consulas
3467 3991 3598 4036 oro.
3666 3969 3885 4035 Simul
3930 3969 4105 4034 enim
4141 3968 4265 4034 hoe
4308 3988 4511 4052 agens

2560 4058 2641 4124 ad
2703 4058 2833 4124 alia
2879 4058 3114 4141 rapior.
3203 4056 3522 4123 Libenter
3585 4056 3719 4139 legi
3774 4063 3956 4119 tuam
4017 4056 4510 4119 excusationem

2559 4164 2688 4228 qua
2744 4153 2815 4209 tu
2867 4145 3030 4208 mihi
3102 4143 3502 4221 satisfecisti,
3590 4142 3964 4206 instruxisti
4028 4153 4372 4224 praeterea
4438 4149 4512 4206 ut

2560 4231 2805 4315 possim
2865 4231 3063 4295 etiam
3124 4230 3271 4296 aliis
3329 4230 3681 4296 veritatem
3737 4240 3967 4292 contra
4022 4227 4385 4290 calumnias
4446 4235 4513 4291 et

2558 4316 2902 4382 mendacia
2935 4315 3347 4399 quorundam
3389 4335 3734 4397 exponere.
3819 4314 4036 4397 Perge
4078 4321 4154 4378 ιιι
4199 4313 4392 4377 modo
4436 4334 4515 4378 ea

2558 4424 2727 4485 quae
2790 4403 2971 4486 pacis
3036 4411 3103 4466 et
3166 4401 3547 4468 concordiae
3613 4409 3773 4466 sunt
3829 4420 4086 4483 urgere.
4176 4397 4292 4463 Sic
4334 4400 4513 4463 enim

2559 4488 2706 4554 Deo
2751 4496 2820 4552 et
2839 4486 3143 4553 omnibus
3186 4486 3374 4554 bonis
3396 4487 3697 4570 placebis.
3765 4486 3892 4551 Est
3934 4495 4150 4550 tamen
4197 4484 4306 4549 hic
4339 4483 4513 4567 quod

2559 4573 2863 4657 inprimis
2918 4582 2985 4638 te
3043 4573 3210 4639 scire
3268 4574 3485 4639 refert.
3595 4570 3813 4637 Audio
3881 4570 4175 4636 libellum
4233 4570 4363 4636 huc
4428 4570 4513 4635 ad

2560 4659 3040 4743 amplissimum
3084 4667 3387 4726 senatum
3426 4679 3569 4724 esse
3612 4658 3889 4722 missum
3936 4679 3976 4724 a
4023 4656 4290 4723 Per-rino
4313 4656 4370 4742 ²)
4414 4665 4511 4720 at·

2559 4765 2684 4829 que
2736 4745 2894 4825 suis,
2950 4766 3079 4829 quo
3133 4765 3402 4812 causam
3451 4765 3639 4811 suam
3700 4755 3903 4828 agant
3945 4751 4013 4807 et
4069 4743 4510 4807 innocentiam

2559 4831 2919 4915 approbare
2961 4829 3380 4898 contendant.
3469 4829 3697 4912 Quum
3756 4832 3933 4895 enim
3988 4827 4392 4894 Basilienses
4446 4835 4513 4893 et

2558 4917 2770 4983 nostri
2813 4916 3261 5004 intelligerent
3302 4917 3596 5002 graviter
3636 4917 3813 4982 inter
3855 4937 3926 4982 se
3984 4912 4301 4980 dissidere
4344 4914 4513 4980 Ber-

2762 5159 2824 5228 4)
2863 5158 2960 5215 Sic
2993 5156 3195 5214 Ooaeae.
3267 5155 3343 5211 12·
3387 5155 3533 5212 edito
3573 5156 3800 5226 loquar.-
3834 5154 4044 5211 Ultima
4064 5157 4319 5210 Decemb.
4356 5153 4508 5210 1565.

2560 5226 2720 5284 Patet
2834 5231 2844 5242 ⁰
2893 5229 3035 5283 olan·
3153 5227 3165 5240 ‘
3231 5242 3282 5281 m
3315 5227 3578 5296 scripta-⁸
3612 5227 3793 5284 serim
3822 5230 4048 5283 mium
4077 5225 4269 5292 titisse.

2740 5302 2830 5434 ’2))
2858 5297 2994 5422 ἔξω·
3028 5294 3223 5420 ⁶03⁶:oe
