4850 6200
339 475 456 537 585

335 660 626 729 Iecarioti
680 661 960 743 loculos,
1008 661 1433 731 excutiendos
1490 685 1635 732 esse
1692 666 1940 751 putavi.
1967 665 2022 750 θ)
2132 662 2281 731 'Pibi

335 768 488 814 vero
528 758 599 814 et
639 749 944 816 omnibus
997 749 1125 848 piis
1173 748 1492 817 iudicium
1538 750 1759 817 defero
1817 772 1904 831 00
1960 757 2139 817 10010
2194 770 2279 817 00

334 855 516 901 00000
556 836 826 920 egerim.
930 832 1103 901 Vide
1146 856 1344 920 quam
1399 836 1778 920 praeclarus
1820 838 2125 904 missator
2168 858 2280 902 ex-

332 921 574 1001 sistam,
619 941 753 987 000
797 921 1009 988 factus
1051 942 1268 1005 nuper
1309 943 1385 987 00
1419 932 1713 1006 repente,
1773 934 1850 989 ut
1892 933 2120 1007 poetae
2167 944 2279 989 00-

329 1006 460 1072 11100
501 1007 690 1082 fiunt,
736 1007 849 1090 qui
892 1008 1094 1073 semel
1139 1009 1207 1073 in
1250 1006 1584 1075 Parnasso
1626 1021 1850 1075 monte
1894 1009 2279 1087 dormirent,

329 1113 572 1177 suaque
614 1092 797 1159 labra
850 1094 1102 1177 poetico
1158 1093 1274 1160 illo
1328 1095 1561 1178 poculo
1614 1096 2011 1180 proluerent,
2070 1095 2185 1162 sed
2241 1116 2281 1161 a

330 1199 529 1262 puero
593 1178 911 1245 educatus
974 1180 1047 1245 in
1111 1180 1257 1247 istis
1321 1182 1691 1266 mysteriis,
1757 1194 1825 1247 et
1887 1203 2017 1248 non
2085 1182 2279 1248 modo

327 1274 652 1349 spectator
694 1264 811 1332 sed
853 1266 1157 1331 minister
1211 1286 1485 1351 quoque,
1548 1266 1662 1334 sed
1722 1265 2082 1334 admirator
2134 1270 2275 1334 exi-

326 1353 494 1417 mius
551 1353 1015 1437 mysteriorum
1072 1352 1365 1427 istorum.
1477 1355 1582 1420 Ac
1634 1375 1719 1419 ne
1772 1374 2008 1438 parum
2065 1374 2278 1419 essem

326 1436 679 1503 audaculus
721 1438 795 1502 in
836 1437 982 1521 ipsa
1015 1438 1213 1504 etiam
1258 1437 1481 1522 legum
1540 1450 1611 1504 et
1651 1458 1974 1505 canonum
2040 1449 2109 1506 et
2165 1439 2276 1506 de·

325 1522 666 1590 eretalium
725 1522 925 1608 adyta
995 1523 1343 1608 penetravi
1409 1532 1477 1589 et
1546 1525 1793 1609 protuli
1865 1536 2277 1592 sacrosancta

322 1611 641 1693 mysteria
683 1610 752 1674 in
788 1622 1206 1693 conspectum
1250 1610 1758 1677 christianorum
1796 1612 2165 1696 principum
2209 1626 2279 1675 00

321 1695 548 1780 populi
591 1706 667 1762 ut
703 1704 975 1780 pateant
1017 1717 1191 1763 0000
1252 1696 1366 1762 vul
1416 1718 1455 1763 0
1512 1697 1890 1775 01111001000,
1947 1698 2072 1764 0101
2131 1697 2278 1764 vult

319 1790 640 1865 perpetuo
677 1802 939 1848 0000010
987 1801 1132 1849 0000
1174 1804 1323 1849 0010
1412 1784 1762 1849 0011100010
1804 1806 1924 1851 000
1967 1783 2275 1863 maximo,

322 1866 641 1951 quidquid
691 1868 1060 1935 sanctitatis
1109 1875 1178 1934 et
1231 1870 1630 1954 imposturae
1673 1870 1822 1955 plus
1866 1891 2059 1954 quam
2106 1879 2277 1936 sata·

321 1954 508 2019 nicae
550 1973 639 2038 pa
686 1966 831 2020 0000
875 1974 1190 2020 10100000
1232 1956 1541 2021 00001000.
1610 1956 1855 2022 Ρο0011
1900 1954 2272 2022 audendum

320 2059 463 2106 esse
505 2048 625 2105 tan
672 2061 773 2106 em
820 2039 1066 2124 aliquid
1126 2040 1376 2126 Gyaris
1432 2049 1498 2107 et
1552 2062 1814 2110 carcere
1870 2042 2144 2128 dignum
2201 2052 2276 2108 ut

318 2145 558 2212 papam
629 2127 699 2191 in
755 2127 1082 2191 fortalitiis
1149 2129 1287 2193 suis
1356 2127 1748 2194 firmissimis
1818 2129 2276 2214 grammatista

400 2212 685 2279 rmanici
721 2212 983 2296 imperii
1028 2213 1192 2278 civis
1235 2213 1726 2299 aggrederetur,
1783 2237 1917 2281 non
1974 2217 2270 2282 exercitu

425 2299 571 2364 rxis
614 2308 731 2364 aut
785 2299 976 2365 Darii
1032 2310 1151 2364 aut
1203 2298 1385 2386 Gyri,
1448 2300 1562 2367 sed
1620 2320 1870 2388 papyro
2016 2322 2152 2367 000
2207 2308 2275 2366 00

316 2392 707 2450 atramento.
815 2384 1046 2450 Faciat
1119 2393 1340 2451 autem
1404 2384 1731 2452 Dominus
1796 2406 1883 2471 qn
2028 2385 2273 2453 bonum

315 2470 583 2537 videtur
626 2471 697 2536 in
739 2471 945 2537 oeulis
988 2469 1213 2555 ipsius.
1302 2469 1595 2539 Obsecro
1639 2481 1721 2549 te,
1766 2473 1871 2538 vir
1915 2472 2272 2541 observan-

318 2556 605 2637 dissime,
664 2566 741 2623 ut
792 2557 978 2642 legas
1034 2557 1382 2641 aliquando
1445 2557 1701 2624 libellos
1749 2560 1933 2636 istos,
1994 2569 2061 2625 et
2106 2559 2273 2625 mihi

315 2643 658 2723 rescribas,
702 2665 832 2709 non
870 2654 943 2709 ut
977 2645 1224 2709 amicus
1258 2643 1727 2731 indulgentior,
1762 2644 1877 2711 sed
1912 2652 1989 2711 ut
2022 2667 2271 2720 censor,

314 2740 383 2793 et
425 2730 541 2814 qui
584 2738 686 2795 est
727 2748 876 2794 cum
910 2748 1154 2813 magna
1174 2739 1494 2814 potestate
1515 2731 1841 2815 spirituali
1885 2734 1951 2797 in
1999 2732 2274 2798 ecclesia

312 2813 464 2893 Dei,
513 2813 671 2899 quid
712 2824 906 2900 putes
948 2825 1125 2881 recte
1184 2826 1302 2882 aut
1343 2836 1530 2883 secus
1574 2838 1614 2883 a
1666 2839 1773 2883 me
1828 2818 2073 2884 factum
2131 2838 2275 2884 0000

315 2910 385 2965 et
439 2901 600 2986 quid
654 2921 852 2984 porro
909 2902 1162 2968 faciam.
1195 2906 1251 2982 ⁴)
1298 2939 2271 2952 ————————

1338 3039 1461 3107 Tui
1504 3039 2019 3109 studiosissimus

1266 3125 1650 3193 Theodorus
1692 3125 2099 3195 Bibliander.

1194 3710 1391 3782 21⁹5.

313 3864 494 3933 000
533 3864 1757 4037 ΜῙΝῙΒΤΒΕΒΠἘΕΒῙΞἸἚἿΞΑΝΝΕ
1794 3867 1923 3935 Au
1965 3850 2271 3935 summ

489 4139 926 4208 Redamation
970 4163 1059 4206 au
1111 4145 1276 4224 sciet
1330 4144 1408 4208 de
1464 4142 1637 4209 eadit
1676 4144 1897 4227 relatis
1932 4146 1975 4209 ὰ
2018 4146 2087 4211 la
2128 4148 2268 4213 doc-

306 4226 2266 4315 maedeGalvinddl'en-eeiqnmentdudoynoedela

397 4313 473 4380 ,ἰ
550 4315 587 4378 3.
687 4315 725 4380 ι.
807 4319 907 4393 .¹)

520 4569 584 4637 8)
632 4570 769 4626 Viae
804 4572 1053 4641 Proloqo.
1088 4580 1283 4628 nostra
1454 4611 1465 4622 .
1505 4573 1603 4629 IX.
1632 4590 1690 4643 ρ.
1729 4579 1817 4643 :vij
1849 4592 1993 4648 seqq.
2042 4579 2271 4649 Alioqui

302 4639 455 4706 forte
511 4639 726 4694 duceris
772 4642 1033 4723 eunt-‚hic
1079 4641 1146 4696 de
1196 4642 1280 4697 αἱ·
1367 4644 1387 4696 1
1472 4658 1506 4698 ο
1556 4644 1709 4715 loqui
1749 4661 1904 4717 quen·
1957 4647 2266 4703 edidit-vab

306 4711 500 4765 walo.-
552 4709 636 4762 De
670 4717 947 4780 mysteriis
984 4711 1296 4766 salutiferae
1329 4713 1595 4782 passionis
1631 4719 1690 4768 et
1722 4716 1915 4770 mortis
1937 4716 2171 4773 Moesiae
2208 4718 2262 4772 ll.

304 4776 595 4904 Πιῐδωσιιῖι
663 4779 912 4833 oratione
963 4779 1187 4834 Lutberi
1253 4781 1321 4834 de
1383 4782 1728 4839 reformanda
1779 4786 2023 4840 eeclesia.
2095 4788 2262 4842 Basil.

302 4852 331 4919 (
478 4852 2093 4992 )4)Natak⁸cp6⁸tolaeeaementionelacobiefficiea
2181 4923 2265 4991 Of.

308 4987 424 5056 Ep.
458 4984 638 5041 Leuci
668 4982 930 5066 9·.1'⁶'⁸¹“⁸·
975 4985 1194 5043 Lamus
1225 4989 1513 5056 respondet
1544 5005 1612 5044 00
1636 4990 2009 5058 Rancofmo
2041 4991 2093 5047 8.
2132 4993 2261 5048 Iun.

305 5055 576 5111 Jacobs-⁸
611 5054 826 5108 00010111
859 5055 1129 5112 habuerat
1164 5054 1441 5121 Coloniae,
1476 5065 1620 5115 citra
1652 5060 1877 5116 dubium
1910 5061 2023 5116 iam
2129 5065 2138 5077 '

306 5122 737 5180 maon-amu
779 5131 961 5180 antea.
1046 5124 1196 5179 Eius
1242 5127 1535 5183 discessum
1581 5144 1708 5199 erqo
1759 5131 1924 5198 facile
1975 5132 2050 5185 ad
2145 5148 2264 5186 nem

309 5193 530 5318 mio
562 5198 662 5246 aut
694 5192 915 5248 initi-am
954 5193 1106 5248 Maio·
1135 5195 1352 5262 referes.

308 5301 596 5456 W·
516 5261 579 5328 ¹>
612 5258 1354 5414 mmm&
1384 5280 1563 5391 2³22·
1600 5266 1827 5395 mmm
1838 5269 2269 5411 ww

2149 476 2311 542 1⁵55
2349 476 2549 543 MAI.

4217 486 4341 547 586

2387 667 2411 730 (
2533 664 2587 719 10
2621 668 3079 737 contemporaine.
3134 666 3518 738 Bibliotbeque
3547 667 3615 721 de
3644 666 3882 723 Geneve.
3940 669 4140 725 Cartou
4171 670 4341 727 19'1n.

2563 774 2577 787 .
2611 731 2697 788 ΩΙ.
2768 735 3100 790 Traduction
3137 737 3305 791 latine
3339 735 3552 792 Gerdea
3585 737 3738 793 Mino.
3773 738 3854 792 Π.
3891 739 3942 793 1.
3977 756 4027 809 p.
4064 736 4219 806 4⁷2.)
4320 756 4331 768 ·

2467 905 2686 974 Gracc
2719 918 2786 972 et
2820 908 2974 991 paix
3012 927 3135 992 par
3167 907 3359 973 Iesus
3395 905 3625 974 Christ
3658 915 3883 975 nostre
3918 908 4262 994 seigneur.

2557 1077 3000 1160 Magnifiques
3058 1087 3127 1143 et
3185 1078 3627 1145 tresredontez
3673 1078 4052 1165 Seigneurs.
4143 1083 4339 1148 Gom-

2384 1162 2534 1227 bien
2597 1184 2724 1245 que
2784 1163 2936 1227 d’un
3006 1174 3180 1230 coste
3245 1185 3415 1231 nous
3474 1187 3559 1231 ne
3625 1165 3906 1232 (1001000
3970 1167 4052 1233 (10
4115 1176 4341 1236 vostre

2384 1249 2600 1314 bonne
2638 1247 2900 1315 volonte
2945 1250 3261 1316 touchant
3300 1249 3368 1316 10
3401 1252 3553 1336 paix
3591 1262 3662 1316 et
3693 1254 3897 1317 00100
3934 1252 4014 1318 (10
4045 1253 4338 1340 l'Eglise,

2383 1344 2452 1399 et
2490 1333 2744 1400 d'autre
2788 1345 2965 1399 coste
3008 1358 3176 1402 nous
3230 1335 3532 1402 sachions
3588 1338 3884 1404 combien
3929 1359 4091 1406 vous
4133 1360 4339 1424 povez

2384 1441 2426 1485 a
2467 1420 2596 1485 bon
2642 1420 2816 1484 droit
2869 1431 3042 1486 estre
3098 1422 3197 1487 las
3242 1420 3493 1490 d’avoir
3536 1445 3667 1508 ouy
3709 1446 3817 1490 000
3875 1426 4054 1490 10010
4110 1446 4339 1508 passez

2381 1516 2528 1571 tant
2562 1506 2644 1569 (10
2676 1506 2958 1590 01010100
3002 1514 3070 1572 et
3111 1520 3663 1576 remonstrances:
3713 1511 4047 1577 toutesfois
4080 1532 4336 1598 voyans

2382 1613 2510 1675 que
2553 1613 2625 1657 ce
2671 1593 2822 1670 mal,
2875 1593 3084 1675 lequel
3131 1615 3295 1660 vous
3338 1616 3495 1663 avez
3539 1595 3764 1662 tasche
3807 1596 3956 1681 d’ap
4040 1598 4172 1663 iser
4215 1618 4339 1681 par

2380 1697 2504 1743 voz
2548 1675 2884 1743 dernieres
2938 1679 3184 1759 lettres,
3211 1682 3268 1756 2)
3323 1689 3425 1746 000
3479 1702 3565 1747 00
3619 1680 3887 1750 evident
4024 1683 4213 1769 ugier
4255 1681 4338 1749 de

2380 1763 2722 1830 tellement
2765 1767 3076 1848 01001101,
3137 1766 3273 1851 quil
3318 1773 3419 1833 est
3473 1766 3910 1852 grandement
3950 1788 3992 1833 a
4032 1768 4338 1835 craindre

2383 1848 2521 1933 quil
2597 1853 2752 1916 n’en
2830 1850 3159 1918 advienne
3225 1874 3354 1918 une
3427 1851 3810 1937 dissipation
3877 1854 4336 1921 merveilleuse

2380 1944 2606 2001 contre
2650 1943 2868 2002 vostre
2913 1937 3207 2017 volunte,
3266 1959 3433 2005 nous
3489 1961 3694 2007 avons
3755 1960 3953 2025 00000
3998 1961 4126 2023 que
4179 1962 4335 2026 suy-

2379 2030 2545 2086 vant
2585 2022 2647 2088 le
2701 2031 2992 2088 serment
3034 2046 3162 2108 que
3214 2046 3377 2091 nous
3422 2045 3629 2092 avons
3674 2047 3714 2092 a
3756 2046 3874 2091 voz
3929 2025 4335 2094 excellences

2377 2116 2447 2172 et
2487 2108 2701 2192 lequel
2742 2108 2792 2173 11
2828 2130 2991 2175 1000
3026 2131 3066 2175 0
3101 2111 3251 2196 0100
3285 2132 3452 2177 0000
3487 2111 3840 2177 1οΕ1·0001111
3872 2132 3993 2195 par
4030 2133 4147 2177 voz
4185 2111 4333 2177 der·

2381 2193 2599 2260 nieres
2640 2193 2891 2272 lettres,
2937 2216 3103 2261 nous
3148 2217 3432 2262 sommes
3475 2212 3672 2263 00000
3719 2197 3798 2263 (10
3832 2219 3996 2263 1000
4040 2196 4336 2264 advertir

2380 2279 2465 2345 de
2506 2300 2581 2346 ce
2634 2301 2760 2364 que
2811 2302 2979 2346 nous
3036 2302 3389 2366 requerons
3442 2303 3695 2349 comme
3748 2283 4113 2350 neeessaire
4167 2304 4337 2367 pour

2378 2364 2446 2430 la
2488 2366 2901 2449 pacification
2956 2368 3202 2433 entiere
3247 2367 3328 2433 de
3387 2387 3493 2434 000
3536 2367 3840 2447 troubles,
3885 2378 3951 2434 et
3995 2390 4121 2452 que
4164 2392 4332 2436 nous

2379 2471 2688 2535 esperone
2742 2473 2868 2536 qne
2923 2473 3088 2519 nous
3141 2454 3483 2520 ottroierez
3542 2474 3792 2519 comme
3845 2458 4027 2538 juste
4084 2462 4151 2522 et
4202 2456 4334 2521 rai·

2378 2538 2708 2604 sonnable.
2799 2538 2983 2603 Dont
3025 2560 3190 2605 nous
3243 2560 3408 2606 vous
3461 2540 3688 2624 prions
3743 2539 4202 2606 humblement
4243 2563 4332 2606 au

2378 2644 2530 2689 0010
2579 2623 2659 2689 (10
2703 2633 2926 2690 000010
2979 2627 3315 2710 seigneur,
3369 2626 3585 2709 lequel
3644 2646 3811 2690 nous
3867 2625 4203 2710 appellons
4248 2647 4328 2691 en

2377 2712 2707 2796 tesmoing
2744 2731 2871 2795 que
2915 2712 3195 2778 n’avons
3239 2711 3518 2777 chercbe
3560 2718 3629 2777 et
3670 2733 3755 2778 ne
3798 2709 4162 2779 cherchons
4205 2733 4332 2795 que

2376 2795 2861 2863 l’avancement
2912 2795 2992 2861 de
3045 2799 3113 2863 10
3167 2797 3373 2884 gloire
3430 2796 3710 2882 d’iceluy
3753 2806 3823 2862 et
3878 2796 3958 2862 de
4013 2819 4180 2863 nous
4225 2818 4330 2863 ac-

2378 2883 2596 2966 quiter
2639 2882 2725 2949 du
2771 2881 2997 2949 devoir
3039 2903 3168 2967 que
3212 2903 3378 2950 nous
3421 2903 3627 2949 avons
3670 2902 3711 2946 a
3743 2903 3863 2948 voz
3906 2883 4327 2949 excellences.

2552 2969 2745 3033 Ainsi
2778 2967 2963 3047 donc,
2998 2969 3431 3054 magnifiques
3454 2967 3837 3055 Seigneurs‚
3876 2989 4115 3053 pource
4136 2973 4329 3052 qu'en

2379 3074 2501 3119 voz
2560 3053 2854 3121 derniers
2910 3052 3143 3136 ediotz,
3203 3054 3342 3122 l’un
3398 3055 3668 3142 general
3723 3054 3903 3121 (10100
3957 3054 4046 3122 (10
4109 3058 4204 3121 13.
4251 3053 4333 3120 de

2378 3141 2566 3207 Mars
2591 3144 2650 3220 ⁸)
2695 3148 2764 3206 et
2805 3141 3039 3207 l’autre
3080 3142 3464 3227 particulier
3496 3162 3628 3207 aux
3662 3142 3999 3209 ministres
4033 3163 4117 3207 en
4151 3139 4334 3206 datte

2381 3224 2469 3292 du
2525 3230 2581 3292 3.
2630 3225 2907 3308 d'Avril,
2967 3227 3018 3292 il
3073 3250 3120 3312 y
3174 3248 3214 3293 a
3275 3228 3602 3313 plusieurs
3666 3229 3922 3311 poinctz
3987 3228 4100 3312 qui
4165 3248 4333 3294 nous

2379 3323 2532 3379 sont
2575 3312 2844 3380 obscure
2888 3322 2953 3380 et
2994 3313 3282 3398 lesquelz
3326 3325 3548 3380 estans
3590 3313 3721 3378 mal
3770 3312 4094 3380 entenduz
4132 3334 4331 3397 pour-

2378 3411 2618 3485 royent
2676 3398 3047 3485 engendrer
3105 3421 3198 3465 un
3250 3401 3442 3467 effect
3497 3399 3585 3464 du
3650 3408 3797 3465 tout
3861 3400 4187 3465 contraire
4245 3420 4332 3463 00

2380 3484 2557 3552 (10011
2578 3507 2707 3570 que
2751 3507 2916 3553 vous
2939 3507 3095 3554 avez
3139 3507 3264 3570 que
3304 3485 3372 3551 la
3404 3486 3561 3569 paix
3597 3495 3665 3551 et
3698 3487 3907 3552 union
3942 3486 4024 3551 de
4056 3484 4333 3570 l’Eglise

2378 3574 2510 3637 soit
2551 3579 2966 3649 entretenue,
3026 3593 3192 3637 nous
3235 3591 3402 3637 vous
3446 3570 3785 3655 supplions
3826 3593 3994 3657 pour
4033 3572 4096 3637 le
4139 3592 4334 3655 repos

2380 3656 2462 3724 de
2505 3679 2628 3723 000
2673 3659 3082 3725 000001000οο
3127 3657 3207 3723 (10
3250 3678 3368 3724 voz
3411 3678 3651 3740 povres
3705 3657 3991 3743 subject-z
4039 3679 4202 3723 nous
4247 3679 4330 3722 en

2378 3743 2632 3809 donner
2674 3743 2824 3829 plus
2868 3743 3085 3828 ample
3130 3742 3547 3809 declaration.

2549 3830 3070 3896 Premierement
3127 3830 3297 3897 donc
3353 3851 3433 3894 au
3480 3827 3906 3894 mandement
3965 3828 4053 3893 du
4105 3831 4199 3893 13.
4250 3827 4332 3894 de

2377 3916 2581 3994 Mars,
2625 3916 2840 4000 lequel
2887 3915 3225 3982 toutesfois
3267 3937 3434 3980 nous
3476 3919 3753 3980 n'avons
3798 3935 3989 3981 recen
4026 3920 4220 3999 qu’en
4265 3914 4333 3979 la

2374 4002 2471 4067 fin
2515 4002 2704 4067 dudit
2745 4022 2954 4087 moys,
3000 4002 3048 4066 il
3093 4012 3193 4068 est
3227 4001 3324 4066 dit
3360 4001 3851 4086 generalement
3884 4012 3953 4066 et
3985 4024 4139 4066 sans
4184 4002 4329 4066 rien

2375 4089 2676 4171 specifier
2718 4089 2855 4173 quil
2901 4099 3003 4152 est
3046 4108 3335 4153 survenu
3374 4085 3680 4152 different
3721 4095 3908 4152 entre
3942 4107 4063 4152 voz
4099 4088 4327 4151 minis-

2376 4184 2512 4240 tres
2552 4173 2638 4240 du
2694 4194 2858 4259 pays
2913 4173 3180 4257 conquis
3223 4172 3303 4237 de
3345 4173 3543 4248 l’une,
3605 4180 3673 4238 et
3729 4172 3826 4238 les
3869 4174 4200 4237 ministres
4246 4170 4327 4234 de

2375 4259 2674 4334 Geneve,
2729 4259 3278 4343 principalement
3325 4258 3569 4337 Calvin,
3623 4259 3704 4323 (10
3746 4260 3979 4324 l'autre
4025 4259 4138 4322 des
4181 4277 4329 4340 par-

2373 4346 2532 4426 ties,
2594 4367 2709 4411 sur
2772 4346 2838 4410 la
2901 4347 3172 4411 matiere
3239 4346 3319 4410 de
3383 4345 3448 4408 la
3512 4343 3905 4428 providence
3970 4343 4192 4408 divine
4259 4351 4326 4406 et

2374 4438 2599 4497 autres
2661 4432 2899 4516 point-z.
3001 4431 3099 4497 Or
3160 4441 3260 4496 est
3311 4430 3359 4496 il
3419 4432 3586 4496 ainsi
3647 4452 3770 4514 que
3830 4431 3967 4497 cela
4013 4450 4050 4494 a
4110 4427 4326 4492 donne

2371 4520 2691 4597 occasion,
2736 4535 2989 4583 comme
3032 4518 3080 4582 11
3116 4540 3282 4583 0000
3326 4516 3591 4596 semble,
3634 4538 3719 4581 au
3762 4516 4003 4602 peuple
4039 4514 4118 4578 de
4161 4534 4322 4597 pen·

2372 4624 2481 4669 ser
2513 4605 2844 4686 beaucoup
2877 4605 2978 4686 pis
3011 4606 3561 4687 qu’auparavant:
3609 4608 3767 4668 c'est
3801 4625 3841 4668 a
3874 4603 4098 4667 savoir
4129 4605 4325 4683 qu’en
4361 4684 4368 4695 Ι

2369 4690 2644 4773 general
2679 4709 2795 4755 voz
2830 4690 3167 4756 ministres
3204 4689 3284 4756 de
3329 4688 3488 4773 deca
3531 4697 3763 4773 soyent
3807 4687 4056 4754 bandez
4100 4693 4325 4752 contre

2370 4796 2535 4840 ceux
2582 4776 2663 4840 (10
2706 4775 3001 4854 Geneve,
3061 4785 3128 4842 et
3184 4776 3247 4842 le
3301 4796 3610 4842 commun
3665 4774 4004 4859 populaire
4058 4773 4142 4837 l'a
4185 4773 4325 4855 pris

2576 5068 2639 5200 8))
2677 5134 2759 5189 Le
2793 5141 2934 5190 teaete
2965 5150 3035 5191 ne
3081 5136 3194 5189 s’en
3241 5142 3319 5188 esc
3361 5150 3467 5201 pas
3501 5132 3766 5199 retrouve‘,
3815 5134 3954 5189 mai-s
4001 5134 4046 5187 le
4092 5142 4326 5192 contem

2369 5203 2489 5258 doit
2521 5206 2681 5258 avoir
2713 5201 2796 5259 e'td
2830 5207 2866 5259 ὰ
2895 5221 3004 5274 peu
3035 5206 3164 5274 pres
3199 5203 3246 5257 le
3278 5203 3446 5257 01611ιο
3480 5219 3583 5273 que
3618 5203 3756 5257 celui
3802 5203 3896 5255 des
3933 5209 4117 5258 autres
4149 5206 4326 5274 0113000

2367 5274 2622 5328 relatives
2655 5274 2692 5327 ὰ
2728 5273 2785 5327 la
2818 5289 2996 5328 cauae.
3068 5271 3166 5325 Du
3203 5278 3343 5327 reate
3376 5273 3453 5326 100
3485 5273 3814 5327 reclamante
3847 5279 3977 5330 nont
4013 5289 4080 5327 ea
4115 5274 4326 5329 donner

2367 5358 2477 5396 nme
2533 5341 2776 5412 analyse,
2846 5343 2943 5411 qui
2989 5341 3297 5464 s’apigliqff
3349 5338 3648 5411 &galement
3710 5357 3782 5394 au
3850 5345 4043 5398 rescrit
4105 5342 4322 5397 «ἴων-17.

3156 5447 3169 5460 .
3277 5426 3347 5465 aa.

2370 5410 2614 5478 (Ges-des
2647 5427 2685 5466 a
2718 5410 2966 5480 παρήιά
3002 5411 3049 5464 le
3354 5413 3380 5477 )
