4850 6200
351 413 463 476 349

345 596 1467 757 immmffifftffiffimff„
1476 598 2276 752 afflegem&

342 771 487 921 3:3⁸
505 769 871 922 m?
884 705 1615 925 semiss
1651 769 1836 939 2¹:1²3
1868 768 2164 922 Μω..
2022 735 2280 922 0024221‘?

341 941 743 1025 scripseram.
823 939 959 1008 Sed
1002 951 1277 1026 uterque
1333 942 1575 1010 oblitus
1630 956 1748 1009 est.
1836 943 1900 1008 A
1973 963 2056 1007 ue
2114 940 2278 1006 haec

339 1026 1858 1106 estcausacurnunceasadtenonmitto,
1984 1029 1997 1042 '
2119 1026 2278 1093 mis·

337 1133 548 1191 surus,
605 1112 717 1179 ubi
771 1113 936 1178 mihi
989 1112 1282 1180 redditae
1333 1115 1596 1181 fuerint„
1684 1111 1947 1180 Salutat
1998 1121 2065 1178 te
2114 1132 2279 1178 uxor

335 1208 395 1263 et
437 1209 582 1265 tota
622 1198 874 1265 familia
914 1210 982 1265 et
1029 1200 1267 1266 fratres
1323 1221 1568 1267 omnes.
1656 1198 1955 1266 Salutem
1998 1197 2277 1263 multam

335 1284 471 1350 dico
506 1284 793 1370 collegae
817 1284 1162 1363 Mutum,
1207 1306 1517 1371 germano
1557 1296 1690 1364 tuo,
1732 1284 2169 1352 Dommarbino
2210 1291 2278 1349 et

334 1370 558 1437 amicis
613 1372 903 1436 caeteris.
992 1369 1097 1437 De
1134 1372 1384 1456 Anglia
1437 1372 1842 1438 nunciantur
1897 1369 2279 1435 tristissima

333 1456 566 1522 omnia.
656 1456 861 1522 Nulla
911 1477 982 1522 se
1038 1479 1187 1542 spes
1243 1466 1532 1524 ostentat
1588 1458 1846 1523 futurae
1905 1454 2276 1540 tranquilli-

333 1542 505 1619 tatis,
572 1542 689 1608 sed
752 1554 932 1609 certa
994 1554 1069 1608 ut
1134 1542 1394 1609 videtur
1448 1543 1845 1626 exspectatio
1910 1538 2278 1607 horrendae

330 1627 650 1705 lanienae,
693 1628 824 1695 nisi
866 1627 1194 1695 Dominus
1235 1642 1665 1716 tyrannorum
1709 1626 1983 1695 consilia
2023 1624 2275 1706 illudat,

331 1723 440 1779 ant
503 1734 730 1779 eorum
796 1713 995 1781 corda
1057 1724 1288 1781 mutet.
1399 1715 1594 1781 Illam
1668 1714 1872 1799 igitur
1935 1712 2276 1779 molesiam

330 1800 821 1865 afflictissimam
856 1801 1343 1867 commendabis
1365 1802 1510 1867 Deo
1545 1799 1677 1866 tuis
1709 1798 2031 1883 precibus.
2095 1797 2272 1863 Vale.

327 1884 725 1951 Lausannae
775 1891 870 1951 14.
918 1887 1223 1953 Decemb.
1278 1892 1458 1953 1564.

1298 2024 1481 2089 Tuus
1518 2022 1763 2088 Petrus
1805 2020 2099 2087 Viretus.

1091 2312 1496 2325 Μ

1192 2533 1396 2604 2064.

727 2670 1387 2739 BULLINGERUS
1432 2670 1868 2739 CALVINO.

484 2843 672 2909 Nova
714 2845 981 2910 recensio
1023 2842 1429 2926 Defensionis
1483 2842 1609 2909 sibi
1660 2848 1717 2910 et
1773 2842 2015 2928 coueyis
2056 2863 2265 2927 accep-

311 2934 438 2995 tam
482 2929 782 3007 declarat,
822 2928 1157 3012 studetque
1197 2935 1267 2995 ut
1314 2930 1595 2996 Genevae
1626 2930 1840 3011 prius,
1899 2935 2035 2995 tum
2075 2930 2264 2996 diam

318 3015 541 3082 Tuo-ici
595 3016 610 3029 ⁶
764 3017 777 3030 '
987 3066 1002 3080 .
1091 3016 1157 3080 A
1199 3014 1752 3100 subscriptionibus
1791 3034 1932 3082 vero
1983 3014 2263 3101 colliqes-

309 3103 411 3168 dis
465 3101 923 3168 abstinendum.
1015 3102 1173 3184 Quis
1224 3104 1423 3184 fuerit
1478 3103 1684 3169 exibas
1738 3103 1965 3187 neyotii
2023 3102 2261 3169 Βοων-

308 3191 843 3340 ww
884 3188 1268 3357 οᾳηιαῧὲῑγιῖνε
1308 3189 1489 3254 docet.
1556 3187 1848 3271 Denique
1878 3208 2041 3255 nova
2074 3210 2261 3272 quae-

494 3295 576 3342 ex
687 3294 974 3341 mansa
1202 3325 1215 3341 .

308 3446 414 3510 (Ex
450 3452 684 3515 autogr·
759 3461 794 3499 o
814 3445 1032 3515 duplici,
1068 3445 1241 3499 altero
1262 3445 1332 3498 ab
1356 3449 1546 3498 autore
1581 3444 1684 3499 sibi
1717 3443 1825 3514 ipsi
1859 3445 2062 3514 scripto
2086 3445 2256 3500 Arch.

307 3514 433 3571 Tur.
479 3515 631 3572 Plnt.
757 3552 769 3565 .
820 3514 942 3568 Vol,
993 3511 1106 3576 105,
1153 3513 1270 3568 Fol.
1303 3511 1406 3566 627
1465 3519 1546 3576 a),
1591 3513 1764 3568 altero
1810 3528 1931 3567 oum
2010 3514 2022 3526 ⁶
2066 3514 2077 3527 '
2122 3530 2156 3568 o
2200 3519 2259 3569 et

307 3584 663 3654 inscriptione
707 3582 838 3638 ibid.
884 3583 1004 3636 Vol.
1050 3581 1170 3652 129,
1214 3582 1328 3636 Fcl.
1370 3580 1436 3634 31
1511 3579 1602 3649 (β),
1645 3582 1792 3635 olim.
1838 3582 1977 3652 Dpp.
2069 3598 2176 3638 om.
2211 3582 2255 3637 1.

821 3657 877 3704 et
911 3651 1090 3706 XXX.
1129 3678 1194 3690 —-
1230 3650 1440 3706 Simler.
1478 3650 1603 3705 Vol.
1639 3648 1754 3719 83.)

307 3823 692 3891 Clarisffimo
775 3826 914 3887 viro
984 3822 1068 3887 D.
1137 3821 1372 3888 Ioanni
1452 3819 1765 3902 Calvino,
1843 3820 2257 3889 Genevensis

306 3910 619 3978 ecclesiae
661 3907 793 3975 fido
836 3910 1082 3993 pastori
1138 3908 1402 3974 domino
1456 3905 1914 3974 colendissimo
1956 3915 2026 3974 et
2064 3907 2256 3975 fratri

856 4003 1084 4061 nostro
1124 3994 1321 4080 longe
1363 3995 1714 4060 carissimo.

473 4133 546 4200 S.
585 4135 672 4199 D.
733 4134 916 4199 Tuae
959 4130 1223 4215 quidem
1270 4131 1461 4197 datae
1504 4141 1659 4195 sunt
1711 4132 1807 4192 13.
1844 4128 2253 4208 Novembris,

305 4220 492 4286 nobis
552 4229 772 4285 autem
827 4223 920 4283 12.
966 4215 1235 4283 tandem
1271 4221 1316 4297 ¹)
1359 4215 1745 4284 Decembris
1803 4213 2128 4295 redditae,
2185 4214 2253 4282 id

302 4305 472 4388 quod
539 4323 973 4371 commemoro
1033 4315 1111 4368 ut
1183 4301 1511 4386 intelligas
1587 4307 1990 4385 quantopere
2067 4301 2255 4367 nobis

303 4392 499 4457 fuerit
542 4389 1011 4457 festinandum.
1078 4388 1405 4454 Postridie
1447 4387 1621 4454 enim
1650 4407 1846 4470 quam
1881 4395 2036 4452 tuae
2064 4397 2255 4453 erant

303 4477 544 4543 allatae
588 4475 976 4542 adveniebat
1016 4475 1099 4540 D.
1150 4473 1570 4540 Guilhelmus
1617 4470 1960 4550 Prevotius
1987 4475 2045 4552 ²)
2090 4472 2252 4540 Gal·

301 4561 422 4641 lus,
467 4563 581 4648 qui
622 4561 970 4629 videbatur
1009 4561 1297 4627 maxime
1338 4559 1613 4626 idoneus
1657 4566 1726 4625 et
1767 4566 1947 4625 tutus
1989 4559 2253 4626 tabellio

304 4650 406 4714 eui
465 4661 697 4714 nostra
747 4648 1086 4732 responsio
1142 4643 1533 4712 crederetur.
1633 4646 1952 4730 Legimus
2007 4645 2249 4712 librum

303 4735 653 4801 remissum
681 4738 739 4811 ⁸)
790 4733 1033 4818 singuli
1077 4753 1212 4798 una
1266 4752 1416 4798 cum
1461 4730 1784 4797 adiunctis
1827 4730 1964 4797 tuis
2021 4730 2250 4812 literis,

304 4841 384 4885 ex
430 4820 669 4905 quibus
711 4820 1161 4886 intelleximus
1201 4817 1373 4900 qnod
1419 4827 1486 4883 et
1526 4818 1599 4882 in
1652 4818 1797 4902 ipso
1841 4826 1955 4882 tuo
1978 4821 2039 4893 ⁴)
2082 4817 2252 4885 libro

307 4977 554 4986 —fl—--o
595 4981 608 4984 -
631 4979 712 4985 -—-

305 5059 572 5127 ml)
606 5060 823 5114 demum
861 5063 967 5127 (α).

507 5129 572 5197 2)
606 5127 685 5185 N.
723 5127 874 5183 1498.
910 5127 1051 5185 1685
1084 5129 1283 5199 (Buca
1335 5126 1477 5182 vm
1508 5125 1654 5194 820).

507 5197 1081 5266 &Defendens-ta
1130 5171 1360 5255 Gelonion
1406 5195 1663 5252 κακὼ
1717 5194 2252 5251 memsam

301 5283 465 5336 qua-
506 5268 697 5406 n‘m
729 5265 816 5392 οἳ.
868 5267 905 5386 ὲ
1114 5284 1186 5323 ηε.
1225 5266 1434 5324 Martio
1479 5265 1761 5321 Mecum
1800 5263 1955 5336 prelo
1988 5264 2251 5321 mmm.

2031 414 2196 477 1554
2237 409 2645 478 DEOEMB.

4201 417 4329 481 3⁶0

2379 596 2962 681 deprehendimus,
3032 597 3187 681 quid
3246 619 3489 682 quasve
3544 598 3629 664 cb
3684 617 3915 666 causas
3968 604 4330 670 mutaveris

2378 685 2486 750 vel
2530 705 2663 749 non
2696 684 3085 763 mutaveris,
3135 685 3304 768 quod
3338 684 3727 751 mutandum
3761 686 4327 757 admonueramus.

2380 770 2662 853 Agimus
2718 780 2937 836 autem
2993 771 3242 855 gratias
3297 780 3451 836 tuae
3503 771 3901 837 humanitati
3957 771 4129 856 quod
4168 773 4325 841 hac-

2377 862 2571 921 tenus
2593 863 2743 921 voto
2786 867 3014 922 nostro
3056 856 3626 939 obtemperaveris,
3674 877 3748 923 ac
3794 868 3870 922 ut
3909 857 4073 924 liber
4093 859 4328 926 edatur

2377 960 2496 1024 per
2540 949 2605 1006 te
2648 939 3053 1007 concorditer
3096 962 3325 1007 omnes
3379 944 3856 1009 consentimus:
3915 943 4028 1011 sed
4071 957 4138 1011 et
4178 967 4327 1012 mu-

2377 1040 2564 1092 tuam
2605 1033 2895 1093 nostram
2937 1047 3206 1110 operam
3248 1029 3318 1092 in
3362 1026 3770 1094 defendenda
3792 1027 4236 1098 consensione
4269 1036 4324 1113 ⁸)

2377 1110 2496 1176 tibi
2540 1111 2938 1195 pollicemur,
2984 1113 3396 1197 multumque
3430 1136 3550 1180 nos
3592 1114 3714 1180 tibi
3749 1112 3984 1182 debere
4027 1116 4326 1199 fatemur,

2419 1198 2491 1262 ui
2546 1198 2618 1262 in
2675 1202 3006 1264 communi
3064 1218 3262 1265 causa
3303 1200 3555 1283 primus
3612 1202 3683 1265 in
3740 1201 3947 1266 aciem
3984 1199 4322 1284 prodieris.

2479 1283 2911 1349 nsultavimus
3000 1282 3218 1350 uidem
3258 1284 3610 1369 diligenter
3665 1285 3746 1352 de
3788 1285 4129 1354 mittendis
4170 1288 4325 1355 libri

2378 1369 2476 1434 tui
2529 1369 2847 1452 exemplis
2905 1305 2997 1435 ad
3050 1369 3467 1437 ecclesiarum
3532 1371 3796 1436 illarum
3851 1374 4140 1438 omnium
4198 1374 4324 1439 mi-

2378 1455 2624 1521 nistros
2666 1454 2901 1539 quibus
2958 1464 3029 1520 tu
3083 1455 3324 1523 librum
3376 1466 3568 1522 tuum
3622 1458 4009 1540 inscripsisti
4027 1510 4043 1534 ,
4110 1470 4185 1524 ut
4240 1460 4322 1526 ab

2377 1538 2483 1607 his
2525 1561 2862 1608 assensum
2909 1541 3018 1606 vel
3073 1542 3615 1625 subscriptionem
3668 1545 3958 1626 ipsorum
4012 1544 4323 1629 impetra·

2379 1646 2620 1692 remus.
2665 1626 3015 1693 Caeterum
3052 1647 3253 1710 quum
3299 1627 3748 1711 expendimus,
3792 1629 4018 1713 quales
4062 1651 4145 1695 ex
4188 1628 4325 1696 illis

2379 1732 2512 1777 non
2567 1713 2755 1796 pauci
2810 1713 2943 1779 sint
2999 1722 3068 1779 et
3124 1723 3365 1796 quanto
3422 1716 3624 1797 possit
3675 1715 3853 1782 iniici
3894 1716 3992 1781 rei
4048 1715 4323 1782 salutari

2377 1816 2654 1873 remora,
2715 1808 2831 1864 aut
2888 1799 3088 1865 etiam
3143 1801 3303 1865 oriri
3358 1802 3639 1885 suspicio
3684 1799 4106 1881 dissensionis
4149 1802 4326 1885 apud

2374 1881 2786 1950 adversarios
2830 1896 3116 1963 nostros,
3174 1887 3388 1953 visum
3443 1897 3543 1951 est
3584 1889 3879 1952 omnium
3919 1887 4324 1955 tutissimum

2378 1968 2535 2048 fore,
2578 1970 2634 2034 si
2678 1978 2751 2036 tu
2796 1991 2989 2053 quam
3032 1972 3318 2054 primum
3364 1972 3543 2055 prelo
3589 1971 3910 2051 subiicias,
3955 1992 4325 2057 excusaque

2375 2056 2676 2138 exempla
2729 2053 2811 2120 ad
2868 2057 3105 2122 iii-atres
3162 2057 3325 2123 alios
3381 2070 3448 2123 et
3501 2056 3581 2123 ad
3635 2079 3756 2123 nos
3799 2059 4040 2124 mittas.
4127 2057 4325 2141 Quod

2374 2161 2532 2206 vero
2596 2163 2716 2207 nos
2780 2141 3031 2207 nnllam
3097 2150 3209 2209 tuo
3273 2143 3440 2210 libro
3507 2142 3900 2210 subiecimus
3962 2143 4324 2228 epistolam,

2372 2227 2545 2293 sicut
2585 2227 2833 2294 factum
2875 2238 2976 2294 est
3018 2230 3085 2294 in
3124 2227 3585 2307 Oonsensione,
3628 2229 3814 2295 nulla
3850 2228 3919 2294 id
3954 2230 4083 2296 alia
4125 2251 4323 2297 causa

2371 2312 2620 2379 fact-um
2662 2323 2780 2391 est,
2812 2315 2865 2393 ⁶)
2910 2334 3106 2397 quam
3150 2336 3235 2380 ne
3277 2315 3391 2379 alii
3432 2335 3503 2380 se
3546 2315 3953 2397 praeteritos,
3974 2317 4033 2393 ⁷)
4091 2327 4157 2381 te
4199 2338 4320 2382 no-

2372 2397 2625 2464 biscum
2668 2397 2993 2464 duntaxat
3033 2400 3244 2484 egisse
3287 2403 3789 2484 suspicarentur,
3813 2402 3872 2480 Β)
3931 2400 4211 2484 indeque
4254 2413 4322 2468 et

2371 2484 2492 2549 tibi
2537 2495 2605 2548 et
2646 2484 2834 2550 nobis
2875 2484 3241 2551 oboriretur
3282 2485 3548 2552 invidia.
3637 2485 3903 2569 Alioqui
3951 2487 4009 2552 si
4060 2487 4180 2553 tibi
4223 2488 4320 2555 ita

2370 2570 2651 2652 placeat,
2716 2578 2787 2635 et
2851 2581 3137 2635 nostram
3202 2570 3471 2657 adiungi
3537 2572 3731 2650 velis,
3794 2592 3928 2637 non
3993 2570 4320 2640 deerimus

2370 2666 2597 2721 nostro
2641 2656 2884 2722 officio:
2945 2657 3135 2722 sicuti
3177 2676 3355 2721 nunc
3415 2677 3674 2741 quoque
3718 2665 4010 2724 nostram
4052 2678 4319 2742 operam

2367 2740 2641 2823 polliciti
2699 2761 2954 2819 sumus,
3011 2743 3065 2806 si
3123 2750 3275 2808 tuus
3332 2741 3517 2808 labor
3558 2750 3909 2826 nostraque
3954 2743 4316 2809 Oonsensio

2365 2826 2566 2892 fuerit
2628 2838 2858 2893 contra
2921 2828 3371 2911 antagonistas
3434 2826 3856 2894 defendenda.
3946 2828 4023 2896 Si
4053 2834 4107 2903 ⁹)
4171 2829 4317 2896 feli-

2367 2912 2627 2978 cissime
2668 2933 2775 2978 res
2817 2912 3122 2980 cessisset
3163 2922 3232 2978 et
3284 2914 3522 2981 fratres
3578 2914 3870 2998 plerique
3913 2914 4201 2999 placidos
4243 2936 4316 2982 se

2367 2997 2557 3064 nobis
2600 2999 3104 3081 praestitissent,
3164 3000 3278 3064 vix
3334 3010 3555 3067 tamen
3596 3003 3776 3066 intra
3817 2998 3981 3066 duos
4022 3008 4139 3065 aut
4180 3013 4315 3067 tres

2363 3105 2625 3151 menses
2690 3083 3215 3152 absolvissemus.
3257 3088 3336 3164 ¹⁰)
3436 3087 3532 3153 At
3594 3084 4043 3154 cunctandum
4107 3087 4178 3153 in
4240 3109 4313 3154 re

2363 3177 2551 3237 tanta
2607 3169 2791 3237 nobis
2847 3191 2983 3238 non
3038 3171 3318 3238 videtur.
3407 3169 3769 3256 Speramus
3821 3183 4040 3238 autem
4094 3172 4343 3240 nullos·

2359 3277 2629 3340 prorsus
2673 3257 2845 3323 edito
2888 3256 3053 3323 libro
3082 3262 3166 3336 ¹¹)
3211 3279 3281 3324 se
3324 3259 3752 3342 oppositurus.
3831 3258 3976 3323 Iam
4020 3267 4095 3323 ut
4135 3257 4312 3341 apud

2361 3363 2480 3408 vos
2524 3343 2703 3429 typis
2745 3341 3112 3411 excudatur
3144 3348 3230 3416 ¹²)
3274 3364 3353 3411 ea
3409 3345 3695 3411 maxime
3751 3341 3835 3409 de
3887 3364 4085 3410 causa
4127 3344 4311 3410 vide-

2360 3437 2489 3507 tur,
2535 3435 2609 3493 ut
2651 3429 2749 3494 ita
2782 3428 3278 3512 praescindatur
3311 3431 3563 3496 occasio
3589 3428 3986 3495 Lutheranis
4029 3428 4309 3510 dicendi,

2358 3512 2532 3596 quod
2573 3514 2647 3579 in
2690 3512 2868 3580 edita
2888 3515 3338 3581 Oonsensione
3380 3516 3624 3581 factum
3669 3515 3929 3592 scimus,
3953 3514 4033 3579 'Pi
4166 3516 4178 3529 '
4231 3536 4309 3581 os

2357 3597 2677 3683 quaedam
2755 3600 3091 3667 infarsisse
3154 3613 3382 3668 contra
3450 3599 3708 3668 Calvina·
3771 3610 4185 3667 sententiam.
4223 3603 4307 3680 ¹⁸)

2355 3684 2567 3751 Porro
2601 3689 2687 3766 ¹⁴)
2730 3687 2786 3751 si
2823 3684 3280 3753 Frondem
3328 3686 3732 3751 intellexerit
3773 3685 3943 3750 nihil
3983 3707 4055 3753 se
4094 3687 4303 3753 offen-

2359 3791 2588 3837 surum
2631 3770 3133 3857 typographum,
3178 3773 3290 3855 qui
3324 3770 3498 3856 apud
3532 3791 3654 3838 vos
3686 3772 3936 3855 primus
3969 3772 4308 3838 excuderit

2357 3855 2599 3923 librum
2666 3868 2873 3936 tuum,
2933 3860 3264 3942 imprimet
3327 3858 3495 3924 forte
3528 3860 3612 3938 ¹⁴⁵)
3677 3868 3744 3923 et
3806 3858 3946 3940 ipse
4008 3857 4305 3924 eundem.

2358 3941 2539 4009 Utile
2582 3950 2802 4009 autem
2849 3953 3046 4028 atque
3091 3944 3252 4010 adeo
3308 3945 3745 4012 necessarium
3788 3942 4067 4022 videtur,
4102 3947 4185 4021 ¹⁶)
4227 3949 4308 4009 ut

2356 4030 2795 4114 coniungatur
2837 4039 3061 4095 nostra
3103 4030 3464 4097 Conseusio
3506 4029 3671 4096 libro
3714 4037 3846 4094 tuo.

2529 4114 2809 4182 Brevior
2860 4116 3155 4183 fortassis
3210 4137 3359 4182 sum
3401 4136 3599 4200 quam
3653 4115 3725 4179 in
3784 4136 3854 4179 re
3910 4123 4099 4180 tanta
4153 4134 4306 4180 con-

2357 4201 2599 4279 veniat,
2659 4199 2775 4266 sed
2816 4201 3064 4268 multae
3118 4202 3281 4267 mihi
3337 4222 3570 4269 causae
3627 4210 3786 4266 sunt
3841 4220 3958 4267 cur
4000 4200 4305 4266 brevibus

2557 4509 2617 4643 ἐξ
2651 4508 3003 4647 ἓὲἶὲἣέᾱ·
3041 4526 3092 4564 “·

2650 4663 2713 4700 ao
2745 4646 2875 4702 add.
2912 4665 2963 4701 α.

2557 4713 2618 4848 33
2652 4716 2985 4848 saw
3020 4717 3127 4781 ⁰⁸>-

2525 4849 2619 4917 10)
2655 4866 2770 4904 rem
2805 4851 2955 4905 illam
2989 4851 3400 4921 perfecissemus
3437 4850 3540 4917 (α).

2525 4919 2621 4984 11)
2655 4920 2832 4973 nullos
2867 4919 3015 4974 edito
3049 4919 3158 4973 iam
3191 4920 3332 4975 libro
3365 4919 3472 4989 (α).

2526 4987 2620 5051 12)
2656 4989 2799 5058 apud
2837 5005 2933 5043 vos
2967 4988 3164 5043 edatur
3197 4988 3298 5057 (a).

2523 5055 2614 5120 18)
2653 5058 2822 5140 uobis·
2845 5058 2980 5112 utile
3014 5056 3252 5127 videtur,
3296 5074 3366 5140 ne
3402 5056 3706 5113 [lutherani
3754 5072 3940 5138 rursus
3980 5056 4164 5111 dicant
4197 5073 4297 5112 nos

2351 5126 2619 5261 quaedamu)
2651 5126 3087 5252 {timemus-q?
3121 5142 3231 5180 non
3263 5131 3378 5181 sint
3411 5143 3480 5180 ex
3515 5125 3575 5183 C.
3609 5130 3882 5180 sententia
3915 5126 4025 5194 (α).

2530 5261 2618 5331 15)
2650 5236 3007 5335 impresserit,
3040 5263 3272 5319 exsudet
3303 5263 3551 5318 fortassis·
3584 5265 3684 5332 (a).

2531 5332 2619 5402 16)
2651 5334 2797 5388 foret
2827 5334 2970 5389 libro
3003 5339 3101 5388 tuo
3133 5334 3457 5403 coniungere
3492 5333 3909 5390 consensionem
3944 5335 4053 5400 (α).
