4850 6200
397 354 526 417 487

578 541 848 608 Literae
902 546 1069 616 tuas,
1094 540 1148 611 ยน)
1212 526 1454 618 optime
1527 530 1761 610 frater,
1831 530 2026 595 tert-io
2093 526 2354 594 demum

397 648 653 705 mense,
697 634 1038 710 postquam
1084 621 1276 687 datae
1319 622 1600 697 fuerant,
1645 617 1896 701 accepi:
1957 636 2043 681 ne
2096 614 2358 679 mireris

407 715 620 782 serius
664 730 1050 796 responsum
1094 727 1134 771 a
1167 727 1272 770 me
1316 704 1558 777 venire,
1604 724 1798 786 quam
1844 702 2133 784 optabas.
2192 699 2358 765 Bre-

405 802 558 866 vius
603 806 824 864 autem
880 804 960 861 ut
1020 794 1088 859 in
1154 792 1570 859 festinatione
1635 787 1754 853 tibi
1820 786 2140 853 rescribo:
2205 786 2362 868 quia

404 886 703 953 Bernam
761 881 1180 966 proficiscens
1236 878 1366 942 iam
1436 876 1515 940 ad
1588 877 1715 940 iter
1768 873 2091 957 accingor.
2113 871 2168 953 2)
2277 871 2359 935 In

410 971 628 1039 dando
672 967 842 1053 quod
886 966 1050 1050 petis
1094 963 1363 1030 consilio
1419 959 1719 1026 nonnihil
1775 980 1923 1024 sum
1982 955 2356 1042 perplexus.

409 1058 738 1141 Cuperem
783 1054 1028 1137 optimo
1075 1051 1232 1128 viro,
1278 1049 1388 1132 qui
1432 1066 1503 1112 se
1556 1045 1866 1130 expedire
1919 1043 2099 1127 cupit
2156 1063 2197 1108 a
2253 1051 2359 1127 ty-

406 1141 687 1209 rannide
745 1135 1170 1214 Antichristi,
1235 1154 1502 1199 manum
1565 1132 1920 1217 porrigere.
2031 1130 2121 1194 Et
2182 1137 2360 1192 certe

403 1231 590 1314 pium
626 1228 764 1292 eius
809 1222 1100 1291 studium
1146 1222 1227 1286 ab
1264 1220 1567 1285 omnibus
1603 1217 1854 1284 Christi
1889 1217 2097 1282 servis
2139 1214 2358 1279 iuvari

402 1336 527 1398 par
570 1320 686 1377 est.
777 1309 911 1376 Sed
957 1306 1333 1381 videndum,
1379 1305 1530 1387 quid
1578 1304 1905 1369 Dominus
1964 1300 2152 1367 nobis
2210 1320 2358 1383 per-

403 1401 656 1466 mittat:
725 1397 878 1481 quia
931 1403 1230 1460 nostrum
1294 1412 1421 1455 non
1488 1399 1590 1455 est
1653 1389 2006 1472 quidquam
2072 1408 2156 1452 ex
2220 1387 2361 1450 eius

405 1486 663 1571 placitis
731 1484 971 1548 laxare.
1092 1479 1298 1544 Porro
1360 1477 1432 1541 in
1496 1476 1871 1559 quaestione
1935 1494 2131 1558 quam
2196 1471 2359 1536 mihi

455 1571 721 1654 reponis
766 1569 892 1633 duo
936 1564 1225 1648 scrupuli
1262 1569 1646 1630 occurrunt:
1690 1561 1967 1627 liceatne
2004 1558 2361 1625 christiano

406 1593 662 1722 {omini
750 1653 1197 1719 rescissionem
1286 1648 1666 1714 testamenti
1749 1668 1787 1711 a
1864 1666 2036 1729 papa
2111 1652 2361 1727 petere:

411 1742 668 1817 deinde,
715 1760 800 1804 an
846 1737 969 1803 sub
1013 1739 1137 1802 hac
1181 1736 1323 1819 lege
1367 1744 1589 1817 petere
1632 1732 1843 1811 liceat,
1889 1741 1965 1795 ut
2008 1729 2217 1795 bonus
2260 1731 2363 1793 vir

411 1836 642 1912 sponte
688 1825 940 1889 donarii
986 1824 1123 1887 loco
1167 1841 1458 1886 annuum
1485 1828 1874 1900 proventum
1921 1816 2115 1883 alicui
2159 1815 2361 1881 ecele-

411 1916 547 1980 siae
591 1912 903 1995 assignet.
994 1911 1209 1991 Atque
1252 1907 1323 1970 in
1369 1906 1492 1971 hoc
1536 1903 1819 1970 secundo
1863 1903 2074 1987 magis
2118 1901 2361 1967 labore.

411 2001 560 2066 Etsi
585 2000 762 2063 enim
786 2004 1042 2063 tantum
1069 1990 1441 2059 autoritatis
1479 2010 1686 2074 papae
1731 1988 1983 2055 deferre
2008 1985 2360 2053 absurdum

414 2098 537 2163 est,
581 2094 658 2149 ut
700 2104 820 2150 sua
864 2080 1275 2163 indulgentia
1306 2099 1425 2142 nos
1460 2078 1541 2141 ab
1578 2075 1792 2159 aliquo
1829 2074 2094 2141 vinculo
2130 2073 2360 2150 solvat,

414 2170 701 2236 deterius
739 2183 960 2233 tamen
1000 2165 1262 2232 videtur
1295 2162 1483 2228 idolis
1518 2163 1753 2227 offerre
1789 2170 2040 2245 partem
2079 2159 2363 2243 aliquam

415 2255 687 2331 reditus,
733 2262 810 2319 ut
851 2253 1059 2318 maior
1100 2272 1252 2335 pars
1310 2249 1494 2315 salva
1550 2256 1830 2314 maneat.
1935 2245 2171 2328 Itaque
2228 2265 2360 2310 non

413 2341 620 2420 vides,
679 2338 999 2423 quomodo
1059 2339 1164 2420 pio
1211 2335 1464 2401 homini
1516 2334 1615 2400 fas
1669 2354 1812 2400 esse
1864 2332 2070 2416 possit
2127 2351 2361 2414 papam

411 2428 540 2493 hac
603 2428 673 2491 in
742 2448 814 2492 re
879 2425 1247 2508 implorare,
1315 2432 1383 2486 et
1445 2420 1705 2503 quidem
1772 2418 1893 2485 sub
1958 2417 2072 2485 illa
2136 2417 2361 2482 forma.

415 2514 570 2581 Alia
613 2514 780 2577 ratio
825 2512 1033 2595 magis
1094 2517 1267 2574 esset
1310 2505 1684 2581 tolerabilis,
1744 2506 1802 2570 si
1860 2526 2013 2571 cum
2070 2501 2360 2586 collegio,

417 2602 522 2667 cui
559 2600 878 2665 bonorum
923 2596 1243 2662 successio
1279 2594 1494 2677 legata
1539 2602 1654 2670 est,
1701 2592 2111 2676 transigeret.
2169 2586 2363 2670 Quod

413 2708 550 2752 non
595 2694 753 2769 puto
811 2686 946 2749 fore
991 2681 1273 2757 difficile,
1329 2680 1380 2742 si
1427 2677 1621 2743 modo
1685 2678 1915 2743 tertiae
1971 2676 2176 2761 partis
2231 2674 2363 2740 iac-

415 2780 634 2837 turam
681 2793 813 2835 non
859 2768 1156 2851 refugiat.
1248 2764 1416 2829 Nam
1463 2764 1775 2842 canonici,
1831 2763 1941 2828 vel
1997 2762 2364 2845 quicunque

416 2860 565 2935 sint,
613 2876 745 2921 non
788 2874 982 2939 aegre
1027 2852 1258 2918 cedent
1318 2849 1514 2916 dubio
1574 2852 1733 2926 iure,
1796 2847 2128 2933 praesenti
2182 2846 2365 2911 luero

417 2944 698 3009 adducti.
769 2939 845 3006 Si
893 2940 1033 3007 viro
1079 2939 1246 3004 bono
1281 2958 1482 3021 grave
1526 2944 1629 3000 est
1664 2937 1922 3000 tertiam
1965 2932 2218 2999 reditus
2261 2931 2366 2998 sui

416 3040 673 3115 partem
731 3027 919 3111 quasi
976 3025 1281 3100 abiicere,
1343 3021 1583 3106 cogitet
1637 3022 1842 3087 satius
1898 3042 2039 3085 esse
2098 3017 2368 3102 perdere

417 3129 631 3182 totum
657 3122 1070 3197 proventum,
1110 3110 1363 3176 etiamsi
1387 3108 1689 3190 centuplo
1713 3106 1923 3173 maior
1946 3117 2135 3183 esset,
2173 3125 2367 3188 quam

422 3201 668 3285 aliquid
736 3198 1036 3264 illicitum
1103 3205 1375 3261 tentare.
1491 3194 1631 3258 Etsi
1696 3202 1914 3258 autem
1981 3199 2367 3274 proventum

419 3288 610 3352 illum
655 3285 948 3352 canoniei
993 3284 1059 3347 in
1097 3280 1437 3364 sacrilegia
1479 3286 1879 3357 convertent,
1939 3278 2092 3359 quia
2147 3285 2368 3342 tamen

422 3383 725 3455 respectu
771 3371 922 3436 boni
969 3369 1094 3433 viri
1137 3390 1264 3432 non
1312 3377 1415 3432 est
1458 3365 1910 3447 superstitiosa
1953 3364 2211 3440 oblatio,
2256 3360 2372 3428 sed

422 3460 707 3545 pretium
754 3478 881 3538 quo
927 3477 998 3520 se
1040 3456 1119 3519 ab
1157 3453 1532 3520 astrictione
1567 3451 1862 3526 redimet,
1901 3451 2023 3515 hoe
2059 3448 2373 3532 pactionis

424 3565 632 3629 genus
676 3543 928 3608 offensa
971 3561 1191 3606 carere
1236 3539 1558 3604 existimo.
1658 3537 1810 3602 Non
1854 3538 2030 3601 enim
2090 3533 2263 3601 dicet
2303 3535 2372 3598 in

423 3630 641 3697 cultus
706 3649 1047 3713 perversos
1112 3649 1184 3692 se
1265 3623 1482 3691 dicare
1544 3632 1939 3707 proventum
2013 3621 2232 3699 illum,
2298 3626 2376 3685 ut

424 3718 886 3782 &inscientiam
925 3714 1186 3778 liberet:
1234 3710 1347 3776 sed
1385 3711 1547 3776 haee
1582 3710 1705 3775 erit
1741 3706 2146 3793 transigendi
2183 3707 2371 3783 ratio,

425 3801 597 3884 quod
643 3824 843 3883 quum
881 3805 1210 3865 trecentos
1233 3817 1463 3863 aureos
1486 3796 1815 3863 canonicis
1837 3794 2154 3879 obligatos
2196 3812 2375 3857 nunc

426 3887 776 3974 possideat,
834 3896 1098 3952 centum
1154 3885 1283 3947 illis
1341 3881 1673 3958 concedat,
1727 3890 1806 3947 ut
1865 3878 2129 3948 ducenti
2186 3878 2375 3944 liberi

430 3982 756 4038 maneant.
848 3970 923 4038 Si
967 3992 1125 4037 vero
1181 3969 1546 4036 necessaria
1600 3968 1727 4034 erit
1781 3986 1990 4051 papae
2037 3964 2376 4039 autoritas,

431 4073 506 4126 ut
563 4076 747 4125 rat-us
812 4059 899 4123 sit
963 4064 1351 4135 contractus,
1432 4075 1576 4119 eam
1639 4060 1861 4137 petere
1914 4052 2205 4117 canonici
2259 4070 2376 4116 suo

431 4147 698 4210 nomine
744 4152 1063 4227 poterunt.
1122 4142 1268 4207 Hae
1310 4149 1528 4206 autem
1553 4140 2047 4208 confirmatione
2089 4138 2159 4203 in
2183 4156 2378 4202 suum

430 4230 840 4297 commodum
887 4238 1109 4294 utetur
1150 4228 1296 4311 pius
1340 4228 1467 4292 vir:
1527 4227 1683 4309 quia
1740 4246 1871 4289 non
1916 4223 1996 4289 de
2052 4221 2378 4307 spirituali

429 4321 573 4382 iure
639 4319 745 4384 hic
811 4327 1059 4401 agetur,
1124 4313 1236 4380 sed
1303 4320 1560 4378 tantum
1628 4311 1710 4376 de
1774 4309 2127 4394 tranquilla
2188 4307 2378 4374 fundi

431 4405 858 4488 possessione.
929 4400 1121 4483 Quod
1158 4400 1212 4466 si
1258 4397 1598 4464 commoda
1642 4418 1771 4462 non
1817 4397 1942 4461 erit
1986 4396 2148 4461 haec
2189 4395 2373 4473 ratic,

431 4490 681 4556 vendat
726 4490 865 4571 ipsc
909 4487 1236 4553 canonicis
1281 4494 1488 4549 totum
1535 4481 1831 4558 fundum,
1877 4481 1982 4546 vel
2025 4502 2107 4545 ex
2151 4500 2379 4545 eorum

432 4598 757 4642 consensu
817 4573 1081 4640 cuilibet
1136 4571 1343 4651 obvie,
1402 4571 1493 4635 ita
1540 4579 1617 4635 ฮนฮนฮน
1664 4569 1795 4634 illis
1845 4568 2040 4633 tertia
2093 4584 2245 4650 pars
2307 4566 2379 4630 in

431 4662 744 4749 praedam
811 4661 1014 4724 cedat.
1127 4657 1391 4721 Mallem
1461 4656 1684 4735 aliter,
1751 4655 1876 4720 hoc
1940 4663 2073 4731 est,
2128 4652 2381 4717 minore

433 4750 572 4815 eius
616 4749 870 4812 ยซiamne.
962 4743 1095 4811 Sed
1132 4743 1311 4808 dabit
1355 4743 1638 4820 veniam,
1683 4742 1741 4807 si
1785 4761 1917 4806 non
1954 4736 2161 4804 audeo
2206 4737 2385 4802 ultra

433 4833 757 4919 progredi.
818 4833 1126 4897 Praestat
1171 4830 1344 4892 enim
1371 4826 1820 4911 quovismodo
1863 4846 2016 4891 eum
2052 4822 2383 4890 canonicis

433 4922 692 5003 pacisci,
739 4916 930 4983 modo
977 4915 1041 4979 id
1086 4918 1202 4980 flat
1259 4915 1518 4998 politice
1573 4913 1655 4978 ad
1714 4911 2094 4979 solvendum
2156 4910 2382 4975 astric-

434 5007 636 5069 tionis
695 5003 1063 5074 vinculum.
1124 5023 1317 5084 quam
1377 4999 1713 5083 religionis
1769 5003 2112 5082 praetextu
2173 5015 2385 5060 assem
2486 5010 2509 5018 โ

431 5210 617 5264 2138.
645 5211 699 5274 1)
739 5210 815 5262 ฮ.
850 5209 1004 5263 2054.

643 5277 698 5343 2)
742 5280 870 5331 Cum
907 5279 1097 5346 leqatis
1131 5277 1312 5344 pridie
1351 5275 1563 5329 Nonae.

1930 338 2457 407 EPISTOLAE
2501 342 2927 406 2138โ2140

4280 333 4407 395 488

2458 549 2665 595 unum
2708 528 2961 595 offerre.
3018 525 3212 609 Quod
3256 526 3314 594 si
3356 524 3612 611 placide
3646 544 3718 590 se
3762 527 3907 608 pius
3950 525 4054 593 vir
4086 525 4409 594 bonorum

2457 624 2649 698 parte
2686 622 2904 695 exuet,
2964 613 3229 680 uberior
3282 613 3341 677 ei
3386 613 3547 677 fluet
3590 610 3718 676 Dei
3768 610 4161 688 benedictio,
4210 626 4435 694 quamฮ

2457 710 2536 766 nt
2579 702 2923 768 molestum
2969 700 3066 765 illi
3110 720 3254 765 esse
3299 699 3561 776 debeat,
3607 698 3827 762 minus
3867 698 4074 763 latum
4132 695 4409 764 fundum

2458 807 2657 871 quam
2718 787 3001 854 antehac
3054 794 3295 852 tenere.
3394 786 3495 851 'Pu
3550 803 3728 863 vero,
3778 784 3872 848 mi
3917 784 4139 863 stater,
4208 802 4411 867 quum

2458 874 2658 958 probe
2720 873 2811 939 sis
2876 873 2958 939 ad
3025 872 3395 938 obeundum
3475 890 3721 936 munus
3787 880 3972 936 tuum
4050 869 4403 949 animatus,

2459 959 2659 1026 nullis
2725 959 3013 1025 stimulis
3074 957 3344 1043 indiges.
3456 959 3832 1039 Antequam
3896 970 4161 1039 operam
4227 965 4408 1021 tuam

2461 1045 2793 1113 addiceres
2837 1044 3166 1123 eeclesiae,
3211 1063 3343 1109 non
3386 1044 3649 1127 ignotae
3700 1042 3819 1108 tibi
3881 1051 4070 1107 erant
4127 1038 4409 1108 difficul-

2460 1139 2628 1197 tates
2673 1139 2742 1197 et
2789 1130 3127 1197 molestiae
3178 1129 3563 1214 quibuscum
3625 1149 3802 1195 nunc
3859 1128 3980 1193 tibi
4029 1127 4411 1194 luctandum

2461 1227 2576 1284 est.
2666 1218 2860 1284 Nunc
2903 1224 3161 1283 tantum
3204 1215 3537 1301 rogandus
3571 1222 3671 1280 est
3699 1212 3903 1293 Deus,
3946 1224 4028 1278 ut
4061 1214 4410 1280 inu-notam

2462 1305 2893 1371 constantiam
2940 1323 3276 1386 novasque
3318 1300 3594 1367 subinde
3657 1304 3826 1366 vires
3883 1297 4273 1384 suppeditet,
4334 1306 4411 1364 nt

2461 1411 2580 1475 per
2620 1410 2812 1456 omne
2834 1410 3044 1476 genus
3067 1389 3400 1455 obstacula
3421 1389 3487 1453 in
3530 1384 3741 1453 stadio
3777 1395 3891 1452 tuo
3930 1407 4165 1471 pergas
4203 1405 4412 1468 usque

2464 1475 2545 1543 ad
2592 1486 2853 1541 metam.
2955 1475 3143 1553 Vale,
3192 1476 3437 1559 optime
3486 1475 3690 1539 frater
3741 1485 3806 1538 et
3847 1471 4015 1538 mihi
4057 1472 4409 1538 carissime.

2462 1560 2787 1628 Dominus
2852 1561 2970 1627 tibi
3035 1582 3294 1645 semper
3358 1558 3545 1637 adsit,
3610 1559 3855 1661 sanctis
3909 1558 4241 1624 laboribus
4298 1556 4417 1623 det

2463 1655 3511 1886 แพฮพแฝณฮพแฝณแผแฝฒฯแพแฟแฝผแพ,
3536 1640 4413 1815 แผถแฟแฟแฟฮพแฟแฝฒแฟฮตแฝถแฟแฟฮตแฝฒแฟแฟฮฟฮถ

2638 1842 2690 1884 ยซฮน
2912 1871 2926 1884 .

3342 2469 3538 2541 2139.

2798 2625 3270 2693 OALVINUS
3316 2624 4083 2693 MELANCH'PHONI.

2646 2799 2891 2867 Gaudet
2932 2819 3073 2864 eum
3125 2800 3334 2881 ipsius
3391 2800 3606 2866 studia
3657 2805 3870 2865 eontra
3917 2796 4236 2864 Servatum
4265 2819 4416 2882 pro-

2471 2885 2665 2965 basse,
2710 2887 2820 2953 sed
2862 2886 3044 2951 enixe
3100 2890 3288 2967 optat,
3332 2887 3458 2950 imo
3516 2887 3741 2950 acriter
3794 2886 3985 2949 instat
4048 2890 4118 2949 ut
4169 2885 4419 2951 tandem

2472 2973 2815 3057 aliquando
2853 2973 2921 3037 in
2945 2970 3210 3038 artimdo
3230 2971 3306 3036 de
3334 2991 3521 3036 coena
3542 2991 3727 3037 auam
3762 2971 4127 3036 semtentfiam
4159 2971 4422 3036 candide

2475 3065 2531 3125 et
2573 3057 3060 3126 luculentissime
3090 3059 3377 3140 proferre
3419 3059 3665 3124 audeat.

2474 3232 2584 3300 (Ex
2619 3231 2873 3285 thesauro
2898 3230 3110 3284 Bezano
3131 3228 3263 3283 Gen.
3292 3247 3352 3350 ฮพ.
3392 3228 3509 3295 156,
3546 3231 3704 3284 Laus.
3744 3248 3796 3300 p.
3834 3229 3952 3296 339,
3990 3229 4201 3285 Hanov.
4228 3247 4280 3299 p.
4298 3228 4416 3296 379,

2475 3301 2685 3355 Chonet
2769 3339 2783 3353 .
2820 3298 2940 3365 211,
2977 3299 3164 3380 'Am-nt.
3241 3338 3279 3378 .ฮ
3330 3296 3378 3351 7.
3415 3328 3479 3336 -โ
3520 3299 3708 3353 Ver-sio
3754 3300 3948 3369 gallieฮ
3994 3300 4192 3367 legitur
4236 3302 4291 3353 in
4334 3300 4418 3353 ed.

2474 3371 2653 3424 Berol.
2692 3317 2809 3432 139,
2848 3368 3057 3438 anglica
3091 3384 3147 3420 in
3180 3315 3386 3420 ffhilad.
3410 3367 3504 3420 111.
3546 3366 3659 3421 157.
3716 3371 3886 3423 Abest
3913 3387 3946 3421 a
3970 3368 4128 3437 Coi-p.
4154 3369 4419 3434 Reform.)

2646 3542 2915 3607 Literae
2959 3548 3135 3620 tuae,
3163 3541 3210 3617 ยน)
3253 3539 3613 3606 clarissime
3658 3544 3777 3621 vir,
3837 3562 3967 3606 non
4029 3542 4152 3607 hoe
4211 3538 4423 3606 solum

2475 3627 2742 3693 nomine
2786 3627 2949 3691 mihi
2994 3636 3221 3710 gratae
3277 3625 3564 3705 fuerunt,
3623 3630 3776 3710 quia
3820 3627 3979 3692 mihi
4035 3647 4258 3693 carum
4321 3634 4425 3691 est

2477 3711 2790 3796 quidquid
2847 3713 2964 3780 abs
3021 3723 3086 3776 te
3143 3712 3594 3795 proficiscitur,
3652 3713 3888 3779 deinde
3939 3715 4094 3797 quia
4151 3734 4233 3777 ex
4290 3712 4427 3777 illis

2478 3799 2795 3885 intelligo,
2842 3802 3046 3866 fixum
3091 3797 3305 3864 adhue
3323 3799 3394 3864 in
3441 3801 3657 3865 animo
3694 3811 3809 3865 tuo
3831 3819 4099 3865 manere
4136 3819 4421 3865 amorem

2477 3886 2688 3966 illum,
2734 3907 2863 3970 quo
2906 3907 3013 3951 me
3054 3885 3135 3950 ab
3168 3886 3359 3950 initio
3402 3886 3779 3969 complexus
3816 3906 3913 3951 es:
3959 3884 4074 3951 sed
4117 3885 4423 3961 maxime,

2523 3970 2652 4038 uod
2719 3972 2854 4039 illie
2908 3971 3240 4038 luculento
3308 3971 3519 4056 elogio
3577 3994 3793 4039 meum
3860 3973 3929 4036 in
3985 3970 4427 4055 expugnanda

2638 4060 2721 4125 eti
2762 4058 3094 4142 impietate
3151 4057 3439 4123 studium
3491 4057 3934 4124 commendas:
3992 4056 4171 4123 unde
4229 4058 4428 4121 etiam

2480 4144 2766 4224 ooniioio,
2811 4156 2879 4209 te
2922 4143 3203 4228 simplici
3244 4164 3540 4209 mearum
3574 4145 4093 4211 admonitionum
4126 4143 4428 4210 libertate

2482 4252 2616 4298 non
2656 4230 2857 4297 fuisse
2914 4232 3255 4297 offensum.
3366 4229 3512 4295 Hoc
3578 4230 3801 4310 defuit,
3865 4227 4036 4313 quod
4102 4227 4428 4313 pleniores

2482 4337 2625 4384 esse
2683 4325 3024 4400 optassem.
3124 4314 3353 4397 Neque
3408 4324 3630 4382 tamen
3686 4317 4129 4402 importunius
4184 4334 4424 4399 urgeo:

2483 4401 2599 4468 sed
2642 4401 2852 4486 quoad
2894 4423 3054 4487 paee
3097 4413 3213 4468 tua
3256 4401 3426 4478 licet,
3470 4403 3670 4468 etiam
3713 4413 3908 4487 atque
3962 4402 4163 4468 etiam
4203 4411 4270 4466 te
4320 4420 4426 4464 roโ

2482 4495 2710 4573 gatum
2767 4488 2961 4554 velim
2980 4541 2995 4568 ,
3055 4499 3131 4553 ฮนฮนฮน
3188 4497 3405 4552 tecum
3464 4487 3546 4552 de
3593 4490 3830 4571 quibus
3881 4488 4134 4572 scripsi,
4192 4488 4431 4552 tacitus

2483 4574 2715 4643 saltem
2762 4573 3110 4659 expendas.
3222 4571 3336 4640 Sic
3414 4575 3590 4638 enim
3656 4585 3720 4640 te
3785 4594 4053 4659 operam
4119 4573 4431 4639 daturum

2484 4661 2755 4743 confide,
2802 4671 2878 4727 ut
2935 4659 3018 4728 de
3072 4660 3364 4745 gratuita
3416 4660 3677 4742 piorum
3735 4661 4052 4728 electione
4114 4659 4433 4727 sincerior

2482 4767 2683 4831 quam
2724 4746 3001 4814 antehae
3044 4743 3315 4812 docendi
3358 4744 3570 4811 forma
3610 4747 3786 4814 inter
3827 4767 3947 4813 nos
3990 4756 4221 4812 mutuo
4275 4763 4432 4811 con-

2485 4835 2727 4901 veniat.
2848 4836 3002 4919 ฮฮตฯแฝถ
3077 4834 3179 4911 ฯแฟฯ
3258 4829 3684 4916 &prolamans
3704 4836 3761 4918 ยฒ)
3840 4833 4093 4917 pridem
4159 4830 4435 4896 interior

2486 5126 2722 5182 โSal
2786 5124 3057 5183 asom.

2689 5195 3270 5252 2Melanehthom'an
3645 5191 4230 5248 amaea-dustria

3272 5210 3366 5249 um
3399 5193 3539 5249 aba
3586 5192 3647 5250 N
4275 5204 4437 5244 uฮ-

2486 5267 2641 5334 foet'1.
2825 5263 3019 5320 aelius
3053 5266 3213 5335 (prot.
3250 5264 3316 5319 L.
3344 5261 3557 5333 ฮฮ
3581 5262 3641 5318 V.
3674 5259 3726 5326 2,
3756 5257 3958 5329 32418)
3988 5258 4237 5328 Phil-'ppoโ
4263 5258 4440 5324 ficui-
