<?xml version="1.0" encoding="UTF-8"?>
<!DOCTYPE html PUBLIC "-//W3C//DTD XHTML 1.0 Transitional//EN"
    "http://www.w3.org/TR/xhtml1/DTD/xhtml1-transitional.dtd">
<html xmlns="http://www.w3.org/1999/xhtml" xml:lang="en" lang="en">
 <head>
  <title>
</title>
<meta http-equiv="Content-Type" content="text/html;charset=utf-8" />
  <meta name='ocr-system' content='tesseract 3.04.00' />
  <meta name='ocr-capabilities' content='ocr_page ocr_carea ocr_par ocr_line ocrx_word'/>
</head>
<body>
  <div class='ocr_page' id='page_1' title='image "./ioanniscalvinio09unkngoog_0268.png"; bbox 0 0 4850 6200; ppageno 0'>
   <div class='ocr_carea' id='block_1_1' title="bbox 414 422 546 489">
    <p class='ocr_par' dir='ltr' id='par_1_1' title="bbox 414 422 546 489">
     <span class='ocr_line' id='line_1_1' title="bbox 414 422 546 489; baseline 0 0"><span class='ocrx_word' id='word_1_1' title='bbox 414 422 546 489; x_wconf 67' lang='grc'>585</span> 
     </span>
    </p>
   </div>
   <div class='ocr_carea' id='block_1_2' title="bbox 411 593 2387 1109">
    <p class='ocr_par' dir='ltr' id='par_1_2' title="bbox 411 593 2381 784">
     <span class='ocr_line' id='line_1_2' title="bbox 411 593 2379 681; baseline -0.011 1"><span class='ocrx_word' id='word_1_2' title='bbox 411 610 684 681; x_wconf 68' lang='lat' dir='ltr'>ullum</span> <span class='ocrx_word' id='word_1_3' title='bbox 721 608 928 677; x_wconf 76' lang='lat' dir='ltr'>fuisse</span> <span class='ocrx_word' id='word_1_4' title='bbox 967 603 1353 674; x_wconf 78' lang='lat' dir='ltr'>crediderim</span> <span class='ocrx_word' id='word_1_5' title='bbox 1406 604 1478 671; x_wconf 90' lang='lat' dir='ltr'>in</span> <span class='ocrx_word' id='word_1_6' title='bbox 1528 601 1659 669; x_wconf 88' lang='lat' dir='ltr'>Dei</span> <span class='ocrx_word' id='word_1_7' title='bbox 1698 597 1910 667; x_wconf 73' lang='lat' dir='ltr'>filium</span> <span class='ocrx_word' id='word_1_8' title='bbox 1960 605 2098 663; x_wconf 84' lang='lat' dir='ltr'>tam</span> <span class='ocrx_word' id='word_1_9' title='bbox 2159 593 2379 679; x_wconf 81' lang='lat' dir='ltr'>prodi-</span> 
     </span>
     <span class='ocr_line' id='line_1_3' title="bbox 415 680 2381 784; baseline -0.012 -16"><span class='ocrx_word' id='word_1_10' title='bbox 415 699 604 784; x_wconf 68' lang='lat' dir='ltr'>gioso</span> <span class='ocrx_word' id='word_1_11' title='bbox 645 695 924 779; x_wconf 83' lang='lat' dir='ltr'>impium</span> <span class='ocrx_word' id='word_1_12' title='bbox 977 704 1046 759; x_wconf 80' lang='lat' dir='ltr'>et</span> <span class='ocrx_word' id='word_1_13' title='bbox 1098 689 1553 774; x_wconf 80' lang='lat' dir='ltr'>blasphemum</span> <span class='ocrx_word' id='word_1_14' title='bbox 1611 696 1689 753; x_wconf 89' lang='lat' dir='ltr'>ut</span> <span class='ocrx_word' id='word_1_15' title='bbox 1745 681 2140 753; x_wconf 70' lang='lat' dir='ltr'><strong>nebulonem</strong></span> <span class='ocrx_word' id='word_1_16' title='bbox 2194 680 2381 749; x_wconf 86' lang='lat' dir='ltr'>illum</span> 
     </span>
    </p>

    <p class='ocr_par' dir='ltr' id='par_1_3' title="bbox 422 813 2387 1109">
     <span class='ocr_line' id='line_1_4' title="bbox 600 813 2387 943; baseline -0.011 -7"><span class='ocrx_word' id='word_1_17' title='bbox 600 868 707 935; x_wconf 80' lang='lat' dir='ltr'>Ex</span> <span class='ocrx_word' id='word_1_18' title='bbox 752 813 1150 931; x_wconf 46' lang='lat' dir='ltr'>vif-ogau:</span> <span class='ocrx_word' id='word_1_19' title='bbox 1217 861 1426 931; x_wconf 79' lang='lat' dir='ltr'>veteri</span> <span class='ocrx_word' id='word_1_20' title='bbox 1484 857 1745 943; x_wconf 86' lang='lat' dir='ltr'>quidem</span> <span class='ocrx_word' id='word_1_21' title='bbox 1804 854 1919 922; x_wconf 88' lang='lat' dir='ltr'>sed</span> <span class='ocrx_word' id='word_1_22' title='bbox 1985 851 2387 938; x_wconf 81' lang='lat' dir='ltr'>paupercula</span> 
     </span>
     <span class='ocr_line' id='line_1_5' title="bbox 422 938 2383 1040; baseline -0.009 -19"><span class='ocrx_word' id='word_1_23' title='bbox 422 955 854 1040; x_wconf 71' lang='lat' dir='ltr'>Vangionum</span> <span class='ocrx_word' id='word_1_24' title='bbox 900 950 1063 1016; x_wconf 84' lang='lat' dir='ltr'>urbe</span> <span class='ocrx_word' id='word_1_25' title='bbox 1120 952 1220 1014; x_wconf 81' lang='lat'>30.</span> <span class='ocrx_word' id='word_1_26' title='bbox 1277 947 1505 1015; x_wconf 74' lang='lat' dir='ltr'>Martii</span> <span class='ocrx_word' id='word_1_27' title='bbox 1573 963 1748 1011; x_wconf 90' lang='lat' dir='ltr'>anno</span> <span class='ocrx_word' id='word_1_28' title='bbox 1819 950 1969 1026; x_wconf 89' lang='lat' dir='ltr'>post</span> <span class='ocrx_word' id='word_1_29' title='bbox 2041 938 2383 1007; x_wconf 74' lang='lat' dir='ltr'><strong>Christum</strong></span> 
     </span>
     <span class='ocr_line' id='line_1_6' title="bbox 423 1039 1256 1109; baseline -0.012 1"><span class='ocrx_word' id='word_1_30' title='bbox 423 1040 762 1109; x_wconf 79' lang='lat' dir='ltr'>hominem</span> <span class='ocrx_word' id='word_1_31' title='bbox 796 1044 1029 1104; x_wconf 86' lang='lat' dir='ltr'>natum</span> <span class='ocrx_word' id='word_1_32' title='bbox 1075 1039 1256 1100; x_wconf 82' lang='grc'><strong>1555.</strong></span> 
     </span>
    </p>
   </div>
   <div class='ocr_carea' id='block_1_3' title="bbox 1158 1160 2301 1339">
    <p class='ocr_par' dir='ltr' id='par_1_4' title="bbox 1158 1160 2301 1339">
     <span class='ocr_line' id='line_1_7' title="bbox 1158 1160 2301 1237; baseline -0.01 1"><span class='ocrx_word' id='word_1_33' title='bbox 1158 1169 1614 1237; x_wconf 83' lang='lat' dir='ltr'>Praestantiae</span> <span class='ocrx_word' id='word_1_34' title='bbox 1659 1176 1814 1231; x_wconf 89' lang='lat' dir='ltr'>tuae</span> <span class='ocrx_word' id='word_1_35' title='bbox 1859 1160 2301 1229; x_wconf 76' lang='lat' dir='ltr'>deditissimus</span> 
     </span>
     <span class='ocr_line' id='line_1_8' title="bbox 1203 1248 2234 1339; baseline -0.011 -16"><span class='ocrx_word' id='word_1_36' title='bbox 1203 1254 1688 1339; x_wconf 85' lang='lat' dir='ltr'>Guolphangus</span> <span class='ocrx_word' id='word_1_37' title='bbox 1730 1248 2150 1315; x_wconf 67' lang='lat' dir='ltr'>Weidnerus.</span> <span class='ocrx_word' id='word_1_38' title='bbox 2176 1250 2234 1329; x_wconf 84' lang='lat'>⁴)</span> 
     </span>
    </p>
   </div>
   <div class='ocr_carea' id='block_1_4' title="bbox 1195 1548 1590 1560">
    <p class='ocr_par' dir='ltr' id='par_1_5' title="bbox 1195 1548 1590 1560">
     <span class='ocr_line' id='line_1_9' title="bbox 1195 1548 1590 1560; baseline -0.015 2"><span class='ocrx_word' id='word_1_39' title='bbox 1195 1548 1590 1560; x_wconf 47' lang='grc' dir='ltr'>..ι-..ι--ο--ο-ψη</span> 
     </span>
    </p>
   </div>
   <div class='ocr_carea' id='block_1_5' title="bbox 595 1800 2226 2025">
    <p class='ocr_par' dir='ltr' id='par_1_6' title="bbox 595 1800 2226 2025">
     <span class='ocr_line' id='line_1_10' title="bbox 1319 1800 1512 1872; baseline -0.005 -1"><span class='ocrx_word' id='word_1_40' title='bbox 1319 1800 1512 1872; x_wconf 75' lang='lat'>2172.</span> 
     </span>
     <span class='ocr_line' id='line_1_11' title="bbox 595 1950 2226 2025; baseline -0.005 0"><span class='ocrx_word' id='word_1_41' title='bbox 595 1955 1023 2025; x_wconf 72' lang='lat' dir='ltr'><strong>MINISTRI</strong></span> <span class='ocrx_word' id='word_1_42' title='bbox 1070 1952 1757 2024; x_wconf 77' lang='lat' dir='ltr'>NEOOOMENSES</span> <span class='ocrx_word' id='word_1_43' title='bbox 1804 1950 2226 2019; x_wconf 80' lang='lat' dir='ltr'>CALVINO.</span> 
     </span>
    </p>
   </div>
   <div class='ocr_carea' id='block_1_6' title="bbox 435 2124 2396 2454">
    <p class='ocr_par' dir='ltr' id='par_1_7' title="bbox 435 2124 2396 2454">
     <span class='ocr_line' id='line_1_12' title="bbox 619 2124 2396 2211; baseline -0.005 -16"><span class='ocrx_word' id='word_1_44' title='bbox 619 2129 811 2195; x_wconf 73' lang='lat' dir='ltr'>Piens</span> <span class='ocrx_word' id='word_1_45' title='bbox 864 2135 920 2193; x_wconf 75' lang='lat' dir='ltr'>et</span> <span class='ocrx_word' id='word_1_46' title='bbox 976 2130 1206 2195; x_wconf 77' lang='lat' dir='ltr'>sincere</span> <span class='ocrx_word' id='word_1_47' title='bbox 1269 2126 1642 2211; x_wconf 75' lang='lat' dir='ltr'>Defensioni</span> <span class='ocrx_word' id='word_1_48' title='bbox 1708 2128 1849 2190; x_wconf 72' lang='lat' dir='ltr'>eius</span> <span class='ocrx_word' id='word_1_49' title='bbox 1895 2124 2285 2191; x_wconf 68' lang='lat' dir='ltr'>subscribunt</span> <span class='ocrx_word' id='word_1_50' title='bbox 2340 2128 2396 2188; x_wconf 80' lang='lat' dir='ltr'>et</span> 
     </span>
     <span class='ocr_line' id='line_1_13' title="bbox 438 2209 2393 2295; baseline -0.004 -14"><span class='ocrx_word' id='word_1_51' title='bbox 438 2216 797 2295; x_wconf 75' lang='lat' dir='ltr'><strong><em>adhaerent,</em></strong></span> <span class='ocrx_word' id='word_1_52' title='bbox 842 2214 1035 2281; x_wconf 69' lang='lat' dir='ltr'>simul</span> <span class='ocrx_word' id='word_1_53' title='bbox 1068 2221 1350 2281; x_wconf 74' lang='lat' dir='ltr'>autorem</span> <span class='ocrx_word' id='word_1_54' title='bbox 1392 2213 1696 2279; x_wconf 65' lang='lat' dir='ltr'>mammis</span> <span class='ocrx_word' id='word_1_55' title='bbox 1734 2210 2033 2278; x_wconf 74' lang='lat' dir='ltr'>laudibus</span> <span class='ocrx_word' id='word_1_56' title='bbox 2077 2209 2393 2290; x_wconf 78' lang='lat' dir='ltr'>extollunt,</span> 
     </span>
     <span class='ocr_line' id='line_1_14' title="bbox 435 2295 2395 2454; baseline -0.003 -86"><span class='ocrx_word' id='word_1_57' title='bbox 435 2301 1001 2454; x_wconf 49' lang='lat' dir='ltr'>{simonidia</span> <span class='ocrx_word' id='word_1_58' title='bbox 1045 2302 1285 2367; x_wconf 76' lang='lat' dir='ltr'>addunt</span> <span class='ocrx_word' id='word_1_59' title='bbox 1326 2300 1402 2364; x_wconf 83' lang='lat' dir='ltr'>de</span> <span class='ocrx_word' id='word_1_60' title='bbox 1451 2298 1696 2365; x_wconf 70' lang='lat' dir='ltr'>Farezzi</span> <span class='ocrx_word' id='word_1_61' title='bbox 1741 2302 1796 2363; x_wconf 83' lang='lat' dir='ltr'>et</span> <span class='ocrx_word' id='word_1_62' title='bbox 1839 2295 2041 2363; x_wconf 73' lang='lat' dir='ltr'>Fabri</span> <span class='ocrx_word' id='word_1_63' title='bbox 2097 2297 2395 2362; x_wconf 80' lang='lat' dir='ltr'>missione</span> 
     </span>
    </p>
   </div>
   <div class='ocr_carea' id='block_1_7' title="bbox 752 2552 2074 2628">
    <p class='ocr_par' dir='ltr' id='par_1_8' title="bbox 752 2552 2074 2628">
     <span class='ocr_line' id='line_1_15' title="bbox 752 2552 2074 2628; baseline -0.005 -15"><span class='ocrx_word' id='word_1_64' title='bbox 752 2558 864 2624; x_wconf 80' lang='lat' dir='ltr'>(Ex</span> <span class='ocrx_word' id='word_1_65' title='bbox 896 2558 1233 2628; x_wconf 71' lang='lat' dir='ltr'>autographo</span> <span class='ocrx_word' id='word_1_66' title='bbox 1268 2557 1394 2611; x_wconf 92' lang='lat' dir='ltr'>Cod.</span> <span class='ocrx_word' id='word_1_67' title='bbox 1434 2556 1637 2611; x_wconf 75' lang='lat' dir='ltr'>Gener.</span> <span class='ocrx_word' id='word_1_68' title='bbox 1680 2554 1794 2609; x_wconf 83' lang='grc'><strong>196.</strong></span> <span class='ocrx_word' id='word_1_69' title='bbox 1836 2554 1922 2609; x_wconf 77' lang='lat' dir='ltr'>fol.</span> <span class='ocrx_word' id='word_1_70' title='bbox 1960 2552 2074 2622; x_wconf 77' lang='lat'>21.)</span> 
     </span>
    </p>
   </div>
   <div class='ocr_carea' id='block_1_8' title="bbox 432 2726 2393 2965">
    <p class='ocr_par' dir='ltr' id='par_1_9' title="bbox 432 2726 2393 2965">
     <span class='ocr_line' id='line_1_16' title="bbox 439 2726 2390 2813; baseline -0.003 -16"><span class='ocrx_word' id='word_1_71' title='bbox 439 2728 858 2797; x_wconf 84' lang='lat' dir='ltr'>Fidelissimo</span> <span class='ocrx_word' id='word_1_72' title='bbox 917 2727 1556 2813; x_wconf 75' lang='lat' dir='ltr'>vigilantissimeque</span> <span class='ocrx_word' id='word_1_73' title='bbox 1613 2727 1862 2794; x_wconf 81' lang='lat' dir='ltr'>Christi</span> <span class='ocrx_word' id='word_1_74' title='bbox 1921 2748 2111 2793; x_wconf 86' lang='lat' dir='ltr'>servo</span> <span class='ocrx_word' id='word_1_75' title='bbox 2169 2726 2390 2793; x_wconf 79' lang='lat' dir='ltr'>Gene-</span> 
     </span>
     <span class='ocr_line' id='line_1_17' title="bbox 432 2812 2393 2965; baseline -0.005 -81"><span class='ocrx_word' id='word_1_76' title='bbox 432 2818 656 2883; x_wconf 81' lang='lat' dir='ltr'>vensis</span> <span class='ocrx_word' id='word_1_77' title='bbox 678 2814 987 2881; x_wconf 90' lang='lat' dir='ltr'>ecclesiae</span> <span class='ocrx_word' id='word_1_78' title='bbox 1010 2814 1257 2899; x_wconf 88' lang='lat' dir='ltr'>pastori</span> <span class='ocrx_word' id='word_1_79' title='bbox 1252 2815 1684 2965; x_wconf 42' lang='lat' dir='ltr'>&amp;taquam</span> <span class='ocrx_word' id='word_1_80' title='bbox 1714 2813 2135 2880; x_wconf 86' lang='lat' dir='ltr'>dilectissimo</span> <span class='ocrx_word' id='word_1_81' title='bbox 2159 2812 2393 2878; x_wconf 89' lang='lat' dir='ltr'>Ioanni</span> 
     </span>
    </p>
   </div>
   <div class='ocr_carea' id='block_1_9' title="bbox 429 3069 2397 5218">
    <p class='ocr_par' dir='ltr' id='par_1_10' title="bbox 429 3069 2397 5218">
     <span class='ocr_line' id='line_1_18' title="bbox 610 3069 2390 3156; baseline -0.002 -16"><span class='ocrx_word' id='word_1_82' title='bbox 610 3073 914 3140; x_wconf 80' lang='lat' dir='ltr'>Gratiam</span> <span class='ocrx_word' id='word_1_83' title='bbox 976 3080 1043 3137; x_wconf 92' lang='lat' dir='ltr'>et</span> <span class='ocrx_word' id='word_1_84' title='bbox 1100 3091 1326 3156; x_wconf 89' lang='lat' dir='ltr'>pacem</span> <span class='ocrx_word' id='word_1_85' title='bbox 1383 3092 1420 3136; x_wconf 90' lang='lat' dir='ltr'>a</span> <span class='ocrx_word' id='word_1_86' title='bbox 1480 3069 1782 3137; x_wconf 89' lang='lat' dir='ltr'>Domino.</span> <span class='ocrx_word' id='word_1_87' title='bbox 1885 3070 2128 3137; x_wconf 89' lang='lat' dir='ltr'>Nostra</span> <span class='ocrx_word' id='word_1_88' title='bbox 2187 3070 2266 3135; x_wconf 89' lang='lat' dir='ltr'>de</span> <span class='ocrx_word' id='word_1_89' title='bbox 2323 3082 2390 3136; x_wconf 90' lang='lat' dir='ltr'>te</span> 
     </span>
     <span class='ocr_line' id='line_1_19' title="bbox 433 3157 2388 3243; baseline -0.002 -17"><span class='ocrx_word' id='word_1_90' title='bbox 433 3183 567 3226; x_wconf 90' lang='lat' dir='ltr'>non</span> <span class='ocrx_word' id='word_1_91' title='bbox 628 3160 922 3243; x_wconf 84' lang='lat' dir='ltr'>vulgaris</span> <span class='ocrx_word' id='word_1_92' title='bbox 982 3158 1400 3234; x_wconf 85' lang='lat' dir='ltr'>existimatiO,</span> <span class='ocrx_word' id='word_1_93' title='bbox 1460 3158 1795 3223; x_wconf 78' lang='lat' dir='ltr'>carissime</span> <span class='ocrx_word' id='word_1_94' title='bbox 1853 3159 2055 3222; x_wconf 81' lang='lat' dir='ltr'>frater</span> <span class='ocrx_word' id='word_1_95' title='bbox 2115 3157 2388 3234; x_wconf 77' lang='lat' dir='ltr'>Calvine,</span> 
     </span>
     <span class='ocr_line' id='line_1_20' title="bbox 434 3243 2391 3332; baseline -0.002 -20"><span class='ocrx_word' id='word_1_96' title='bbox 434 3244 717 3332; x_wconf 79' lang='lat' dir='ltr'>se[mper</span> <span class='ocrx_word' id='word_1_97' title='bbox 807 3244 1059 3309; x_wconf 84' lang='lat' dir='ltr'>exstitit</span> <span class='ocrx_word' id='word_1_98' title='bbox 1102 3255 1170 3308; x_wconf 93' lang='lat' dir='ltr'>et</span> <span class='ocrx_word' id='word_1_99' title='bbox 1214 3264 1345 3308; x_wconf 93' lang='lat' dir='ltr'>non</span> <span class='ocrx_word' id='word_1_100' title='bbox 1407 3243 1752 3322; x_wconf 88' lang='lat' dir='ltr'>immerita,</span> <span class='ocrx_word' id='word_1_101' title='bbox 1812 3243 1895 3308; x_wconf 92' lang='lat' dir='ltr'>ob</span> <span class='ocrx_word' id='word_1_102' title='bbox 1951 3244 2259 3309; x_wconf 81' lang='lat' dir='ltr'>eximiam</span> <span class='ocrx_word' id='word_1_103' title='bbox 2317 3246 2391 3308; x_wconf 92' lang='lat' dir='ltr'>in</span> 
     </span>
     <span class='ocr_line' id='line_1_21' title="bbox 437 3330 2391 3413; baseline 0 -18"><span class='ocrx_word' id='word_1_104' title='bbox 437 3341 508 3395; x_wconf 87' lang='lat' dir='ltr'>te</span> <span class='ocrx_word' id='word_1_105' title='bbox 552 3330 1110 3413; x_wconf 76' lang='lat' dir='ltr'>multiplicemque</span> <span class='ocrx_word' id='word_1_106' title='bbox 1158 3330 1284 3394; x_wconf 91' lang='lat' dir='ltr'>Dei</span> <span class='ocrx_word' id='word_1_107' title='bbox 1327 3330 1624 3413; x_wconf 87' lang='lat' dir='ltr'>gratiam,</span> <span class='ocrx_word' id='word_1_108' title='bbox 1671 3332 1968 3412; x_wconf 84' lang='lat' dir='ltr'>quamvis</span> <span class='ocrx_word' id='word_1_109' title='bbox 2014 3350 2148 3394; x_wconf 90' lang='lat' dir='ltr'>non</span> <span class='ocrx_word' id='word_1_110' title='bbox 2206 3339 2391 3395; x_wconf 85' lang='lat' dir='ltr'>tanta</span> 
     </span>
     <span class='ocr_line' id='line_1_22' title="bbox 437 3413 2388 3499; baseline -0.001 -18"><span class='ocrx_word' id='word_1_111' title='bbox 437 3427 686 3499; x_wconf 89' lang='lat' dir='ltr'>quanta</span> <span class='ocrx_word' id='word_1_112' title='bbox 731 3436 872 3481; x_wconf 89' lang='lat' dir='ltr'>esse</span> <span class='ocrx_word' id='word_1_113' title='bbox 917 3414 1145 3480; x_wconf 86' lang='lat' dir='ltr'>debuit</span> <span class='ocrx_word' id='word_1_114' title='bbox 1188 3415 1577 3482; x_wconf 86' lang='lat' dir='ltr'>reverentia.</span> <span class='ocrx_word' id='word_1_115' title='bbox 1682 3413 2005 3495; x_wconf 79' lang='lat' dir='ltr'>Quamvis</span> <span class='ocrx_word' id='word_1_116' title='bbox 2065 3417 2264 3481; x_wconf 88' lang='lat' dir='ltr'>etiam</span> <span class='ocrx_word' id='word_1_117' title='bbox 2322 3414 2388 3480; x_wconf 90' lang='lat' dir='ltr'>id</span> 
     </span>
     <span class='ocr_line' id='line_1_23' title="bbox 436 3500 2390 3584; baseline 0.001 -17"><span class='ocrx_word' id='word_1_118' title='bbox 436 3503 626 3568; x_wconf 89' lang='lat' dir='ltr'>nobis</span> <span class='ocrx_word' id='word_1_119' title='bbox 684 3520 827 3567; x_wconf 89' lang='lat' dir='ltr'>esse</span> <span class='ocrx_word' id='word_1_120' title='bbox 893 3522 1040 3565; x_wconf 92' lang='lat' dir='ltr'>cum</span> <span class='ocrx_word' id='word_1_121' title='bbox 1100 3500 1401 3584; x_wconf 80' lang='lat' dir='ltr'>plurimis</span> <span class='ocrx_word' id='word_1_122' title='bbox 1468 3512 1534 3566; x_wconf 90' lang='lat' dir='ltr'>et</span> <span class='ocrx_word' id='word_1_123' title='bbox 1606 3522 1756 3565; x_wconf 88' lang='lat' dir='ltr'>cum</span> <span class='ocrx_word' id='word_1_124' title='bbox 1816 3502 2390 3568; x_wconf 78' lang='lat' dir='ltr'>excellentioribus</span> 
     </span>
     <span class='ocr_line' id='line_1_24' title="bbox 433 3584 2388 3670; baseline 0 -16"><span class='ocrx_word' id='word_1_125' title='bbox 433 3587 724 3656; x_wconf 88' lang='lat' dir='ltr'>ecclesiis</span> <span class='ocrx_word' id='word_1_126' title='bbox 768 3607 1116 3653; x_wconf 90' lang='lat' dir='ltr'>commune</span> <span class='ocrx_word' id='word_1_127' title='bbox 1162 3589 1499 3652; x_wconf 78' lang='lat' dir='ltr'>fateamur.</span> <span class='ocrx_word' id='word_1_128' title='bbox 1606 3584 1869 3652; x_wconf 80' lang='lat' dir='ltr'>Scimus</span> <span class='ocrx_word' id='word_1_129' title='bbox 1928 3589 2189 3670; x_wconf 87' lang='lat' dir='ltr'>quidem</span> <span class='ocrx_word' id='word_1_130' title='bbox 2245 3609 2388 3654; x_wconf 88' lang='lat' dir='ltr'>ora-</span> 
     </span>
     <span class='ocr_line' id='line_1_25' title="bbox 429 3672 2388 3758; baseline 0.001 -20"><span class='ocrx_word' id='word_1_131' title='bbox 429 3675 680 3742; x_wconf 90' lang='lat' dir='ltr'>tionem</span> <span class='ocrx_word' id='word_1_132' title='bbox 750 3672 1126 3738; x_wconf 90' lang='lat' dir='ltr'>huiusmodi</span> <span class='ocrx_word' id='word_1_133' title='bbox 1206 3684 1498 3738; x_wconf 90' lang='lat' dir='ltr'>nostram</span> <span class='ocrx_word' id='word_1_134' title='bbox 1576 3673 1749 3758; x_wconf 78' lang='lat' dir='ltr'>apud</span> <span class='ocrx_word' id='word_1_135' title='bbox 1815 3683 1880 3738; x_wconf 90' lang='lat' dir='ltr'>te</span> <span class='ocrx_word' id='word_1_136' title='bbox 1953 3673 2147 3758; x_wconf 90' lang='lat' dir='ltr'>longe</span> <span class='ocrx_word' id='word_1_137' title='bbox 2214 3674 2388 3758; x_wconf 89' lang='lat' dir='ltr'>apud</span> 
     </span>
     <span class='ocr_line' id='line_1_26' title="bbox 430 3757 2392 3841; baseline 0 -16"><span class='ocrx_word' id='word_1_138' title='bbox 430 3757 637 3825; x_wconf 85' lang='lat' dir='ltr'>alium</span> <span class='ocrx_word' id='word_1_139' title='bbox 694 3779 890 3841; x_wconf 89' lang='lat' dir='ltr'>quam</span> <span class='ocrx_word' id='word_1_140' title='bbox 949 3768 1015 3825; x_wconf 91' lang='lat' dir='ltr'>te</span> <span class='ocrx_word' id='word_1_141' title='bbox 1070 3758 1515 3825; x_wconf 84' lang='lat' dir='ltr'>honestiorem</span> <span class='ocrx_word' id='word_1_142' title='bbox 1572 3759 1880 3825; x_wconf 87' lang='lat' dir='ltr'>futuram.</span> <span class='ocrx_word' id='word_1_143' title='bbox 1994 3759 2127 3825; x_wconf 68' lang='lat' dir='ltr'>Sed</span> <span class='ocrx_word' id='word_1_144' title='bbox 2186 3771 2252 3824; x_wconf 90' lang='lat' dir='ltr'>et</span> <span class='ocrx_word' id='word_1_145' title='bbox 2299 3761 2392 3825; x_wconf 88' lang='lat' dir='ltr'>ita</span> 
     </span>
     <span class='ocr_line' id='line_1_27' title="bbox 435 3844 2390 3929; baseline 0 -18"><span class='ocrx_word' id='word_1_146' title='bbox 435 3859 660 3911; x_wconf 84' lang='lat' dir='ltr'>tamen</span> <span class='ocrx_word' id='word_1_147' title='bbox 705 3866 841 3909; x_wconf 82' lang='lat' dir='ltr'>rem</span> <span class='ocrx_word' id='word_1_148' title='bbox 891 3844 1135 3910; x_wconf 87' lang='lat' dir='ltr'>habere</span> <span class='ocrx_word' id='word_1_149' title='bbox 1192 3854 1264 3910; x_wconf 89' lang='lat' dir='ltr'>tu</span> <span class='ocrx_word' id='word_1_150' title='bbox 1320 3866 1576 3928; x_wconf 89' lang='lat' dir='ltr'>quoque</span> <span class='ocrx_word' id='word_1_151' title='bbox 1641 3845 1774 3910; x_wconf 89' lang='lat' dir='ltr'>iam</span> <span class='ocrx_word' id='word_1_152' title='bbox 1841 3845 1953 3911; x_wconf 91' lang='lat' dir='ltr'>diu</span> <span class='ocrx_word' id='word_1_153' title='bbox 2021 3848 2390 3929; x_wconf 85' lang='lat' dir='ltr'>perspicere</span> 
     </span>
     <span class='ocr_line' id='line_1_28' title="bbox 432 3930 2392 4016; baseline 0.001 -20"><span class='ocrx_word' id='word_1_154' title='bbox 432 3933 741 4016; x_wconf 89' lang='lat' dir='ltr'>potuisti:</span> <span class='ocrx_word' id='word_1_155' title='bbox 785 3940 848 3994; x_wconf 90' lang='lat' dir='ltr'>et</span> <span class='ocrx_word' id='word_1_156' title='bbox 895 3931 1218 3998; x_wconf 88' lang='lat' dir='ltr'>laboriosa</span> <span class='ocrx_word' id='word_1_157' title='bbox 1260 3930 1374 3995; x_wconf 90' lang='lat' dir='ltr'>illa</span> <span class='ocrx_word' id='word_1_158' title='bbox 1419 3940 1532 3996; x_wconf 89' lang='lat' dir='ltr'>tua</span> <span class='ocrx_word' id='word_1_159' title='bbox 1577 3934 1911 3998; x_wconf 84' lang='lat' dir='ltr'>excusatio</span> <span class='ocrx_word' id='word_1_160' title='bbox 1945 3951 2076 3996; x_wconf 88' lang='lat' dir='ltr'>tam</span> <span class='ocrx_word' id='word_1_161' title='bbox 2114 3932 2392 3998; x_wconf 89' lang='lat' dir='ltr'>sollicita</span> 
     </span>
     <span class='ocr_line' id='line_1_29' title="bbox 433 4016 2388 4102; baseline -0.002 -18"><span class='ocrx_word' id='word_1_162' title='bbox 433 4027 633 4102; x_wconf 87' lang='lat' dir='ltr'>atque</span> <span class='ocrx_word' id='word_1_163' title='bbox 676 4018 876 4083; x_wconf 83' lang='lat' dir='ltr'>anxia</span> <span class='ocrx_word' id='word_1_164' title='bbox 930 4036 1005 4082; x_wconf 85' lang='lat' dir='ltr'>eo</span> <span class='ocrx_word' id='word_1_165' title='bbox 1065 4036 1184 4083; x_wconf 90' lang='lat' dir='ltr'>nos</span> <span class='ocrx_word' id='word_1_166' title='bbox 1242 4016 1533 4083; x_wconf 85' lang='lat' dir='ltr'>adduxit.</span> <span class='ocrx_word' id='word_1_167' title='bbox 1631 4018 1915 4083; x_wconf 84' lang='lat' dir='ltr'>Factum</span> <span class='ocrx_word' id='word_1_168' title='bbox 1969 4017 2388 4083; x_wconf 88' lang='lat' dir='ltr'>utilissimum</span> 
     </span>
     <span class='ocr_line' id='line_1_30' title="bbox 432 4101 2390 4190; baseline 0 -21"><span class='ocrx_word' id='word_1_169' title='bbox 432 4111 624 4169; x_wconf 79' lang='lat' dir='ltr'>tanta</span> <span class='ocrx_word' id='word_1_170' title='bbox 671 4101 864 4168; x_wconf 90' lang='lat' dir='ltr'>laude</span> <span class='ocrx_word' id='word_1_171' title='bbox 903 4101 1173 4188; x_wconf 90' lang='lat' dir='ltr'>dignum</span> <span class='ocrx_word' id='word_1_172' title='bbox 1221 4103 1403 4169; x_wconf 86' lang='lat' dir='ltr'>nulla</span> <span class='ocrx_word' id='word_1_173' title='bbox 1442 4124 1713 4188; x_wconf 83' lang='lat' dir='ltr'>prorsus</span> <span class='ocrx_word' id='word_1_174' title='bbox 1771 4105 2191 4170; x_wconf 85' lang='lat' dir='ltr'>excusatione</span> <span class='ocrx_word' id='word_1_175' title='bbox 2239 4125 2390 4190; x_wconf 87' lang='lat' dir='ltr'>ege-</span> 
     </span>
     <span class='ocr_line' id='line_1_31' title="bbox 435 4188 2391 4276; baseline -0.001 -21"><span class='ocrx_word' id='word_1_176' title='bbox 435 4190 565 4267; x_wconf 84' lang='lat' dir='ltr'>bat,</span> <span class='ocrx_word' id='word_1_177' title='bbox 611 4191 749 4256; x_wconf 78' lang='lat' dir='ltr'>sive</span> <span class='ocrx_word' id='word_1_178' title='bbox 790 4190 961 4272; x_wconf 91' lang='lat' dir='ltr'>quod</span> <span class='ocrx_word' id='word_1_179' title='bbox 993 4188 1154 4254; x_wconf 88' lang='lat' dir='ltr'>adeo</span> <span class='ocrx_word' id='word_1_180' title='bbox 1188 4191 1555 4255; x_wconf 87' lang='lat' dir='ltr'>necessaria</span> <span class='ocrx_word' id='word_1_181' title='bbox 1592 4201 1685 4256; x_wconf 90' lang='lat' dir='ltr'>tot</span> <span class='ocrx_word' id='word_1_182' title='bbox 1708 4192 2112 4274; x_wconf 84' lang='lat' dir='ltr'>gravissimis</span> <span class='ocrx_word' id='word_1_183' title='bbox 2148 4212 2391 4276; x_wconf 87' lang='lat' dir='ltr'>urgen-</span> 
     </span>
     <span class='ocr_line' id='line_1_32' title="bbox 433 4275 2389 4359; baseline 0 -17"><span class='ocrx_word' id='word_1_184' title='bbox 433 4276 838 4359; x_wconf 82' lang='lat' dir='ltr'>tissimisque</span> <span class='ocrx_word' id='word_1_185' title='bbox 902 4275 984 4340; x_wconf 90' lang='lat' dir='ltr'>de</span> <span class='ocrx_word' id='word_1_186' title='bbox 1049 4276 1263 4342; x_wconf 88' lang='lat' dir='ltr'>causis</span> <span class='ocrx_word' id='word_1_187' title='bbox 1329 4276 1553 4348; x_wconf 81' lang='lat' dir='ltr'>fuerit,</span> <span class='ocrx_word' id='word_1_188' title='bbox 1618 4275 1878 4341; x_wconf 87' lang='lat' dir='ltr'>sublata</span> <span class='ocrx_word' id='word_1_189' title='bbox 1938 4278 2118 4341; x_wconf 91' lang='lat' dir='ltr'>omni</span> <span class='ocrx_word' id='word_1_190' title='bbox 2186 4298 2389 4354; x_wconf 88' lang='lat' dir='ltr'>mora,</span> 
     </span>
     <span class='ocr_line' id='line_1_33' title="bbox 433 4361 2392 4439; baseline 0.001 -12"><span class='ocrx_word' id='word_1_191' title='bbox 433 4361 842 4427; x_wconf 83' lang='lat' dir='ltr'>orthodoxae</span> <span class='ocrx_word' id='word_1_192' title='bbox 883 4361 1267 4427; x_wconf 84' lang='lat' dir='ltr'>concordiae</span> <span class='ocrx_word' id='word_1_193' title='bbox 1308 4371 1577 4427; x_wconf 87' lang='lat' dir='ltr'>nostrae</span> <span class='ocrx_word' id='word_1_194' title='bbox 1619 4361 1846 4439; x_wconf 88' lang='lat' dir='ltr'>editio,</span> <span class='ocrx_word' id='word_1_195' title='bbox 1892 4362 2032 4429; x_wconf 87' lang='lat' dir='ltr'>sive</span> <span class='ocrx_word' id='word_1_196' title='bbox 2075 4363 2157 4428; x_wconf 90' lang='lat' dir='ltr'>de</span> <span class='ocrx_word' id='word_1_197' title='bbox 2201 4363 2392 4428; x_wconf 89' lang='lat' dir='ltr'>nobis</span> 
     </span>
     <span class='ocr_line' id='line_1_34' title="bbox 435 4446 2390 4533; baseline 0 -20"><span class='ocrx_word' id='word_1_198' title='bbox 435 4446 773 4533; x_wconf 77' lang='lat' dir='ltr'>agebatur,</span> <span class='ocrx_word' id='word_1_199' title='bbox 832 4467 993 4530; x_wconf 88' lang='lat' dir='ltr'>quos</span> <span class='ocrx_word' id='word_1_200' title='bbox 1037 4469 1157 4515; x_wconf 90' lang='lat' dir='ltr'>nec</span> <span class='ocrx_word' id='word_1_201' title='bbox 1215 4448 1268 4511; x_wconf 93' lang='lat' dir='ltr'>si</span> <span class='ocrx_word' id='word_1_202' title='bbox 1314 4447 1748 4513; x_wconf 88' lang='lat' dir='ltr'>consuluisses</span> <span class='ocrx_word' id='word_1_203' title='bbox 1804 4449 2216 4514; x_wconf 90' lang='lat' dir='ltr'>commodum</span> <span class='ocrx_word' id='word_1_204' title='bbox 2273 4449 2390 4513; x_wconf 90' lang='lat' dir='ltr'>ali-</span> 
     </span>
     <span class='ocr_line' id='line_1_35' title="bbox 439 4533 2393 4619; baseline 0 -20"><span class='ocrx_word' id='word_1_205' title='bbox 439 4533 612 4619; x_wconf 90' lang='lat' dir='ltr'>quod</span> <span class='ocrx_word' id='word_1_206' title='bbox 659 4534 1014 4618; x_wconf 85' lang='lat' dir='ltr'>apparebat</span> <span class='ocrx_word' id='word_1_207' title='bbox 1062 4553 1493 4611; x_wconf 87' lang='lat' dir='ltr'>acoessurum‚</span> <span class='ocrx_word' id='word_1_208' title='bbox 1551 4555 1671 4600; x_wconf 90' lang='lat' dir='ltr'>nec</span> <span class='ocrx_word' id='word_1_209' title='bbox 1726 4536 1779 4600; x_wconf 91' lang='lat' dir='ltr'>si</span> <span class='ocrx_word' id='word_1_210' title='bbox 1840 4543 1953 4599; x_wconf 88' lang='lat' dir='ltr'>tuo</span> <span class='ocrx_word' id='word_1_211' title='bbox 2009 4536 2393 4618; x_wconf 89' lang='lat' dir='ltr'>praetermi-</span> 
     </span>
     <span class='ocr_line' id='line_1_36' title="bbox 439 4618 2393 4700; baseline 0 -14"><span class='ocrx_word' id='word_1_212' title='bbox 439 4622 635 4686; x_wconf 85' lang='lat' dir='ltr'>sisses</span> <span class='ocrx_word' id='word_1_213' title='bbox 691 4619 927 4685; x_wconf 89' lang='lat' dir='ltr'>iudicio</span> <span class='ocrx_word' id='word_1_214' title='bbox 1007 4618 1256 4684; x_wconf 90' lang='lat' dir='ltr'>nullam</span> <span class='ocrx_word' id='word_1_215' title='bbox 1341 4639 1571 4700; x_wconf 89' lang='lat' dir='ltr'>parere</span> <span class='ocrx_word' id='word_1_216' title='bbox 1630 4620 2056 4686; x_wconf 87' lang='lat' dir='ltr'>offensionem</span> <span class='ocrx_word' id='word_1_217' title='bbox 2126 4622 2393 4687; x_wconf 90' lang='lat' dir='ltr'>omissio</span> 
     </span>
     <span class='ocr_line' id='line_1_37' title="bbox 438 4703 2392 4789; baseline -0.002 -15"><span class='ocrx_word' id='word_1_218' title='bbox 438 4705 580 4774; x_wconf 87' lang='lat' dir='ltr'>ulla</span> <span class='ocrx_word' id='word_1_219' title='bbox 621 4713 885 4789; x_wconf 86' lang='lat' dir='ltr'>poterat</span> <span class='ocrx_word' id='word_1_220' title='bbox 924 4706 1164 4770; x_wconf 85' lang='lat' dir='ltr'>animis</span> <span class='ocrx_word' id='word_1_221' title='bbox 1208 4714 1345 4770; x_wconf 86' lang='lat' dir='ltr'>tam</span> <span class='ocrx_word' id='word_1_222' title='bbox 1388 4703 1743 4772; x_wconf 81' lang='lat' dir='ltr'>benevolis.</span> <span class='ocrx_word' id='word_1_223' title='bbox 1833 4705 2016 4789; x_wconf 77' lang='lat' dir='ltr'>Quin</span> <span class='ocrx_word' id='word_1_224' title='bbox 2062 4728 2212 4778; x_wconf 87' lang='lat' dir='ltr'>cum</span> <span class='ocrx_word' id='word_1_225' title='bbox 2255 4705 2392 4772; x_wconf 80' lang='lat' dir='ltr'>Fa-</span> 
     </span>
     <span class='ocr_line' id='line_1_38' title="bbox 436 4790 2392 4876; baseline 0 -18"><span class='ocrx_word' id='word_1_226' title='bbox 436 4792 592 4858; x_wconf 73' lang='lat' dir='ltr'>rello</span> <span class='ocrx_word' id='word_1_227' title='bbox 649 4801 878 4856; x_wconf 90' lang='lat' dir='ltr'>nostro</span> <span class='ocrx_word' id='word_1_228' title='bbox 930 4791 988 4856; x_wconf 89' lang='lat' dir='ltr'>si</span> <span class='ocrx_word' id='word_1_229' title='bbox 1049 4790 1206 4875; x_wconf 90' lang='lat' dir='ltr'>quid</span> <span class='ocrx_word' id='word_1_230' title='bbox 1269 4791 1437 4856; x_wconf 78' lang='lat' dir='ltr'>forte</span> <span class='ocrx_word' id='word_1_231' title='bbox 1492 4791 1573 4858; x_wconf 92' lang='lat' dir='ltr'>de</span> <span class='ocrx_word' id='word_1_232' title='bbox 1629 4814 1705 4857; x_wconf 90' lang='lat' dir='ltr'>eo</span> <span class='ocrx_word' id='word_1_233' title='bbox 1761 4793 2026 4858; x_wconf 87' lang='lat' dir='ltr'>tametsi</span> <span class='ocrx_word' id='word_1_234' title='bbox 2081 4793 2392 4876; x_wconf 81' lang='lat' dir='ltr'>privatim</span> 
     </span>
     <span class='ocr_line' id='line_1_39' title="bbox 437 4875 2392 4962; baseline -0.001 -17"><span class='ocrx_word' id='word_1_235' title='bbox 437 4876 835 4952; x_wconf 83' lang='lat' dir='ltr'>contuleras,</span> <span class='ocrx_word' id='word_1_236' title='bbox 872 4875 1420 4959; x_wconf 85' lang='lat' dir='ltr'>quemadmodum</span> <span class='ocrx_word' id='word_1_237' title='bbox 1443 4877 1853 4944; x_wconf 85' lang='lat' dir='ltr'>familiariter</span> <span class='ocrx_word' id='word_1_238' title='bbox 1886 4880 2056 4944; x_wconf 86' lang='lat' dir='ltr'>soles</span> <span class='ocrx_word' id='word_1_239' title='bbox 2092 4879 2392 4962; x_wconf 89' lang='lat' dir='ltr'>plurima,</span> 
     </span>
     <span class='ocr_line' id='line_1_40' title="bbox 439 4964 2396 5042; baseline 0.002 -15"><span class='ocrx_word' id='word_1_240' title='bbox 439 4965 776 5029; x_wconf 88' lang='lat' dir='ltr'>nobiscum</span> <span class='ocrx_word' id='word_1_241' title='bbox 837 4983 915 5028; x_wconf 89' lang='lat' dir='ltr'>ea</span> <span class='ocrx_word' id='word_1_242' title='bbox 984 4964 1238 5029; x_wconf 90' lang='lat' dir='ltr'>ratione</span> <span class='ocrx_word' id='word_1_243' title='bbox 1307 4965 1467 5028; x_wconf 87' lang='lat' dir='ltr'>satis</span> <span class='ocrx_word' id='word_1_244' title='bbox 1546 4965 2098 5034; x_wconf 86' lang='lat' dir='ltr'>communicatum</span> <span class='ocrx_word' id='word_1_245' title='bbox 2159 4965 2396 5042; x_wconf 83' lang='lat' dir='ltr'>merito</span> 
     </span>
     <span class='ocr_line' id='line_1_41' title="bbox 437 5046 2396 5134; baseline 0.001 -20"><span class='ocrx_word' id='word_1_246' title='bbox 437 5059 804 5116; x_wconf 80' lang='lat' dir='ltr'>censeatur.</span> <span class='ocrx_word' id='word_1_247' title='bbox 937 5046 1162 5129; x_wconf 79' lang='lat' dir='ltr'>Quum</span> <span class='ocrx_word' id='word_1_248' title='bbox 1239 5050 1441 5134; x_wconf 86' lang='lat' dir='ltr'>igitur</span> <span class='ocrx_word' id='word_1_249' title='bbox 1518 5048 1994 5134; x_wconf 89' lang='lat' dir='ltr'>amplissimum</span> <span class='ocrx_word' id='word_1_250' title='bbox 2062 5052 2151 5117; x_wconf 87' lang='lat' dir='ltr'>sit</span> <span class='ocrx_word' id='word_1_251' title='bbox 2215 5049 2396 5118; x_wconf 89' lang='lat' dir='ltr'>istud</span> 
     </span>
     <span class='ocr_line' id='line_1_42' title="bbox 431 5133 2397 5218; baseline 0.003 -19"><span class='ocrx_word' id='word_1_252' title='bbox 431 5133 797 5199; x_wconf 78' lang='lat' dir='ltr'>modestiae</span> <span class='ocrx_word' id='word_1_253' title='bbox 840 5141 994 5199; x_wconf 89' lang='lat' dir='ltr'>tuae</span> <span class='ocrx_word' id='word_1_254' title='bbox 1037 5135 1518 5214; x_wconf 85' lang='lat' dir='ltr'>testimonium,</span> <span class='ocrx_word' id='word_1_255' title='bbox 1566 5136 1676 5218; x_wconf 90' lang='lat' dir='ltr'>qui</span> <span class='ocrx_word' id='word_1_256' title='bbox 1720 5136 1892 5201; x_wconf 86' lang='lat' dir='ltr'>ultro</span> <span class='ocrx_word' id='word_1_257' title='bbox 1935 5137 2123 5204; x_wconf 90' lang='lat' dir='ltr'>nobis</span> <span class='ocrx_word' id='word_1_258' title='bbox 2166 5156 2397 5204; x_wconf 80' lang='lat' dir='ltr'>causas</span> 
     </span>
    </p>
   </div>
   <div class='ocr_carea' id='block_1_10' title="bbox 431 5271 818 5282">
    <p class='ocr_par' dir='ltr' id='par_1_11' title="bbox 431 5271 818 5282">
     <span class='ocr_line' id='line_1_43' title="bbox 431 5271 818 5282; baseline 0 918"><span class='ocrx_word' id='word_1_259' title='bbox 431 5271 818 5282; x_wconf 95' lang='lat' dir='ltr'> </span> 
     </span>
    </p>
   </div>
   <div class='ocr_carea' id='block_1_11' title="bbox 647 5337 1004 5403">
    <p class='ocr_par' dir='ltr' id='par_1_12' title="bbox 647 5337 1004 5403">
     <span class='ocr_line' id='line_1_44' title="bbox 647 5337 1004 5403; baseline -0.008 -12"><span class='ocrx_word' id='word_1_260' title='bbox 647 5337 704 5403; x_wconf 72' lang='lat'>4)</span> <span class='ocrx_word' id='word_1_261' title='bbox 743 5338 816 5392; x_wconf 75' lang='lat' dir='ltr'>N.</span> <span class='ocrx_word' id='word_1_262' title='bbox 857 5337 1004 5392; x_wconf 67' lang='lat'>1948.</span> 
     </span>
    </p>
   </div>
   <div class='ocr_carea' id='block_1_12' title="bbox 1933 406 2932 477">
    <p class='ocr_par' dir='ltr' id='par_1_13' title="bbox 1933 406 2932 477">
     <span class='ocr_line' id='line_1_45' title="bbox 1933 406 2932 477; baseline -0.008 -2"><span class='ocrx_word' id='word_1_263' title='bbox 1933 406 2467 477; x_wconf 67' lang='lat' dir='ltr'>EPIS&#39;I&#39;Ohffl</span> <span class='ocrx_word' id='word_1_264' title='bbox 2507 407 2932 470; x_wconf 82' lang='lat'><strong>2171—2173</strong></span> 
     </span>
    </p>
   </div>
   <div class='ocr_carea' id='block_1_13' title="bbox 2436 604 2458 5384">
    <p class='ocr_par' dir='ltr' id='par_1_14' title="bbox 2436 604 2458 5384">
     <span class='ocr_line' id='line_1_46' title="bbox 2436 604 2458 5384; baseline 0 0"><span class='ocrx_word' id='word_1_265' title='bbox 2436 604 2458 5384; x_wconf 95' lang='lat' dir='ltr'> </span> 
     </span>
    </p>
   </div>
   <div class='ocr_carea' id='block_1_14' title="bbox 4308 400 4435 469">
    <p class='ocr_par' dir='ltr' id='par_1_15' title="bbox 4308 400 4435 469">
     <span class='ocr_line' id='line_1_47' title="bbox 4308 400 4435 469; baseline 0.055 -7"><span class='ocrx_word' id='word_1_266' title='bbox 4308 400 4435 469; x_wconf 68' lang='lat'>5⁸0</span> 
     </span>
    </p>
   </div>
   <div class='ocr_carea' id='block_1_15' title="bbox 2461 592 4437 682">
    <p class='ocr_par' dir='ltr' id='par_1_16' title="bbox 2461 592 4437 682">
     <span class='ocr_line' id='line_1_48' title="bbox 2461 592 4437 682; baseline -0.003 -20"><span class='ocrx_word' id='word_1_267' title='bbox 2461 596 2743 682; x_wconf 21' lang='lat' dir='ltr'>*aperire</span> <span class='ocrx_word' id='word_1_268' title='bbox 2801 594 3111 660; x_wconf 90' lang='lat' dir='ltr'>malueris</span> <span class='ocrx_word' id='word_1_269' title='bbox 3164 614 3361 677; x_wconf 91' lang='lat' dir='ltr'>quam</span> <span class='ocrx_word' id='word_1_270' title='bbox 3425 602 3539 661; x_wconf 81' lang='lat' dir='ltr'>tun</span> <span class='ocrx_word' id='word_1_271' title='bbox 3594 592 3789 659; x_wconf 83' lang='lat' dir='ltr'>tacite</span> <span class='ocrx_word' id='word_1_272' title='bbox 3843 592 3987 658; x_wconf 87' lang='lat' dir='ltr'>iure</span> <span class='ocrx_word' id='word_1_273' title='bbox 4043 602 4287 675; x_wconf 85' lang='lat' dir='ltr'>tuaque</span> <span class='ocrx_word' id='word_1_274' title='bbox 4339 594 4437 657; x_wconf 84' lang='lat' dir='ltr'>uti</span> 
     </span>
    </p>
   </div>
   <div class='ocr_carea' id='block_1_16' title="bbox 2485 679 4474 4381">
    <p class='ocr_par' dir='ltr' id='par_1_17' title="bbox 2485 679 4474 2813">
     <span class='ocr_line' id='line_1_49' title="bbox 2485 679 4439 766; baseline -0.001 -19"><span class='ocrx_word' id='word_1_275' title='bbox 2485 681 2965 766; x_wconf 86' lang='lat' dir='ltr'>praerogativa,</span> <span class='ocrx_word' id='word_1_276' title='bbox 3009 679 3166 747; x_wconf 87' lang='lat' dir='ltr'>hinc</span> <span class='ocrx_word' id='word_1_277' title='bbox 3211 680 3411 745; x_wconf 90' lang='lat' dir='ltr'>etiam</span> <span class='ocrx_word' id='word_1_278' title='bbox 3458 681 3533 745; x_wconf 85' lang='lat' dir='ltr'>fit</span> <span class='ocrx_word' id='word_1_279' title='bbox 3576 691 3652 744; x_wconf 89' lang='lat' dir='ltr'>ut</span> <span class='ocrx_word' id='word_1_280' title='bbox 3695 698 3817 744; x_wconf 83' lang='lat' dir='ltr'>nos</span> <span class='ocrx_word' id='word_1_281' title='bbox 3856 690 4083 744; x_wconf 90' lang='lat' dir='ltr'>contra</span> <span class='ocrx_word' id='word_1_282' title='bbox 4126 697 4439 762; x_wconf 85' lang='lat' dir='ltr'>cogamur</span> 
     </span>
     <span class='ocr_line' id='line_1_50' title="bbox 2486 762 4440 848; baseline -0.002 -14"><span class='ocrx_word' id='word_1_283' title='bbox 2486 768 2873 834; x_wconf 88' lang='lat' dir='ltr'>erubescere</span> <span class='ocrx_word' id='word_1_284' title='bbox 2896 766 3049 831; x_wconf 90' lang='lat' dir='ltr'>dum</span> <span class='ocrx_word' id='word_1_285' title='bbox 3073 766 3563 833; x_wconf 79' lang='lat' dir='ltr'>consideramus</span> <span class='ocrx_word' id='word_1_286' title='bbox 3594 765 3691 831; x_wconf 89' lang='lat' dir='ltr'>sic</span> <span class='ocrx_word' id='word_1_287' title='bbox 3712 775 4004 830; x_wconf 81' lang='lat' dir='ltr'>nostram</span> <span class='ocrx_word' id='word_1_288' title='bbox 4036 762 4440 848; x_wconf 84' lang='lat' dir='ltr'>deprehendi</span> 
     </span>
     <span class='ocr_line' id='line_1_51' title="bbox 2488 849 4441 939; baseline -0.002 -21"><span class='ocrx_word' id='word_1_289' title='bbox 2488 875 2573 920; x_wconf 91' lang='lat' dir='ltr'>ne</span> <span class='ocrx_word' id='word_1_290' title='bbox 2620 853 2976 939; x_wconf 80' lang='lat' dir='ltr'>ligantiam,</span> <span class='ocrx_word' id='word_1_291' title='bbox 3038 874 3128 936; x_wconf 89' lang='lat' dir='ltr'>qn</span> <span class='ocrx_word' id='word_1_292' title='bbox 3247 872 3331 917; x_wconf 92' lang='lat' dir='ltr'>ue</span> <span class='ocrx_word' id='word_1_293' title='bbox 3375 851 3803 918; x_wconf 80' lang='lat' dir='ltr'>conveniebat</span> <span class='ocrx_word' id='word_1_294' title='bbox 3856 849 4028 915; x_wconf 82' lang='lat' dir='ltr'>edito</span> <span class='ocrx_word' id='word_1_295' title='bbox 4083 853 4306 917; x_wconf 86' lang='lat' dir='ltr'>statim</span> <span class='ocrx_word' id='word_1_296' title='bbox 4359 851 4441 914; x_wconf 86' lang='lat' dir='ltr'>li-</span> 
     </span>
     <span class='ocr_line' id='line_1_52' title="bbox 2488 936 4439 1021; baseline -0.003 -13"><span class='ocrx_word' id='word_1_297' title='bbox 2488 941 2677 1018; x_wconf 88' lang='lat' dir='ltr'>belo,</span> <span class='ocrx_word' id='word_1_298' title='bbox 2723 941 2777 1004; x_wconf 88' lang='lat' dir='ltr'>si</span> <span class='ocrx_word' id='word_1_299' title='bbox 2825 939 2927 1007; x_wconf 80' lang='lat' dir='ltr'>vel</span> <span class='ocrx_word' id='word_1_300' title='bbox 2972 937 3189 1004; x_wconf 82' lang='lat' dir='ltr'>nullas</span> <span class='ocrx_word' id='word_1_301' title='bbox 3275 939 3685 1004; x_wconf 85' lang='lat' dir='ltr'>abuissemus</span> <span class='ocrx_word' id='word_1_302' title='bbox 3729 958 3769 1002; x_wconf 89' lang='lat' dir='ltr'>a</span> <span class='ocrx_word' id='word_1_303' title='bbox 3812 946 3881 1003; x_wconf 90' lang='lat' dir='ltr'>te</span> <span class='ocrx_word' id='word_1_304' title='bbox 3921 936 4165 1015; x_wconf 87' lang='lat' dir='ltr'>literas,</span> <span class='ocrx_word' id='word_1_305' title='bbox 4218 949 4439 1021; x_wconf 83' lang='lat' dir='ltr'>gratu-</span> 
     </span>
     <span class='ocr_line' id='line_1_53' title="bbox 2490 1022 4443 1109; baseline -0.002 -18"><span class='ocrx_word' id='word_1_306' title='bbox 2490 1026 2801 1092; x_wconf 88' lang='lat' dir='ltr'>lationem</span> <span class='ocrx_word' id='word_1_307' title='bbox 2868 1025 2987 1091; x_wconf 89' lang='lat' dir='ltr'>tibi</span> <span class='ocrx_word' id='word_1_308' title='bbox 3064 1022 3473 1090; x_wconf 87' lang='lat' dir='ltr'>conscribere</span> <span class='ocrx_word' id='word_1_309' title='bbox 3538 1032 3605 1088; x_wconf 90' lang='lat' dir='ltr'>et</span> <span class='ocrx_word' id='word_1_310' title='bbox 3668 1024 4031 1109; x_wconf 77' lang='lat' dir='ltr'>gratiarnm</span> <span class='ocrx_word' id='word_1_311' title='bbox 4095 1025 4443 1102; x_wconf 87' lang='lat' dir='ltr'>actionem,</span> 
     </span>
     <span class='ocr_line' id='line_1_54' title="bbox 2493 1108 4444 1195; baseline -0.002 -17"><span class='ocrx_word' id='word_1_312' title='bbox 2493 1134 2614 1179; x_wconf 90' lang='lat' dir='ltr'>nos</span> <span class='ocrx_word' id='word_1_313' title='bbox 2649 1110 2901 1178; x_wconf 88' lang='lat' dir='ltr'>tamdiu</span> <span class='ocrx_word' id='word_1_314' title='bbox 2946 1111 3382 1195; x_wconf 82' lang='lat' dir='ltr'>incogitantes</span> <span class='ocrx_word' id='word_1_315' title='bbox 3425 1109 3630 1176; x_wconf 80' lang='lat' dir='ltr'>fuisse</span> <span class='ocrx_word' id='word_1_316' title='bbox 3670 1120 3820 1194; x_wconf 91' lang='lat' dir='ltr'>post</span> <span class='ocrx_word' id='word_1_317' title='bbox 3876 1118 4190 1192; x_wconf 84' lang='lat' dir='ltr'>acceptas.</span> <span class='ocrx_word' id='word_1_318' title='bbox 4292 1108 4444 1175; x_wconf 87' lang='lat' dir='ltr'>Hoc</span> 
     </span>
     <span class='ocr_line' id='line_1_55' title="bbox 2493 1194 4446 1282; baseline -0.002 -18"><span class='ocrx_word' id='word_1_319' title='bbox 2493 1200 2712 1282; x_wconf 87' lang='lat' dir='ltr'>itaque</span> <span class='ocrx_word' id='word_1_320' title='bbox 2757 1210 3050 1281; x_wconf 89' lang='lat' dir='ltr'>tempore</span> <span class='ocrx_word' id='word_1_321' title='bbox 3092 1195 3264 1262; x_wconf 91' lang='lat' dir='ltr'>nihil</span> <span class='ocrx_word' id='word_1_322' title='bbox 3298 1194 3612 1261; x_wconf 90' lang='lat' dir='ltr'>mandare</span> <span class='ocrx_word' id='word_1_323' title='bbox 3646 1198 3822 1280; x_wconf 81' lang='lat' dir='ltr'>typis</span> <span class='ocrx_word' id='word_1_324' title='bbox 3866 1195 4092 1262; x_wconf 86' lang='lat' dir='ltr'>utilius</span> <span class='ocrx_word' id='word_1_325' title='bbox 4137 1197 4446 1280; x_wconf 80' lang='lat' dir='ltr'>spargive</span> 
     </span>
     <span class='ocr_line' id='line_1_56' title="bbox 2493 1280 4451 1369; baseline -0.001 -22"><span class='ocrx_word' id='word_1_326' title='bbox 2493 1286 2725 1369; x_wconf 89' lang='lat' dir='ltr'>potuit,</span> <span class='ocrx_word' id='word_1_327' title='bbox 2763 1284 2937 1349; x_wconf 91' lang='lat' dir='ltr'>unde</span> <span class='ocrx_word' id='word_1_328' title='bbox 2972 1284 3314 1349; x_wconf 87' lang='lat' dir='ltr'>certiorem</span> <span class='ocrx_word' id='word_1_329' title='bbox 3352 1283 3635 1348; x_wconf 90' lang='lat' dir='ltr'>fructum</span> <span class='ocrx_word' id='word_1_330' title='bbox 3676 1293 3744 1347; x_wconf 88' lang='lat' dir='ltr'>et</span> <span class='ocrx_word' id='word_1_331' title='bbox 3778 1280 4142 1348; x_wconf 87' lang='lat' dir='ltr'>uberiorem</span> <span class='ocrx_word' id='word_1_332' title='bbox 4180 1300 4451 1365; x_wconf 88' lang='lat' dir='ltr'>sperare</span> 
     </span>
     <span class='ocr_line' id='line_1_57' title="bbox 2495 1368 4449 1451; baseline -0.002 -15"><span class='ocrx_word' id='word_1_333' title='bbox 2495 1371 2702 1437; x_wconf 88' lang='lat' dir='ltr'>liceat.</span> <span class='ocrx_word' id='word_1_334' title='bbox 2807 1369 3293 1437; x_wconf 82' lang='lat' dir='ltr'>Glorificandus</span> <span class='ocrx_word' id='word_1_335' title='bbox 3346 1369 3672 1434; x_wconf 93' lang='lat' dir='ltr'>Dominus</span> <span class='ocrx_word' id='word_1_336' title='bbox 3729 1368 3842 1450; x_wconf 92' lang='lat' dir='ltr'>qui</span> <span class='ocrx_word' id='word_1_337' title='bbox 3894 1388 4013 1451; x_wconf 91' lang='lat' dir='ltr'>per</span> <span class='ocrx_word' id='word_1_338' title='bbox 4070 1378 4137 1432; x_wconf 90' lang='lat' dir='ltr'>te</span> <span class='ocrx_word' id='word_1_339' title='bbox 4190 1377 4449 1439; x_wconf 87' lang='lat' dir='ltr'>tantam</span> 
     </span>
     <span class='ocr_line' id='line_1_58' title="bbox 2493 1452 4449 1541; baseline -0.002 -19"><span class='ocrx_word' id='word_1_340' title='bbox 2493 1457 2708 1524; x_wconf 89' lang='lat' dir='ltr'>lucem</span> <span class='ocrx_word' id='word_1_341' title='bbox 2744 1457 3168 1522; x_wconf 88' lang='lat' dir='ltr'>sacramentis</span> <span class='ocrx_word' id='word_1_342' title='bbox 3202 1475 3366 1541; x_wconf 91' lang='lat' dir='ltr'>pure</span> <span class='ocrx_word' id='word_1_343' title='bbox 3400 1454 3820 1539; x_wconf 82' lang='lat' dir='ltr'>legitimeque</span> <span class='ocrx_word' id='word_1_344' title='bbox 3854 1452 4116 1521; x_wconf 86' lang='lat' dir='ltr'>utendis</span> <span class='ocrx_word' id='word_1_345' title='bbox 4150 1453 4449 1519; x_wconf 85' lang='lat' dir='ltr'>attulerit</span> 
     </span>
     <span class='ocr_line' id='line_1_59' title="bbox 2494 1538 4451 1626; baseline -0.002 -18"><span class='ocrx_word' id='word_1_346' title='bbox 2494 1552 2562 1608; x_wconf 90' lang='lat' dir='ltr'>et</span> <span class='ocrx_word' id='word_1_347' title='bbox 2602 1562 2845 1626; x_wconf 80' lang='lat' dir='ltr'>pacem.</span> <span class='ocrx_word' id='word_1_348' title='bbox 2936 1542 3073 1608; x_wconf 89' lang='lat' dir='ltr'>Isto</span> <span class='ocrx_word' id='word_1_349' title='bbox 3109 1542 3395 1625; x_wconf 86' lang='lat' dir='ltr'>profecto</span> <span class='ocrx_word' id='word_1_350' title='bbox 3438 1540 3689 1605; x_wconf 88' lang='lat' dir='ltr'>lumine</span> <span class='ocrx_word' id='word_1_351' title='bbox 3722 1560 3796 1605; x_wconf 89' lang='lat' dir='ltr'>re</span> <span class='ocrx_word' id='word_1_352' title='bbox 3949 1552 4122 1618; x_wconf 89' lang='lat' dir='ltr'>ntur,</span> <span class='ocrx_word' id='word_1_353' title='bbox 4164 1541 4220 1605; x_wconf 91' lang='lat' dir='ltr'>si</span> <span class='ocrx_word' id='word_1_354' title='bbox 4253 1538 4451 1605; x_wconf 91' lang='lat' dir='ltr'>modo</span> 
     </span>
     <span class='ocr_line' id='line_1_60' title="bbox 2495 1626 4454 1711; baseline -0.001 -17"><span class='ocrx_word' id='word_1_355' title='bbox 2495 1629 2601 1696; x_wconf 83' lang='lat' dir='ltr'>vel</span> <span class='ocrx_word' id='word_1_356' title='bbox 2645 1628 2886 1694; x_wconf 91' lang='lat' dir='ltr'>mutire</span> <span class='ocrx_word' id='word_1_357' title='bbox 2929 1626 3232 1707; x_wconf 88' lang='lat' dir='ltr'>audeant,</span> <span class='ocrx_word' id='word_1_358' title='bbox 3289 1627 3400 1711; x_wconf 91' lang='lat' dir='ltr'>qni</span> <span class='ocrx_word' id='word_1_359' title='bbox 3455 1626 3859 1694; x_wconf 90' lang='lat' dir='ltr'>contentioni</span> <span class='ocrx_word' id='word_1_360' title='bbox 3904 1648 3984 1691; x_wconf 93' lang='lat' dir='ltr'>us</span> <span class='ocrx_word' id='word_1_361' title='bbox 4041 1626 4454 1692; x_wconf 83' lang='lat' dir='ltr'>delectantur</span> 
     </span>
     <span class='ocr_line' id='line_1_61' title="bbox 2494 1710 4448 1798; baseline -0.003 -16"><span class='ocrx_word' id='word_1_362' title='bbox 2494 1734 2570 1782; x_wconf 85' lang='lat' dir='ltr'>ac</span> <span class='ocrx_word' id='word_1_363' title='bbox 2614 1715 2948 1798; x_wconf 89' lang='lat' dir='ltr'>propriam</span> <span class='ocrx_word' id='word_1_364' title='bbox 2985 1713 3258 1798; x_wconf 85' lang='lat' dir='ltr'>gloriam</span> <span class='ocrx_word' id='word_1_365' title='bbox 3304 1724 3651 1796; x_wconf 87' lang='lat' dir='ltr'>quaerunt.</span> <span class='ocrx_word' id='word_1_366' title='bbox 3702 1712 3873 1777; x_wconf 87' lang='lat' dir='ltr'>Nam</span> <span class='ocrx_word' id='word_1_367' title='bbox 3909 1710 4075 1796; x_wconf 89' lang='lat' dir='ltr'>quod</span> <span class='ocrx_word' id='word_1_368' title='bbox 4116 1712 4365 1789; x_wconf 87' lang='lat' dir='ltr'>scribis,</span> <span class='ocrx_word' id='word_1_369' title='bbox 4391 1716 4448 1791; x_wconf 87' lang='lat'>¹)</span> 
     </span>
     <span class='ocr_line' id='line_1_62' title="bbox 2495 1797 4457 1885; baseline 0 -20"><span class='ocrx_word' id='word_1_370' title='bbox 2495 1801 2769 1866; x_wconf 87' lang='lat' dir='ltr'>minime</span> <span class='ocrx_word' id='word_1_371' title='bbox 2813 1810 2878 1865; x_wconf 86' lang='lat' dir='ltr'>te</span> <span class='ocrx_word' id='word_1_372' title='bbox 2923 1800 3253 1884; x_wconf 89' lang='lat' dir='ltr'>postulare</span> <span class='ocrx_word' id='word_1_373' title='bbox 3298 1809 3374 1864; x_wconf 91' lang='lat' dir='ltr'>ut</span> <span class='ocrx_word' id='word_1_374' title='bbox 3416 1801 3758 1883; x_wconf 88' lang='lat' dir='ltr'>quisquam</span> <span class='ocrx_word' id='word_1_375' title='bbox 3796 1798 3909 1864; x_wconf 89' lang='lat' dir='ltr'>tibi</span> <span class='ocrx_word' id='word_1_376' title='bbox 3950 1797 4328 1876; x_wconf 86' lang='lat' dir='ltr'>subscribat,</span> <span class='ocrx_word' id='word_1_377' title='bbox 4376 1810 4457 1885; x_wconf 41' lang='lat' dir='ltr'>te,</span> 
     </span>
     <span class='ocr_line' id='line_1_63' title="bbox 2493 1884 4452 1968; baseline -0.002 -16"><span class='ocrx_word' id='word_1_378' title='bbox 2493 1901 2714 1952; x_wconf 87' lang='lat' dir='ltr'>nostro</span> <span class='ocrx_word' id='word_1_379' title='bbox 2759 1886 2825 1951; x_wconf 91' lang='lat' dir='ltr'>id</span> <span class='ocrx_word' id='word_1_380' title='bbox 2870 1887 3138 1953; x_wconf 86' lang='lat' dir='ltr'>arbitrio</span> <span class='ocrx_word' id='word_1_381' title='bbox 3175 1884 3578 1968; x_wconf 87' lang='lat' dir='ltr'>relinquere:</span> <span class='ocrx_word' id='word_1_382' title='bbox 3637 1893 3932 1950; x_wconf 85' lang='lat' dir='ltr'>amentes</span> <span class='ocrx_word' id='word_1_383' title='bbox 3989 1885 4194 1949; x_wconf 85' lang='lat' dir='ltr'>simus</span> <span class='ocrx_word' id='word_1_384' title='bbox 4235 1885 4289 1948; x_wconf 92' lang='lat' dir='ltr'>si</span> <span class='ocrx_word' id='word_1_385' title='bbox 4334 1896 4452 1949; x_wconf 84' lang='lat' dir='ltr'>aut</span> 
     </span>
     <span class='ocr_line' id='line_1_64' title="bbox 2495 1969 4449 2058; baseline -0.002 -21"><span class='ocrx_word' id='word_1_386' title='bbox 2495 1994 2629 2037; x_wconf 93' lang='lat' dir='ltr'>non</span> <span class='ocrx_word' id='word_1_387' title='bbox 2674 1972 2781 2037; x_wconf 88' lang='lat' dir='ltr'>hic</span> <span class='ocrx_word' id='word_1_388' title='bbox 2823 1992 3250 2058; x_wconf 88' lang='lat' dir='ltr'>agnoscamus</span> <span class='ocrx_word' id='word_1_389' title='bbox 3293 1972 3503 2056; x_wconf 90' lang='lat' dir='ltr'>ipsam</span> <span class='ocrx_word' id='word_1_390' title='bbox 3562 1969 3689 2035; x_wconf 88' lang='lat' dir='ltr'>Dei</span> <span class='ocrx_word' id='word_1_391' title='bbox 3750 1971 4111 2049; x_wconf 85' lang='lat' dir='ltr'>veritatem,</span> <span class='ocrx_word' id='word_1_392' title='bbox 4170 1980 4285 2035; x_wconf 88' lang='lat' dir='ltr'>aut</span> <span class='ocrx_word' id='word_1_393' title='bbox 4340 1969 4449 2051; x_wconf 77' lang='lat' dir='ltr'>hic</span> 
     </span>
     <span class='ocr_line' id='line_1_65' title="bbox 2496 2055 4452 2143; baseline -0.002 -18"><span class='ocrx_word' id='word_1_394' title='bbox 2496 2058 2833 2141; x_wconf 88' lang='lat' dir='ltr'>cupientes</span> <span class='ocrx_word' id='word_1_395' title='bbox 2877 2058 3207 2124; x_wconf 83' lang='lat' dir='ltr'>tantillum</span> <span class='ocrx_word' id='word_1_396' title='bbox 3257 2078 3296 2122; x_wconf 90' lang='lat' dir='ltr'>a</span> <span class='ocrx_word' id='word_1_397' title='bbox 3352 2067 3418 2123; x_wconf 91' lang='lat' dir='ltr'>te</span> <span class='ocrx_word' id='word_1_398' title='bbox 3460 2057 3831 2143; x_wconf 86' lang='lat' dir='ltr'>discrepare</span> <span class='ocrx_word' id='word_1_399' title='bbox 3879 2077 3918 2120; x_wconf 88' lang='lat' dir='ltr'>a</span> <span class='ocrx_word' id='word_1_400' title='bbox 3962 2055 4168 2134; x_wconf 85' lang='lat' dir='ltr'>nobis,</span> <span class='ocrx_word' id='word_1_401' title='bbox 4222 2056 4355 2121; x_wconf 89' lang='lat' dir='ltr'>imo</span> <span class='ocrx_word' id='word_1_402' title='bbox 4409 2077 4452 2121; x_wconf 90' lang='lat' dir='ltr'>a</span> 
     </span>
     <span class='ocr_line' id='line_1_66' title="bbox 2500 2142 4451 2227; baseline -0.003 -17"><span class='ocrx_word' id='word_1_403' title='bbox 2500 2144 2785 2223; x_wconf 81' lang='lat' dir='ltr'>Christo,</span> <span class='ocrx_word' id='word_1_404' title='bbox 2832 2145 3307 2211; x_wconf 88' lang='lat' dir='ltr'>dissentiamus.</span> <span class='ocrx_word' id='word_1_405' title='bbox 3397 2142 3623 2225; x_wconf 80' lang='lat' dir='ltr'>Quare</span> <span class='ocrx_word' id='word_1_406' title='bbox 3668 2144 3778 2227; x_wconf 90' lang='lat' dir='ltr'>qui</span> <span class='ocrx_word' id='word_1_407' title='bbox 3822 2144 3954 2208; x_wconf 86' lang='lat' dir='ltr'>iam</span> <span class='ocrx_word' id='word_1_408' title='bbox 3999 2145 4069 2207; x_wconf 90' lang='lat' dir='ltr'>in</span> <span class='ocrx_word' id='word_1_409' title='bbox 4117 2144 4451 2208; x_wconf 87' lang='lat' dir='ltr'>sanctissi-</span> 
     </span>
     <span class='ocr_line' id='line_1_67' title="bbox 2498 2229 4453 2315; baseline -0.002 -19"><span class='ocrx_word' id='word_1_410' title='bbox 2498 2252 2678 2296; x_wconf 92' lang='lat' dir='ltr'>mum</span> <span class='ocrx_word' id='word_1_411' title='bbox 2754 2230 2876 2297; x_wconf 92' lang='lat' dir='ltr'>hoc</span> <span class='ocrx_word' id='word_1_412' title='bbox 2955 2229 3180 2296; x_wconf 86' lang='lat' dir='ltr'>foedus</span> <span class='ocrx_word' id='word_1_413' title='bbox 3253 2232 3573 2315; x_wconf 89' lang='lat' dir='ltr'>promptis</span> <span class='ocrx_word' id='word_1_414' title='bbox 3645 2231 3882 2294; x_wconf 91' lang='lat' dir='ltr'>animis</span> <span class='ocrx_word' id='word_1_415' title='bbox 3948 2229 4453 2311; x_wconf 89' lang='lat' dir='ltr'>subscripsimus</span> 
     </span>
     <span class='ocr_line' id='line_1_68' title="bbox 2498 2314 4451 2400; baseline -0.002 -18"><span class='ocrx_word' id='word_1_416' title='bbox 2498 2319 2884 2383; x_wconf 90' lang='lat' dir='ltr'>nominatim</span> <span class='ocrx_word' id='word_1_417' title='bbox 2920 2338 3167 2395; x_wconf 90' lang='lat' dir='ltr'>omnes,</span> <span class='ocrx_word' id='word_1_418' title='bbox 3206 2337 3403 2400; x_wconf 90' lang='lat' dir='ltr'>quum</span> <span class='ocrx_word' id='word_1_419' title='bbox 3444 2338 3524 2381; x_wconf 81' lang='lat' dir='ltr'>ea</span> <span class='ocrx_word' id='word_1_420' title='bbox 3560 2314 3639 2380; x_wconf 85' lang='lat' dir='ltr'>de</span> <span class='ocrx_word' id='word_1_421' title='bbox 3678 2336 3749 2380; x_wconf 92' lang='lat' dir='ltr'>re</span> <span class='ocrx_word' id='word_1_422' title='bbox 3787 2316 4126 2381; x_wconf 88' lang='lat' dir='ltr'>nobiscum</span> <span class='ocrx_word' id='word_1_423' title='bbox 4162 2315 4451 2398; x_wconf 90' lang='lat' dir='ltr'>primum</span> 
     </span>
     <span class='ocr_line' id='line_1_69' title="bbox 2497 2399 4451 2488; baseline -0.003 -19"><span class='ocrx_word' id='word_1_424' title='bbox 2497 2404 2832 2488; x_wconf 84' lang='lat' dir='ltr'>agebatur,</span> <span class='ocrx_word' id='word_1_425' title='bbox 2882 2404 3157 2469; x_wconf 87' lang='lat' dir='ltr'>necdum</span> <span class='ocrx_word' id='word_1_426' title='bbox 3206 2402 3419 2486; x_wconf 88' lang='lat' dir='ltr'>palam</span> <span class='ocrx_word' id='word_1_427' title='bbox 3466 2402 3778 2486; x_wconf 86' lang='lat' dir='ltr'>exposita,</span> <span class='ocrx_word' id='word_1_428' title='bbox 3835 2399 3903 2465; x_wconf 90' lang='lat' dir='ltr'>id</span> <span class='ocrx_word' id='word_1_429' title='bbox 3959 2402 4173 2485; x_wconf 87' lang='lat' dir='ltr'>ipsum</span> <span class='ocrx_word' id='word_1_430' title='bbox 4234 2400 4451 2466; x_wconf 88' lang='lat' dir='ltr'>adhuc</span> 
     </span>
     <span class='ocr_line' id='line_1_70' title="bbox 2496 2487 4474 2571; baseline -0.002 -18"><span class='ocrx_word' id='word_1_431' title='bbox 2496 2510 2691 2571; x_wconf 90' lang='lat' dir='ltr'>quam</span> <span class='ocrx_word' id='word_1_432' title='bbox 2717 2488 3146 2556; x_wconf 91' lang='lat' dir='ltr'>libentissime</span> <span class='ocrx_word' id='word_1_433' title='bbox 3170 2489 3447 2555; x_wconf 90' lang='lat' dir='ltr'>facimus</span> <span class='ocrx_word' id='word_1_434' title='bbox 3470 2498 3813 2571; x_wconf 88' lang='lat' dir='ltr'>ratumque</span> <span class='ocrx_word' id='word_1_435' title='bbox 3828 2487 4057 2553; x_wconf 89' lang='lat' dir='ltr'>habem</span> <span class='ocrx_word' id='word_1_436' title='bbox 4068 2508 4161 2564; x_wconf 87' lang='lat' dir='ltr'>us,</span> <span class='ocrx_word' id='word_1_437' title='bbox 4186 2495 4474 2551; x_wconf 86' lang='lat' dir='ltr'>orantes·</span> 
     </span>
     <span class='ocr_line' id='line_1_71' title="bbox 2496 2574 4452 2641; baseline -0.001 -2"><span class='ocrx_word' id='word_1_438' title='bbox 2496 2574 2859 2640; x_wconf 89' lang='lat' dir='ltr'>Dominum</span> <span class='ocrx_word' id='word_1_439' title='bbox 2908 2586 2984 2640; x_wconf 90' lang='lat' dir='ltr'>ut</span> <span class='ocrx_word' id='word_1_440' title='bbox 3038 2576 3109 2640; x_wconf 89' lang='lat' dir='ltr'>in</span> <span class='ocrx_word' id='word_1_441' title='bbox 3152 2574 3657 2641; x_wconf 87' lang='lat' dir='ltr'>saluberrimum</span> <span class='ocrx_word' id='word_1_442' title='bbox 3713 2574 4118 2640; x_wconf 86' lang='lat' dir='ltr'>consortium</span> <span class='ocrx_word' id='word_1_443' title='bbox 4181 2584 4452 2639; x_wconf 86' lang='lat' dir='ltr'>cunctos</span> 
     </span>
     <span class='ocr_line' id='line_1_72' title="bbox 2497 2658 4452 2761; baseline -0.002 -35"><span class='ocrx_word' id='word_1_444' title='bbox 2497 2662 2657 2761; x_wconf 77' lang='lat' dir='ltr'>alios</span> <span class='ocrx_word' id='word_1_445' title='bbox 2702 2661 3009 2746; x_wconf 83' lang='lat' dir='ltr'>dignetur</span> <span class='ocrx_word' id='word_1_446' title='bbox 3043 2661 3383 2739; x_wconf 85' lang='lat' dir='ltr'>adducere,</span> <span class='ocrx_word' id='word_1_447' title='bbox 3422 2660 3849 2744; x_wconf 88' lang='lat' dir='ltr'>logomaohiis</span> <span class='ocrx_word' id='word_1_448' title='bbox 3883 2660 4187 2725; x_wconf 88' lang='lat' dir='ltr'>omnibus</span> <span class='ocrx_word' id='word_1_449' title='bbox 4222 2658 4452 2724; x_wconf 83' lang='lat' dir='ltr'>valere</span> 
     </span>
     <span class='ocr_line' id='line_1_73' title="bbox 2492 2769 2706 2813; baseline 0 -1"><span class='ocrx_word' id='word_1_450' title='bbox 2492 2769 2706 2813; x_wconf 89' lang='lat' dir='ltr'>1uss1s.</span> 
     </span>
    </p>

    <p class='ocr_par' dir='ltr' id='par_1_18' title="bbox 2494 2830 4452 4038">
     <span class='ocr_line' id='line_1_74' title="bbox 2668 2830 4451 2915; baseline -0.002 -16"><span class='ocrx_word' id='word_1_451' title='bbox 2668 2832 2891 2915; x_wconf 79' lang='lat' dir='ltr'>Quum</span> <span class='ocrx_word' id='word_1_452' title='bbox 2933 2834 3303 2900; x_wconf 89' lang='lat' dir='ltr'>carissimos</span> <span class='ocrx_word' id='word_1_453' title='bbox 3346 2833 3579 2898; x_wconf 79' lang='lat' dir='ltr'>fratres</span> <span class='ocrx_word' id='word_1_454' title='bbox 3627 2832 3709 2898; x_wconf 80' lang='lat' dir='ltr'>G.</span> <span class='ocrx_word' id='word_1_455' title='bbox 3760 2831 4082 2897; x_wconf 79' lang='lat' dir='ltr'>Farellum</span> <span class='ocrx_word' id='word_1_456' title='bbox 4141 2840 4208 2896; x_wconf 91' lang='lat' dir='ltr'>et</span> <span class='ocrx_word' id='word_1_457' title='bbox 4251 2830 4451 2896; x_wconf 88' lang='lat' dir='ltr'>Chri-</span> 
     </span>
     <span class='ocr_line' id='line_1_75' title="bbox 2495 2916 4452 3003; baseline -0.002 -18"><span class='ocrx_word' id='word_1_458' title='bbox 2495 2919 2877 3003; x_wconf 86' lang='lat' dir='ltr'>stophorum</span> <span class='ocrx_word' id='word_1_459' title='bbox 2928 2919 3211 2985; x_wconf 77' lang='lat' dir='ltr'>Fabrum</span> <span class='ocrx_word' id='word_1_460' title='bbox 3256 2919 3336 2984; x_wconf 87' lang='lat' dir='ltr'>ad</span> <span class='ocrx_word' id='word_1_461' title='bbox 3382 2938 3795 2984; x_wconf 90' lang='lat' dir='ltr'>communem</span> <span class='ocrx_word' id='word_1_462' title='bbox 3858 2938 4115 2983; x_wconf 86' lang='lat' dir='ltr'>causam</span> <span class='ocrx_word' id='word_1_463' title='bbox 4174 2916 4322 2981; x_wconf 88' lang='lat' dir='ltr'>fidei</span> <span class='ocrx_word' id='word_1_464' title='bbox 4380 2930 4452 2983; x_wconf 88' lang='lat' dir='ltr'>et</span> 
     </span>
     <span class='ocr_line' id='line_1_76' title="bbox 2495 3004 4451 3090; baseline -0.001 -20"><span class='ocrx_word' id='word_1_465' title='bbox 2495 3006 2817 3090; x_wconf 85' lang='lat' dir='ltr'>evangelii</span> <span class='ocrx_word' id='word_1_466' title='bbox 2864 3022 2979 3089; x_wconf 82' lang='lat' dir='ltr'>pro</span> <span class='ocrx_word' id='word_1_467' title='bbox 3026 3004 3401 3090; x_wconf 87' lang='lat' dir='ltr'>ugnandam</span> <span class='ocrx_word' id='word_1_468' title='bbox 3448 3005 3849 3070; x_wconf 84' lang='lat' dir='ltr'>voluntarios</span> <span class='ocrx_word' id='word_1_469' title='bbox 3893 3004 4181 3068; x_wconf 90' lang='lat' dir='ltr'>Bernam</span> <span class='ocrx_word' id='word_1_470' title='bbox 4240 3004 4319 3067; x_wconf 87' lang='lat' dir='ltr'>ad</span> <span class='ocrx_word' id='word_1_471' title='bbox 4382 3016 4451 3069; x_wconf 88' lang='lat' dir='ltr'>te</span> 
     </span>
     <span class='ocr_line' id='line_1_77' title="bbox 2495 3090 4445 3175; baseline -0.001 -19"><span class='ocrx_word' id='word_1_472' title='bbox 2495 3094 2923 3171; x_wconf 87' lang='lat' dir='ltr'>mitteremus,</span> <span class='ocrx_word' id='word_1_473' title='bbox 2954 3093 2973 3157; x_wconf 93' lang='lat' dir='ltr'>i</span> <span class='ocrx_word' id='word_1_474' title='bbox 3055 3092 3387 3158; x_wconf 87' lang='lat' dir='ltr'>noluimus</span> <span class='ocrx_word' id='word_1_475' title='bbox 3418 3094 3661 3175; x_wconf 88' lang='lat' dir='ltr'>absque</span> <span class='ocrx_word' id='word_1_476' title='bbox 3696 3091 3938 3156; x_wconf 84' lang='lat' dir='ltr'>nostris</span> <span class='ocrx_word' id='word_1_477' title='bbox 3980 3091 4204 3156; x_wconf 87' lang='lat' dir='ltr'>literis.</span> <span class='ocrx_word' id='word_1_478' title='bbox 4252 3090 4445 3155; x_wconf 81' lang='lat' dir='ltr'>Man-</span> 
     </span>
     <span class='ocr_line' id='line_1_78' title="bbox 2497 3177 4445 3262; baseline -0.002 -19"><span class='ocrx_word' id='word_1_479' title='bbox 2497 3177 2718 3244; x_wconf 89' lang='lat' dir='ltr'>datum</span> <span class='ocrx_word' id='word_1_480' title='bbox 2790 3179 3053 3262; x_wconf 90' lang='lat' dir='ltr'>quidem</span> <span class='ocrx_word' id='word_1_481' title='bbox 3123 3179 3367 3244; x_wconf 90' lang='lat' dir='ltr'>habent</span> <span class='ocrx_word' id='word_1_482' title='bbox 3444 3199 3526 3242; x_wconf 91' lang='lat' dir='ltr'>ne</span> <span class='ocrx_word' id='word_1_483' title='bbox 3606 3177 3761 3261; x_wconf 91' lang='lat' dir='ltr'>quid</span> <span class='ocrx_word' id='word_1_484' title='bbox 3832 3199 4057 3241; x_wconf 88' lang='lat' dir='ltr'>earum</span> <span class='ocrx_word' id='word_1_485' title='bbox 4139 3178 4445 3241; x_wconf 83' lang='lat' dir='ltr'>omittant</span> 
     </span>
     <span class='ocr_line' id='line_1_79' title="bbox 2494 3263 4445 3347; baseline -0.001 -18"><span class='ocrx_word' id='word_1_486' title='bbox 2494 3286 2720 3330; x_wconf 89' lang='lat' dir='ltr'>rerum</span> <span class='ocrx_word' id='word_1_487' title='bbox 2778 3286 2942 3347; x_wconf 86' lang='lat' dir='ltr'>quae</span> <span class='ocrx_word' id='word_1_488' title='bbox 3000 3263 3083 3329; x_wconf 87' lang='lat' dir='ltr'>ad</span> <span class='ocrx_word' id='word_1_489' title='bbox 3140 3266 3338 3329; x_wconf 90' lang='lat' dir='ltr'>animi</span> <span class='ocrx_word' id='word_1_490' title='bbox 3400 3264 3612 3329; x_wconf 90' lang='lat' dir='ltr'>nostri</span> <span class='ocrx_word' id='word_1_491' title='bbox 3669 3264 4171 3346; x_wconf 82' lang='lat' dir='ltr'>explicationem</span> <span class='ocrx_word' id='word_1_492' title='bbox 4236 3264 4445 3328; x_wconf 88' lang='lat' dir='ltr'>facere</span> 
     </span>
     <span class='ocr_line' id='line_1_80' title="bbox 2496 3348 4441 3432; baseline -0.001 -18"><span class='ocrx_word' id='word_1_493' title='bbox 2496 3350 2912 3417; x_wconf 85' lang='lat' dir='ltr'>videbuntur.</span> <span class='ocrx_word' id='word_1_494' title='bbox 2974 3351 3258 3417; x_wconf 87' lang='lat' dir='ltr'>Accuset</span> <span class='ocrx_word' id='word_1_495' title='bbox 3302 3351 3495 3414; x_wconf 89' lang='lat' dir='ltr'>etiam</span> <span class='ocrx_word' id='word_1_496' title='bbox 3543 3348 3829 3414; x_wconf 68' lang='lat' dir='ltr'>Far-ellus</span> <span class='ocrx_word' id='word_1_497' title='bbox 3874 3371 3943 3414; x_wconf 89' lang='lat' dir='ltr'>se</span> <span class='ocrx_word' id='word_1_498' title='bbox 3986 3350 4123 3432; x_wconf 89' lang='lat' dir='ltr'>ipse</span> <span class='ocrx_word' id='word_1_499' title='bbox 4157 3349 4441 3432; x_wconf 90' lang='lat' dir='ltr'>primum</span> 
     </span>
     <span class='ocr_line' id='line_1_81' title="bbox 2495 3434 4449 3521; baseline -0.001 -20"><span class='ocrx_word' id='word_1_500' title='bbox 2495 3434 2663 3518; x_wconf 89' lang='lat' dir='ltr'>quod</span> <span class='ocrx_word' id='word_1_501' title='bbox 2688 3460 2817 3502; x_wconf 90' lang='lat' dir='ltr'>non</span> <span class='ocrx_word' id='word_1_502' title='bbox 2842 3438 2968 3502; x_wconf 89' lang='lat' dir='ltr'>iam</span> <span class='ocrx_word' id='word_1_503' title='bbox 3015 3435 3127 3502; x_wconf 91' lang='lat' dir='ltr'>diu</span> <span class='ocrx_word' id='word_1_504' title='bbox 3174 3438 3365 3502; x_wconf 81' lang='lat' dir='ltr'>hasce</span> <span class='ocrx_word' id='word_1_505' title='bbox 3410 3447 3627 3518; x_wconf 84' lang='lat' dir='ltr'>partes</span> <span class='ocrx_word' id='word_1_506' title='bbox 3651 3437 3874 3521; x_wconf 85' lang='lat' dir='ltr'>egerit.</span> <span class='ocrx_word' id='word_1_507' title='bbox 3937 3434 4042 3500; x_wconf 91' lang='lat' dir='ltr'>Ob</span> <span class='ocrx_word' id='word_1_508' title='bbox 4086 3456 4231 3500; x_wconf 83' lang='lat' dir='ltr'>eam</span> <span class='ocrx_word' id='word_1_509' title='bbox 4268 3435 4449 3500; x_wconf 88' lang='lat' dir='ltr'>enim</span> 
     </span>
     <span class='ocr_line' id='line_1_82' title="bbox 2495 3521 4451 3608; baseline -0.001 -21"><span class='ocrx_word' id='word_1_510' title='bbox 2495 3522 2797 3587; x_wconf 87' lang='lat' dir='ltr'>fiduciam</span> <span class='ocrx_word' id='word_1_511' title='bbox 2844 3525 3129 3589; x_wconf 87' lang='lat' dir='ltr'>officium</span> <span class='ocrx_word' id='word_1_512' title='bbox 3174 3544 3333 3608; x_wconf 78' lang='lat' dir='ltr'>erga</span> <span class='ocrx_word' id='word_1_513' title='bbox 3375 3533 3440 3586; x_wconf 89' lang='lat' dir='ltr'>te</span> <span class='ocrx_word' id='word_1_514' title='bbox 3483 3533 3781 3589; x_wconf 87' lang='lat' dir='ltr'>nostrum</span> <span class='ocrx_word' id='word_1_515' title='bbox 3840 3542 4069 3587; x_wconf 89' lang='lat' dir='ltr'>secure</span> <span class='ocrx_word' id='word_1_516' title='bbox 4126 3521 4451 3587; x_wconf 87' lang='lat' dir='ltr'>hactenus</span> 
     </span>
     <span class='ocr_line' id='line_1_83' title="bbox 2494 3607 4451 3693; baseline 0.001 -21"><span class='ocrx_word' id='word_1_517' title='bbox 2494 3610 2988 3675; x_wconf 87' lang='lat' dir='ltr'>intermisimus.</span> <span class='ocrx_word' id='word_1_518' title='bbox 3110 3607 3259 3690; x_wconf 78' lang='lat' dir='ltr'>Quo</span> <span class='ocrx_word' id='word_1_519' title='bbox 3315 3611 3524 3693; x_wconf 89' lang='lat' dir='ltr'>magis</span> <span class='ocrx_word' id='word_1_520' title='bbox 3575 3617 3793 3672; x_wconf 89' lang='lat' dir='ltr'>tamen</span> <span class='ocrx_word' id='word_1_521' title='bbox 3853 3609 4260 3691; x_wconf 81' lang='lat' dir='ltr'>exprimatur</span> <span class='ocrx_word' id='word_1_522' title='bbox 4315 3629 4451 3690; x_wconf 89' lang='lat' dir='ltr'>quo</span> 
     </span>
     <span class='ocr_line' id='line_1_84' title="bbox 2495 3693 4449 3778; baseline -0.001 -18"><span class='ocrx_word' id='word_1_523' title='bbox 2495 3695 2700 3760; x_wconf 88' lang='lat' dir='ltr'>simus</span> <span class='ocrx_word' id='word_1_524' title='bbox 2744 3696 2983 3764; x_wconf 82' lang='lat' dir='ltr'>affectu</span> <span class='ocrx_word' id='word_1_525' title='bbox 3026 3715 3280 3778; x_wconf 89' lang='lat' dir='ltr'>quoque</span> <span class='ocrx_word' id='word_1_526' title='bbox 3327 3693 3559 3770; x_wconf 88' lang='lat' dir='ltr'>studio,</span> <span class='ocrx_word' id='word_1_527' title='bbox 3613 3694 3839 3758; x_wconf 83' lang='lat' dir='ltr'>literas</span> <span class='ocrx_word' id='word_1_528' title='bbox 3884 3693 4125 3759; x_wconf 87' lang='lat' dir='ltr'>addere</span> <span class='ocrx_word' id='word_1_529' title='bbox 4181 3693 4449 3776; x_wconf 82' lang='lat' dir='ltr'>placuit.</span> 
     </span>
     <span class='ocr_line' id='line_1_85' title="bbox 2494 3780 4449 3863; baseline 0 -19"><span class='ocrx_word' id='word_1_530' title='bbox 2494 3781 2820 3846; x_wconf 89' lang='lat' dir='ltr'>Dominus</span> <span class='ocrx_word' id='word_1_531' title='bbox 2874 3791 3097 3846; x_wconf 87' lang='lat' dir='ltr'>autem</span> <span class='ocrx_word' id='word_1_532' title='bbox 3143 3783 3378 3863; x_wconf 89' lang='lat' dir='ltr'>spiritu</span> <span class='ocrx_word' id='word_1_533' title='bbox 3436 3780 3842 3846; x_wconf 76' lang='lat' dir='ltr'>tortitudinis</span> <span class='ocrx_word' id='word_1_534' title='bbox 3903 3803 3977 3846; x_wconf 84' lang='lat' dir='ltr'>ac</span> <span class='ocrx_word' id='word_1_535' title='bbox 4036 3781 4287 3848; x_wconf 86' lang='lat' dir='ltr'>roboris</span> <span class='ocrx_word' id='word_1_536' title='bbox 4344 3784 4449 3845; x_wconf 85' lang='lat' dir='ltr'>sui</span> 
     </span>
     <span class='ocr_line' id='line_1_86' title="bbox 2494 3865 4449 3948; baseline 0.001 -19"><span class='ocrx_word' id='word_1_537' title='bbox 2494 3887 2613 3930; x_wconf 82' lang='lat' dir='ltr'>vos</span> <span class='ocrx_word' id='word_1_538' title='bbox 2667 3869 2927 3932; x_wconf 89' lang='lat' dir='ltr'>muniat</span> <span class='ocrx_word' id='word_1_539' title='bbox 2984 3866 3067 3932; x_wconf 89' lang='lat' dir='ltr'>ad</span> <span class='ocrx_word' id='word_1_540' title='bbox 3111 3866 3626 3932; x_wconf 90' lang='lat' dir='ltr'>conculcandum</span> <span class='ocrx_word' id='word_1_541' title='bbox 3674 3865 4013 3942; x_wconf 83' lang='lat' dir='ltr'>Satanam‚</span> <span class='ocrx_word' id='word_1_542' title='bbox 4070 3887 4263 3948; x_wconf 91' lang='lat' dir='ltr'>quem</span> <span class='ocrx_word' id='word_1_543' title='bbox 4314 3867 4449 3930; x_wconf 86' lang='lat' dir='ltr'>iam</span> 
     </span>
     <span class='ocr_line' id='line_1_87' title="bbox 2494 3953 4239 4038; baseline -0.001 -21"><span class='ocrx_word' id='word_1_544' title='bbox 2494 3962 2880 4019; x_wconf 87' lang='lat' dir='ltr'>trementem</span> <span class='ocrx_word' id='word_1_545' title='bbox 2925 3974 3002 4018; x_wconf 89' lang='lat' dir='ltr'>ac</span> <span class='ocrx_word' id='word_1_546' title='bbox 3046 3975 3245 4038; x_wconf 90' lang='lat' dir='ltr'>prope</span> <span class='ocrx_word' id='word_1_547' title='bbox 3290 3954 3738 4019; x_wconf 84' lang='lat' dir='ltr'>exanimatum</span> <span class='ocrx_word' id='word_1_548' title='bbox 3786 3953 4239 4035; x_wconf 89' lang='lat' dir='ltr'>conspicimus.</span> 
     </span>
    </p>

    <p class='ocr_par' dir='ltr' id='par_1_19' title="bbox 2495 4037 4452 4381">
     <span class='ocr_line' id='line_1_88' title="bbox 2666 4037 4452 4120; baseline 0.001 -18"><span class='ocrx_word' id='word_1_549' title='bbox 2666 4039 2854 4120; x_wconf 86' lang='lat' dir='ltr'>Vale,</span> <span class='ocrx_word' id='word_1_550' title='bbox 2901 4041 3003 4105; x_wconf 89' lang='lat' dir='ltr'>eui</span> <span class='ocrx_word' id='word_1_551' title='bbox 3064 4049 3318 4104; x_wconf 87' lang='lat' dir='ltr'>tantum</span> <span class='ocrx_word' id='word_1_552' title='bbox 3377 4037 3570 4104; x_wconf 89' lang='lat' dir='ltr'>hodie</span> <span class='ocrx_word' id='word_1_553' title='bbox 3629 4037 3957 4114; x_wconf 87' lang='lat' dir='ltr'>debemus,</span> <span class='ocrx_word' id='word_1_554' title='bbox 4021 4039 4226 4102; x_wconf 84' lang='lat' dir='ltr'>frater</span> <span class='ocrx_word' id='word_1_555' title='bbox 4280 4041 4452 4103; x_wconf 79' lang='lat' dir='ltr'>inte-</span> 
     </span>
     <span class='ocr_line' id='line_1_89' title="bbox 2495 4125 4451 4211; baseline 0.001 -22"><span class='ocrx_word' id='word_1_556' title='bbox 2495 4126 2797 4209; x_wconf 87' lang='lat' dir='ltr'>gerrime.</span> <span class='ocrx_word' id='word_1_557' title='bbox 2889 4125 3190 4211; x_wconf 78' lang='lat' dir='ltr'>Collegae</span> <span class='ocrx_word' id='word_1_558' title='bbox 3234 4138 3382 4192; x_wconf 88' lang='lat' dir='ltr'>tuos</span> <span class='ocrx_word' id='word_1_559' title='bbox 3425 4127 3538 4209; x_wconf 89' lang='lat' dir='ltr'>qui</span> <span class='ocrx_word' id='word_1_560' title='bbox 3584 4137 3650 4190; x_wconf 92' lang='lat' dir='ltr'>et</span> <span class='ocrx_word' id='word_1_561' title='bbox 3686 4126 3808 4208; x_wconf 87' lang='lat' dir='ltr'>ipsi</span> <span class='ocrx_word' id='word_1_562' title='bbox 3857 4126 4041 4190; x_wconf 92' lang='lat' dir='ltr'>nobis</span> <span class='ocrx_word' id='word_1_563' title='bbox 4085 4134 4243 4189; x_wconf 87' lang='lat' dir='ltr'>sunt</span> <span class='ocrx_word' id='word_1_564' title='bbox 4285 4125 4451 4191; x_wconf 89' lang='lat' dir='ltr'>adeo</span> 
     </span>
     <span class='ocr_line' id='line_1_90' title="bbox 2496 4210 4449 4296; baseline -0.002 -19"><span class='ocrx_word' id='word_1_565' title='bbox 2496 4212 2904 4290; x_wconf 83' lang='lat' dir='ltr'>observandi,</span> <span class='ocrx_word' id='word_1_566' title='bbox 2944 4211 3158 4278; x_wconf 89' lang='lat' dir='ltr'>saluta</span> <span class='ocrx_word' id='word_1_567' title='bbox 3179 4220 3402 4277; x_wconf 87' lang='lat' dir='ltr'>nostro</span> <span class='ocrx_word' id='word_1_568' title='bbox 3426 4212 3690 4276; x_wconf 89' lang='lat' dir='ltr'>nomine</span> <span class='ocrx_word' id='word_1_569' title='bbox 3712 4212 4088 4296; x_wconf 87' lang='lat' dir='ltr'>plurimum.</span> <span class='ocrx_word' id='word_1_570' title='bbox 4138 4210 4449 4276; x_wconf 89' lang='lat' dir='ltr'>Neocomi</span> 
     </span>
     <span class='ocr_line' id='line_1_91' title="bbox 2497 4297 3259 4381; baseline 0.004 -20"><span class='ocrx_word' id='word_1_571' title='bbox 2497 4302 2552 4362; x_wconf 87' lang='lat'>3.</span> <span class='ocrx_word' id='word_1_572' title='bbox 2601 4298 2737 4364; x_wconf 82' lang='lat' dir='ltr'>Gal.</span> <span class='ocrx_word' id='word_1_573' title='bbox 2788 4297 3036 4381; x_wconf 85' lang='lat' dir='ltr'>Aprilis</span> <span class='ocrx_word' id='word_1_574' title='bbox 3080 4303 3259 4364; x_wconf 82' lang='lat'>1555.</span> 
     </span>
    </p>
   </div>
   <div class='ocr_carea' id='block_1_17' title="bbox 2906 4433 4452 4588">
    <p class='ocr_par' dir='ltr' id='par_1_20' title="bbox 2906 4433 4452 4588">
     <span class='ocr_line' id='line_1_92' title="bbox 2906 4433 4452 4502; baseline -0.001 -2"><span class='ocrx_word' id='word_1_575' title='bbox 2906 4435 3157 4501; x_wconf 88' lang='lat' dir='ltr'>Omnes</span> <span class='ocrx_word' id='word_1_576' title='bbox 3202 4436 3485 4502; x_wconf 86' lang='lat' dir='ltr'>ministri</span> <span class='ocrx_word' id='word_1_577' title='bbox 3522 4433 3774 4501; x_wconf 77' lang='lat' dir='ltr'>Christi</span> <span class='ocrx_word' id='word_1_578' title='bbox 3811 4434 4293 4501; x_wconf 78' lang='lat' dir='ltr'>Neoeomenses</span> <span class='ocrx_word' id='word_1_579' title='bbox 4331 4435 4452 4501; x_wconf 88' lang='lat' dir='ltr'>tui.</span> 
     </span>
     <span class='ocr_line' id='line_1_93' title="bbox 3008 4520 4317 4588; baseline 0.001 -4"><span class='ocrx_word' id='word_1_580' title='bbox 3008 4520 3318 4588; x_wconf 88' lang='lat' dir='ltr'>Decanus</span> <span class='ocrx_word' id='word_1_581' title='bbox 3360 4523 3541 4588; x_wconf 89' lang='lat' dir='ltr'>iussu</span> <span class='ocrx_word' id='word_1_582' title='bbox 3589 4541 3665 4587; x_wconf 87' lang='lat' dir='ltr'>ac</span> <span class='ocrx_word' id='word_1_583' title='bbox 3702 4521 3966 4586; x_wconf 89' lang='lat' dir='ltr'>nomine</span> <span class='ocrx_word' id='word_1_584' title='bbox 4008 4523 4317 4587; x_wconf 90' lang='lat' dir='ltr'>omnium.</span> 
     </span>
    </p>
   </div>
   <div class='ocr_carea' id='block_1_18' title="bbox 2498 4645 2755 4656">
    <p class='ocr_par' dir='ltr' id='par_1_21' title="bbox 2498 4645 2755 4656">
     <span class='ocr_line' id='line_1_94' title="bbox 2498 4645 2755 4656; baseline 0 1544"><span class='ocrx_word' id='word_1_585' title='bbox 2498 4645 2755 4656; x_wconf 95' lang='lat' dir='ltr'> </span> 
     </span>
    </p>
   </div>
   <div class='ocr_carea' id='block_1_19' title="bbox 2762 4646 2887 4656">
    <p class='ocr_par' dir='ltr' id='par_1_22' title="bbox 2762 4646 2887 4656">
     <span class='ocr_line' id='line_1_95' title="bbox 2762 4646 2887 4656; baseline 0 -2"><span class='ocrx_word' id='word_1_586' title='bbox 2762 4646 2887 4656; x_wconf 67' lang='grc'><strong>--.-.-</strong></span> 
     </span>
    </p>
   </div>
   <div class='ocr_carea' id='block_1_20' title="bbox 2500 4708 3995 4781">
    <p class='ocr_par' dir='ltr' id='par_1_23' title="bbox 2500 4708 3995 4781">
     <span class='ocr_line' id='line_1_96' title="bbox 2500 4708 3995 4781; baseline 0.001 -17"><span class='ocrx_word' id='word_1_587' title='bbox 2500 4709 2676 4764; x_wconf 74' lang='lat'>21⁷2.</span> <span class='ocrx_word' id='word_1_588' title='bbox 2714 4711 2769 4774; x_wconf 86' lang='lat'>1)</span> <span class='ocrx_word' id='word_1_589' title='bbox 2809 4711 3035 4767; x_wconf 73' lang='lat' dir='ltr'>Literae</span> <span class='ocrx_word' id='word_1_590' title='bbox 3066 4727 3208 4781; x_wconf 72' lang='lat' dir='ltr'>quas</span> <span class='ocrx_word' id='word_1_591' title='bbox 3242 4711 3331 4766; x_wconf 73' lang='lat' dir='ltr'>hic</span> <span class='ocrx_word' id='word_1_592' title='bbox 3365 4709 3560 4763; x_wconf 75' lang='lat' dir='ltr'>laudat</span> <span class='ocrx_word' id='word_1_593' title='bbox 3594 4708 3995 4766; x_wconf 69' lang='lat' dir='ltr'>desiderantur.</span> 
     </span>
    </p>
   </div>
   <div class='ocr_carea' id='block_1_21' title="bbox 3264 4987 3673 4998">
    <p class='ocr_par' dir='ltr' id='par_1_24' title="bbox 3264 4987 3673 4998">
     <span class='ocr_line' id='line_1_97' title="bbox 3264 4987 3673 4998; baseline -0.005 -1"><span class='ocrx_word' id='word_1_594' title='bbox 3264 4987 3673 4998; x_wconf 54' lang='grc' dir='ltr'><em>Ἥ</em></span> 
     </span>
    </p>
   </div>
  </div>
 </body>
</html>
