4850 6200
513 422 605 486 83

522 618 593 675 ot
635 608 1025 692 Augustino,
1070 605 1201 672 imo
1243 603 1509 671 Ohristo
1559 605 1699 685 ipso
1759 602 1967 668 multo
2008 604 2464 687 prudentiores

525 694 869 772 doctiores,
928 692 1163 758 maiori
1206 691 1438 774 spiritu
1487 696 1557 754 et
1596 688 1834 755 iudicio
1867 690 2164 772 praediti,
2208 690 2321 774 qui
2357 711 2462 755 ec-

523 779 761 847 clesiae
802 787 1064 846 vestrae
1107 785 1241 842 tam
1296 779 1461 842 bene
1516 774 1852 841 consulere
1895 774 2232 842 didicistis.
2320 774 2462 841 Vos

524 866 733 951 igitur
765 866 944 949 pacis
978 874 1043 930 et
1075 864 1309 947 quietis
1344 861 1764 945 evangelicae
1798 861 2204 928 restitutores
2238 882 2462 926 omnes

522 951 835 1018 ecclesiae
878 949 1219 1016 unanimes
1262 949 1631 1013 imitentur:
1680 967 1796 1011 vos
1839 947 2239 1027 collaudent,
2295 947 2462 1013 cele-

523 1036 733 1115 brent,
779 1046 846 1101 et
887 1035 1119 1102 erectis
1162 1034 1492 1118 trophaeis
1536 1032 1619 1097 ad
1658 1032 1873 1098 sidera
1936 1033 2192 1098 tollant.
2278 1031 2461 1098 Dixi.

1404 1598 1585 1667 1919.

682 1751 1040 1821 LASOUS
1087 1752 1567 1819 MINISTRIS
1613 1752 2309 1822 TURIOENSIBUS.

696 1921 900 1990 Mittit
942 1925 1030 1989 iis
1072 1924 1430 1992 relationem
1469 1925 1747 2005 fatorum
1805 1932 1861 1990 et
1896 1928 2467 2009 pereminationum

523 2033 735 2079 eorwm
774 2011 1059 2076 exsulum
1101 2031 1363 2092 quorum
1414 2011 1547 2075 dux
1589 2013 1725 2092 ipse
1768 2012 1977 2092 factus
2034 2018 2123 2078 est
2164 2035 2355 2095 quum
2396 2017 2467 2078 in

521 2099 766 2182 Anylia
809 2097 1143 2180 evangelici
1195 2097 1394 2162 solum
1436 2103 1662 2163 vertere
1718 2098 1909 2163 eoadi
1965 2105 2174 2164 essent.
2264 2101 2470 2167 Addit

521 2185 838 2251 occasione
881 2183 1224 2249 libellorum
1276 2182 1624 2264 Westphali
1675 2203 1882 2248 reeens
1926 2185 2228 2249 editorum
2272 2188 2465 2253 itera-

518 2277 651 2336 tam
689 2290 872 2335 suam
913 2270 1347 2350 confessionem
1388 2270 1462 2333 de
1504 2288 1710 2334 coena.

520 2443 633 2511 (Ex
669 2440 1003 2511 autographo
1042 2440 1203 2494 Arch.
1238 2440 1412 2492 Turic.
1451 2438 1619 2493 Scrin.
1657 2440 1716 2492 O.
1758 2441 1880 2495 Vol.
1903 2441 2049 2495 VIII.
2084 2442 2174 2497 fol.
2211 2442 2313 2497 277
2350 2444 2467 2497 edi-

523 2513 605 2565 dit
640 2511 863 2566 Gerdes.
908 2511 1059 2562 Misc.
1101 2508 1192 2561 IV.
1238 2508 1283 2561 1.
1332 2508 1641 2645 pilaggqgt
1691 2520 1815 2577 post
1861 2526 1982 2563 eum
2018 2511 2261 2582 Kuyper,
2313 2514 2462 2568 Lasc.

692 2753 873 2817 Nihil
931 2750 1189 2826 dubito,
1244 2751 1480 2816 fratres
1535 2753 1605 2815 in
1666 2754 1949 2819 Domino
2008 2752 2460 2820 observandis-

518 2840 687 2920 simi,
732 2839 889 2922 quin
944 2856 1179 2920 magno
1235 2837 1368 2901 iam
1427 2838 1680 2919 pridem
1737 2838 2055 2905 desiderio
2112 2841 2464 2905 teneamini

519 2924 831 2992 audiendi
874 2923 955 2988 de
1001 2923 1186 2986 nobis
1230 2922 1494 3005 aliquid,
1541 2934 1964 3008 posteaquam
1988 2926 2297 3008 Angliam
2333 2926 2463 2991 dis-

514 3011 745 3095 sipatis
801 3010 937 3074 illic
995 3008 1233 3073 nostris
1293 3008 1580 3073 ecclesiis
1624 3010 2130 3092 reliquissemus.
2220 3010 2355 3076 Sed
2400 3022 2466 3077 et

514 3120 633 3163 vos
678 3095 941 3163 credere
986 3095 1271 3160 vicissim
1317 3096 1603 3177 potestis,
1660 3117 1796 3161 uon
1839 3096 2059 3162 minus
2102 3098 2298 3161 etiam
2345 3119 2462 3163 no-

516 3184 620 3249 bis
662 3184 864 3247 fuisse
910 3189 1045 3246 toto
1079 3182 1201 3247 hoc
1245 3181 1500 3246 interea
1542 3189 1835 3267 tempore
1862 3182 1943 3246 ad
1991 3204 2112 3248 vos
2140 3183 2462 3249 scribendi

523 3267 938 3346 desiderium,
983 3268 1039 3331 si
1082 3265 1148 3330 id
1183 3268 1393 3332 facere
1427 3267 1563 3333 ullo
1599 3268 1789 3334 modo
1832 3269 2286 3351 potuissemus,
2334 3293 2462 3337 nou

520 3354 715 3421 modo
760 3366 833 3418 ut
888 3363 1173 3418 vestram
1233 3373 1351 3436 pro
1406 3353 1594 3419 nobis
1655 3355 2154 3422 sollicitudinem
2217 3356 2464 3421 levare-

520 3463 691 3521 mus,
733 3461 930 3524 quam
980 3438 1280 3521 equidem
1340 3460 1663 3505 summam
1719 3463 1861 3508 esse
1904 3463 2022 3526 pro
2066 3449 2287 3508 vestra
2330 3444 2464 3526 pie-

521 3535 657 3591 tate
711 3546 846 3590 non
908 3522 1280 3591 dubitamus
1300 3578 1315 3604 ,
1373 3525 1487 3591 sed
1547 3537 1619 3592 ut
1677 3537 1928 3594 vestras
1986 3549 2209 3611 preces
2270 3529 2466 3593 etiam

518 3620 871 3695 vestraque
915 3612 1198 3694 suspiria
1236 3631 1383 3676 cum
1424 3614 1668 3678 nostris
1715 3623 1898 3679 tanto
1942 3614 2277 3679 ardentius
2312 3636 2465 3680 con-

520 3700 747 3764 iuncta
790 3697 1047 3774 habere,
1095 3696 1375 3780 denique
1420 3707 1486 3763 et
1526 3700 1769 3763 instrui
1813 3721 1852 3765 a
1895 3700 2077 3765 vobis
2122 3710 2187 3766 et
2230 3702 2465 3766 confir-

520 3785 691 3848 mari
734 3790 1075 3867 praeterea
1116 3785 1186 3847 in
1224 3786 1554 3850 aerumnis
1608 3807 1682 3852 ac
1720 3787 2186 3852 certaminibus
2223 3788 2466 3852 nostris

518 3870 960 3953 potuissemus
978 3923 996 3948 â€š
1054 3870 1287 3952 quibus
1343 3891 1461 3934 nos
1516 3872 1848 3936 Dominus
1895 3870 2051 3938 deus
2112 3880 2330 3938 noster
2383 3872 2468 3937 ad

517 3954 642 4020 filii
684 3957 805 4031 sui,
854 3954 1022 4038 quod
1057 3977 1267 4039 spero,
1312 3955 1585 4040 gloriam
1622 3957 1896 4040 probare
1930 3958 2231 4023 nonnihil
2278 3979 2467 4024 exer-

519 4061 797 4125 cereque
853 4041 1079 4108 voluit.
1166 4042 1276 4106 Illi
1335 4043 1421 4107 sit
1477 4043 1684 4128 gloria
1741 4044 1809 4109 in
1865 4044 2139 4109 saecula.
2229 4046 2464 4110 Amen.

693 4126 870 4209 Quia
903 4149 1057 4193 vero
1101 4127 1286 4192 nobis
1324 4127 1394 4192 id
1429 4129 1746 4195 hactenus
1788 4151 1922 4194 non
1967 4131 2149 4196 licuit
2192 4139 2260 4195 et
2294 4153 2469 4197 nunc

523 4235 598 4279 se
642 4213 828 4279 nobis
870 4215 1135 4278 offerret
1177 4215 1286 4297 qui
1345 4223 1604 4281 nostras
1647 4214 1730 4280 ad
1772 4237 1890 4282 vos
1941 4216 2164 4282 literas
2208 4217 2467 4301 Argen-

521 4302 731 4366 tinam
774 4321 978 4383 usque
1022 4300 1307 4382 perferre
1350 4311 1585 4384 posset,
1630 4323 1841 4385 neque
1885 4300 2329 4367 dubitaremus
2372 4303 2468 4367 fa-

521 4387 646 4453 cile
689 4386 869 4451 illinc
928 4385 1189 4450 demum
1248 4387 1448 4451 etiam
1502 4396 1939 4470 perventuras
1995 4387 2078 4453 ad
2137 4410 2252 4454 vos
2306 4409 2468 4467 esse,

521 4472 735 4538 facere
779 4472 973 4555 plane
1016 4493 1147 4536 non
1189 4474 1372 4554 potui
1408 4473 1569 4556 quin
1605 4494 1725 4538 vos
1768 4475 2012 4558 pariter
2055 4475 2200 4540 istic
2244 4496 2469 4542 omnes

523 4579 643 4641 per
685 4578 867 4623 meas
912 4557 1105 4623 hasce
1138 4557 1381 4638 literas,
1428 4559 1854 4642 tumultuarie
1890 4559 2150 4642 quidem
2188 4569 2262 4625 ut
2304 4569 2470 4626 tem-

522 4665 647 4727 pus
691 4645 842 4709 tulit
884 4641 998 4708 sed
1036 4643 1301 4708 interim
1344 4666 1425 4709 ex
1462 4646 1680 4712 animo
1715 4644 2065 4730 diligenter
2098 4656 2293 4729 atque
2328 4648 2471 4712 offi-

523 4731 717 4808 ciose,
774 4739 848 4796 ut
900 4731 1135 4796 fratres
1193 4729 1646 4796 dilectissimos
1700 4732 2086 4812 salutarem,
2143 4732 2471 4816 simulque

523 4816 722 4880 etiam
765 4836 887 4882 vos
928 4816 1009 4881 de
1053 4818 1251 4883 totius
1294 4818 1530 4883 Danici
1587 4818 1840 4884 itineris
1899 4839 2204 4885 successu
2248 4840 2323 4884 ac
2367 4840 2470 4883 ra-

527 4901 813 4968 tionibus
856 4903 1160 4970 omuibus
1217 4903 1496 4969 facerem
1542 4905 1876 4970 certiores:
1933 4913 2009 4972 ut
2063 4905 2310 4988 pariter
2353 4926 2471 4970 no-

526 4988 773 5053 biscum
819 4990 948 5052 iam
994 4989 1257 5055 demum
1301 4989 1499 5054 etiam
1542 4989 1793 5074 gratias
1827 4992 2113 5057 Domino
2155 4989 2276 5056 deo
2320 5011 2470 5056 nos-

524 5083 631 5138 tro
674 5074 883 5173 agatis
927 5095 1045 5157 pro
1105 5075 1329 5141 divina
1383 5076 1587 5158 ipsius
1644 5076 1714 5140 in
1771 5098 1889 5143 nos
1945 5076 2352 5161 benignitate
2404 5085 2473 5142 et

524 5159 1003 5238 misericordia,
1059 5162 1170 5243 qui
1229 5182 1437 5244 neque
1487 5163 1557 5226 in
1598 5164 1922 5228 aerumnis
1965 5183 2173 5246 neque
2216 5164 2285 5228 in
2329 5184 2470 5229 cer-

524 5245 881 5311 taminibus
936 5248 1173 5313 nostris
1227 5247 1413 5312 nobis
1468 5248 1672 5314 defuit
1725 5270 2044 5331 unquam,
2114 5249 2228 5316 sed
2282 5251 2470 5316 uobis

526 5339 824 5416 potenter
857 5332 1066 5396 astitit
1101 5334 1537 5418 virtutemque
1580 5355 1765 5401 suam
1801 5335 2091 5401 divinam
2133 5337 2204 5402 in
2246 5344 2472 5404 nostra

2023 412 2540 482 EPISTOLAE
2592 420 3014 483 1918â€”1920
4426 420 4506 482 64

2563 606 2883 671 tenuitate
2925 604 3296 671 illustravit.
3382 606 3581 671 Mitto
3627 610 3846 671 autem
3891 605 4074 672 vobis
4118 604 4356 671 silvam
4399 606 4511 671 iti-

2561 691 2741 757 neris
2765 696 2817 769 Â¹)
2857 689 3080 771 nostri,
3124 711 3328 774 usque
3368 690 3523 756 dum
3568 712 3608 757 a
3649 713 3805 776 rege
3848 690 4105 757 Daniae
4149 691 4511 756 dimittere-

2562 798 2732 856 mur,
2777 797 2900 843 nec
2948 776 3156 844 dicam
3199 775 3747 860 propelleremur,
3792 778 3865 842 in
3907 799 4038 861 qua
4080 776 4382 842 videbitis
4425 777 4511 842 ad

2563 884 2757 946 quem
2800 862 3066 928 modum
3110 863 3448 928 nobiscum
3492 863 3751 947 egerint
3807 863 4258 948 antagonistae
4302 863 4510 928 nostri

2563 949 2633 1014 in
2670 947 2964 1014 doctrina
2998 948 3079 1014 de
3114 950 3554 1027 sacramentis,
3593 957 3660 1014 et
3694 949 3879 1016 facile
3914 948 4297 1033 intelligetis
4332 948 4510 1032 quod

2565 1034 2654 1099 sit
2697 1035 2992 1117 ipsorum
3033 1035 3374 1119 ingenium
3393 1088 3407 1112 ,
3467 1055 3631 1118 quae
3675 1035 4045 1118 integritas,
4103 1044 4169 1100 et
4226 1035 4382 1119 quid
4426 1036 4510 1100 ab

2563 1120 2696 1185 illis
2739 1122 2824 1185 sit
2866 1121 2990 1204 piis
3032 1120 3335 1185 omnibus
3390 1121 3921 1205 exspectandum.
4007 1119 4336 1187 Dominus
4378 1120 4511 1186 illis

2565 1207 2861 1290 ignoscat
2918 1214 2984 1271 et
3041 1206 3356 1291 largiatur
3412 1228 3529 1290 per
3581 1227 3770 1272 suam
3825 1208 4101 1292 gratiam
4166 1214 4242 1272 ut
4306 1206 4512 1272 semel

2567 1292 2914 1375 aliquando
2958 1292 3359 1376 resipiscant.
3427 1292 3776 1375 Reliquum
3801 1293 4007 1358 nostri
4052 1294 4304 1359 itineris
4346 1313 4516 1358 non-

2569 1378 2726 1443 dum
2782 1378 3063 1457 absolvi,
3121 1399 3333 1461 neque
3388 1377 3723 1444 absolvere
3780 1400 4077 1462 possum,
4139 1377 4344 1444 donec
4399 1380 4512 1461 qui

2568 1463 2785 1529 adhuc
2830 1463 2984 1529 alibi
3028 1472 3183 1528 sunt
3225 1463 3499 1548 dispersi
3542 1464 3623 1529 ad
3668 1485 3785 1529 nos
3825 1466 4111 1530 veniant.
4183 1464 4514 1530 Martinus

2570 1547 2925 1616 Micrcmius
2966 1557 3185 1615 noster
3241 1572 3386 1615 cum
3444 1551 3613 1616 bona
3665 1551 3972 1617 ecclesiae
4016 1557 4279 1615 nostrae
4322 1550 4516 1615 dissi-

2570 1645 2759 1719 patae
2813 1642 2999 1719 parte
3059 1643 3158 1701 est
3210 1635 3609 1700 Wismariae
3665 1637 3736 1701 in
3794 1636 4032 1702 ducatu
4091 1635 4515 1720 Megalopoli-

2570 1724 2840 1802 tan012)
2898 1722 3009 1785 alii
3066 1730 3221 1786 sunt
3264 1722 3585 1801 Lubecae,
3609 1724 3662 1805 Â³)
3718 1722 3829 1788 alii
3873 1722 4264 1806 Hamburgi,
4284 1721 4337 1805 â´)
4397 1721 4512 1787 sed

2570 1806 2749 1873 brevi
2795 1807 2922 1872 huo
2959 1807 3220 1872 venturi
3264 1829 3505 1873 omues.
3575 1808 3720 1892 Ego
3763 1817 3984 1874 autem
4028 1828 4159 1872 non
4204 1808 4514 1872 constitui

2570 1915 2653 1958 an
2698 1893 2804 1959 hic
2850 1913 3114 1958 manere
3160 1892 3391 1969 velim,
3439 1893 3548 1958 sed
3597 1894 3989 1976 exspectabo
4045 1894 4248 1961 donec
4306 1893 4512 1958 nostri

2567 2001 2793 2044 omncs
2837 1980 3247 2057 conveniant,
3293 1979 3406 2061 qui
3439 1980 3605 2044 forte
3638 1979 3746 2046 hic
3781 2001 3927 2045 meo
3964 1979 4242 2063 amplius
4283 1979 4515 2044 minis-

2569 2064 2735 2131 terio
2794 2087 2925 2130 non
2981 2063 3280 2148 egebunt.
3373 2065 3754 2149 Adiungent
3807 2068 3983 2131 enim
4029 2087 4170 2131 sese
4213 2066 4365 2130 huic
4408 2087 4515 2130 ecâ€”

2568 2151 2828 2229 clesiae,
2888 2172 3053 2232 quae
3110 2171 3262 2216 suos
3323 2151 3561 2234 alioqui
3618 2152 3954 2218 ministros
4010 2152 4234 2228 habet,
4291 2152 4387 2216 ita
4440 2158 4514 2215 ut

2568 2258 2672 2301 me
2714 2236 2990 2301 liberum
3037 2238 3172 2302 fore
3217 2257 3489 2319 sperem.

2737 2323 3110 2406 Hamburgi
3168 2331 3390 2405 pastor
3448 2321 3708 2406 quidam
3762 2323 4133 2389 Ioachimus
4195 2321 4514 2403 Westpha-

2567 2410 2668 2473 lus
2693 2413 2743 2483 âµ)
2787 2409 2859 2472 in
2904 2430 3022 2472 nos
3058 2429 3284 2473 omnes
3320 2410 3388 2472 in
3434 2430 3672 2491 genere
3707 2409 3968 2492 scripsit
3999 2408 4290 2474 libellum
4325 2427 4515 2471 men-

2568 2494 2768 2560 daciis
2813 2502 2881 2559 et
2922 2493 3280 2560 maledictis
3324 2495 3671 2573 refertum,
3730 2495 3800 2558 in
3856 2517 3980 2579 quo
4037 2496 4300 2559 interim
4346 2492 4518 2557 nihil

2567 2580 2850 2646 habetur
2894 2579 3064 2664 quod
3110 2602 3242 2645 non
3297 2581 3377 2645 ab
3424 2581 3568 2645 aliis
3623 2580 3865 2646 dictum
3911 2582 3998 2645 sit
4038 2581 4221 2664 prius
4265 2587 4330 2643 et
4371 2580 4515 2662 qui-

2569 2667 2715 2731 dem
2774 2666 3025 2732 felicius
3087 2669 3303 2732 etiam.
3405 2667 3574 2732 Eum
3631 2665 3815 2732 vobis
3872 2688 4125 2750 quoque
4173 2666 4392 2742 mitte,
4460 2666 4514 2729 si

2564 2754 2730 2818 forte
2773 2760 3068 2818 vestrum
3113 2753 3344 2836 aliquis
3387 2753 3534 2817 istic
3577 2754 3635 2817 ei
3681 2751 4072 2835 respondere
4118 2752 4306 2817 velit:
4360 2772 4516 2815 nam
4607 2815 4622 2828 ,

2565 2839 2729 2904 mihi
2790 2860 2965 2904 nunc
3020 2860 3248 2903 revera
3317 2861 3444 2903 non
3506 2846 3714 2904 vacat.
3803 2838 4060 2902 Vellem
4117 2846 4338 2902 tamen
4395 2837 4514 2911 illi,

2568 2947 2702 2991 non
2747 2933 2882 2988 tam
2927 2932 3193 3008 propter
3237 2925 3447 3007 ipsum
3503 2946 3698 3006 quam
3742 2933 4009 3008 propter
4062 2924 4221 2989 alios
4280 2923 4390 3005 qui
4433 2920 4515 2987 ab

2569 3014 2708 3094 ipso
2766 3011 3085 3094 pendent,
3148 3010 3543 3093 responderi.
3636 3010 3878 3076 Emisit
3932 3019 4271 3093 praeterea
4314 3008 4512 3072 etiam

2567 3096 3004 3181 Farraginem
3069 3097 3682 3178 interpretationum
3742 3118 3938 3180 super
3993 3097 4212 3162 verbis
4276 3114 4518 3161 coenae

2569 3183 2905 3249 collectam
2950 3203 3034 3245 ex
3080 3184 3338 3265 scriptis
3378 3181 3809 3255 Carolostadii,
3857 3183 4160 3266 Zuinylii,
4215 3181 4516 3247 Oeoolam-

2557 3269 2754 3350 podii
2770 3318 2785 3345 ,
2849 3267 3022 3332 Petri-
3081 3269 3410 3349 Martyris,
3457 3268 3695 3334 Bueeri
3714 3320 3729 3346 ,
3786 3277 4046 3334 vestrae
4098 3267 4518 3334 confessionis

2568 3353 2882 3419 adversus
2924 3353 3286 3430 homerum,
3335 3353 3710 3437 Bullinyeri,
3763 3353 4046 3434 Calvini,
4106 3361 4172 3418 et
4229 3375 4310 3418 ex
4370 3373 4517 3417 meo

2568 3460 2825 3523 quoque
2888 3440 2968 3504 ad
3032 3448 3398 3505 extremum
3453 3438 3687 3504 libello.
3778 3438 3911 3506 Sed
3959 3441 4108 3506 huic
4145 3460 4263 3523 ego
4299 3438 4516 3521 cogito

2567 3525 2960 3610 respondere
3006 3526 3059 3590 si
3096 3527 3422 3590 Dominus
3462 3527 3739 3610 gratiam
3782 3525 4046 3593 dederit.
4120 3524 4294 3608 Quid
4342 3523 4515 3608 quod

2568 3767 2739 3821 1919.
2779 3765 2835 3830 1)
2873 3767 3042 3819 Hanc
3081 3766 3394 3820 relationem
3437 3782 3548 3819 non
3594 3766 3910 3833 reperimus.
3988 3765 4178 3819 Etiam
4217 3764 4518 3835 Kuyperus

2561 3839 2792 3904 periisse
2843 3841 3028 3902 putat,
3074 3841 3313 3888 auamen
3363 3833 3714 3889 Utenhovium
3748 3851 3814 3888 ea
3850 3850 4006 3888 usum
4053 3850 4164 3888 esse
4199 3835 4260 3889 in
4309 3849 4515 3888 narra-

2568 3907 2713 3959 tione
2759 3921 2862 3959 sua
2908 3904 3312 3961 conscribenda.
3389 3904 3594 3958 Exstat
3640 3908 3818 3957 autem
3861 3905 3922 3957 in
3971 3903 4099 3957 Cod.
4151 3903 4347 3957 Gener.
4394 3901 4514 3964 113,

2565 3974 2660 4041 fol.
2698 3972 2801 4026 124
2835 3975 2972 4028 sotis
3007 3974 3168 4041 lonya
3208 3971 3479 4027 Mieronii
3509 3973 3736 4040 epistola
3771 3971 3823 4026 d.
3860 3972 3910 4024 d.
3946 3970 4030 4027 16.
4072 3971 4237 4028 Febr.
4274 3969 4413 4025 1554
4448 3970 4516 4024 de

2569 4042 2751 4096 eadem
2787 4043 3122 4110 mim-atione.
3204 4039 3568 4096 Utenhoviani
3611 4041 3745 4095 libri
3788 4041 3976 4093 timus
4011 4047 4116 4093 est.-
4169 4041 4410 4109 Simplex
4458 4046 4516 4092 et

2567 4112 2745 4164 fidelis
2783 4112 3019 4164 narratio
3054 4110 3123 4164 de
3158 4111 3410 4163 instituta
3444 4127 3507 4162 ac
3541 4110 3756 4163 demum
3774 4110 4036 4178 dissipata
4061 4110 4344 4179 Belgarum
4381 4108 4514 4162 alio-

2571 4197 2798 4249 rumque
2850 4181 3258 4249 peregrinorum
3320 4180 3377 4232 in
3423 4180 3623 4259 Anglia
3669 4179 3894 4231 ecclesia
3940 4195 4001 4230 ac
4124 4180 4390 4232 tissimum
4443 4177 4512 4230 de

2570 4249 2835 4372 miili?
2848 4250 3238 4385 33332335232
3268 4248 3488 4371 &2Â³33
3523 4248 3856 4371 â€™á¼’á½²á¿–á¼°á¿—á½²Î¹Ï‰á½¶Î¹
3870 4246 4516 4384 Î’á¿§á½²á½²á¿—Î¿á½²Î±Î¹á¿—Î¾Ï€á¿–Î¼á½²

2599 4388 2642 4441 I.
2681 4386 2830 4440 1092.
2886 4415 2952 4424 â€”-
3000 4385 3088 4439 De
3141 4384 3428 4439 Utenhovii
3468 4385 3577 4452 fide
3625 4385 3877 4439 dubitant
3916 4385 4319 4452 Pontoppt'dan,
4378 4382 4514 4437 KG.

2569 4473 2619 4510 v.
2661 4454 2985 4510 anemarlc
3017 4456 3118 4509 111.
3152 4453 3270 4508 317.
3345 4454 3499 4509 Neue
3536 4455 3704 4508 Beier.
3758 4470 3808 4509 v.
3853 4454 3999 4507 alcen
4048 4470 4103 4507 u.
4149 4470 4326 4507 neuen
4359 4452 4514 4507 theol.

2577 4525 2785 4579 Sachm
2821 4523 2972 4577 1756.
3013 4524 3065 4578 S.
3103 4522 3221 4577 596.
3260 4522 3375 4577 750.
3435 4523 3779 4578 Gittermann
3814 4524 3876 4576 in
3924 4523 4115 4576 Vates-s
4149 4522 4308 4577 leniet.
4345 4521 4511 4576 Arch.

2573 4594 2723 4648 1825.
2759 4593 2827 4648 11.
2869 4592 2980 4647 150.
3040 4594 3273 4661 Î’Î±Ï„á½·Îµá¿‘Ï‚,
3313 4593 3492 4648 Lusco
3502 4590 3651 4661 1246
3674 4608 3751 4661 sq.
3813 4590 4187 4661 Mouckebergâ€š
4239 4590 4517 4659 Westphal

2565 4681 2606 4735 p
2775 4730 2837 4790 2)
2871 4731 3019 4785 unde
3053 4732 3162 4783 ium
3200 4730 3253 4784 d.
3289 4729 3373 4784 18.
3413 4730 3575 4785 Febr.
3624 4730 3778 4784 eiecti
3815 4728 4058 4808 fuer-tant:
4129 4727 4422 4794 (Utenloov.
4453 4746 4516 4797 p.

2572 4800 2689 4854 115.
2764 4799 2918 4869 Saliq
2947 4817 3006 4868 p.
3049 4798 3219 4866 1099.)

2660 4937 2762 4992 156
2775 4870 3065 4992 3383113611118
3097 4870 3238 4990 faelleogz
3272 4869 3445 4922 evenit
3475 4873 3702 4922 exeunte
3744 4865 3923 4920 eodem
3958 4881 4149 4920 mense.
4220 4866 4515 4932 (Utenhov.

2566 4956 2606 5009 p
2761 4979 2830 5074 â¹4)
2865 4956 2976 5061 nliÎ‡
2999 4940 3268 5072 pfeliciorg
3306 5009 3450 5059 sorte
3493 5004 3609 5068 usi,
3663 5018 3825 5073 quum
3869 5003 4031 5057 initio
4077 5003 4285 5058 Martis
4340 5003 4512 5059 Wese-

2566 5077 2766 5146 phalas
2808 5077 3043 5130 maxime
3085 5076 3152 5130 de
3194 5077 3268 5128 iis
3310 5071 3640 5140 expellendis
3685 5077 3966 5193 ÎµÎ±Î¹Î±Î»á½²ÏƒÎµÎµ.
4037 5075 4060 5134 (
4074 5069 4262 5127 Utenh.
4291 5088 4351 5141 p.
4390 5073 4515 5128 19â¶2.

2574 5146 2729 5216 Saliq
2757 5163 2812 5214 p.
2851 5142 2989 5198 1104
3021 5158 3093 5197 ss.
3153 5141 3509 5209 Menckeberq
3542 5140 3577 5193 l.
3613 5141 3647 5193 1.
3678 5157 3731 5209 p.
3868 5146 3921 5196 et
3952 5141 4014 5194 ia
4037 5140 4144 5195 Î–Î’.
4176 5142 4274 5206 [á¼‚Î½
4310 5141 4510 5198 Homo.

2571 5214 2762 5270 Î¸ÏÎ±Ïƒá½º.
2801 5215 2873 5268 11.
2909 5212 3055 5276 186.)
3129 5213 3211 5266 HaÎ‡
3244 5226 3424 5266 omnes
3457 5225 3526 5263 m.
3562 5208 3693 5265 Dee.
3731 5210 3903 5266 medio
3939 5212 3996 5265 in
4032 5210 4106 5264 iis
4140 5211 4302 5266 ten-is
4334 5228 4514 5280 appu-

2570 5286 2750 5340 lerant
2780 5281 2928 5337 unde
2959 5283 3070 5336 iam
3106 5281 3254 5335 exire
3287 5285 3415 5334 sunt
3448 5280 3605 5333 iussi.

2776 5351 2836 5419 5)
2879 5350 3018 5406 Viae
3053 5348 3297 5420 Prolem.
3335 5355 3526 5404 nostra
3560 5347 3637 5404 ad
3682 5347 3826 5405 Tom.
3862 5347 3973 5405 IX.
4013 5346 4250 5418 operum
4278 5365 4336 5420 p.
4370 5365 4428 5405 a.
