<?xml version="1.0" encoding="UTF-8"?>
<!DOCTYPE html PUBLIC "-//W3C//DTD XHTML 1.0 Transitional//EN"
    "http://www.w3.org/TR/xhtml1/DTD/xhtml1-transitional.dtd">
<html xmlns="http://www.w3.org/1999/xhtml" xml:lang="en" lang="en">
 <head>
  <title>
</title>
<meta http-equiv="Content-Type" content="text/html;charset=utf-8" />
  <meta name='ocr-system' content='tesseract 3.04.00' />
  <meta name='ocr-capabilities' content='ocr_page ocr_carea ocr_par ocr_line ocrx_word'/>
</head>
<body>
  <div class='ocr_page' id='page_1' title='image "./ioanniscalvinio09unkngoog_0335.png"; bbox 0 0 4850 6200; ppageno 0'>
   <div class='ocr_carea' id='block_1_1' title="bbox 335 411 461 473">
    <p class='ocr_par' dir='ltr' id='par_1_1' title="bbox 335 411 461 473">
     <span class='ocr_line' id='line_1_1' title="bbox 335 411 461 473; baseline 0.016 -3"><span class='ocrx_word' id='word_1_1' title='bbox 335 411 461 473; x_wconf 75' lang='lat'><strong>673</strong></span> 
     </span>
    </p>
   </div>
   <div class='ocr_carea' id='block_1_2' title="bbox 336 597 2284 938">
    <p class='ocr_par' dir='ltr' id='par_1_2' title="bbox 336 597 2284 938">
     <span class='ocr_line' id='line_1_2' title="bbox 336 597 2283 683; baseline 0.002 -21"><span class='ocrx_word' id='word_1_2' title='bbox 336 597 747 679; x_wconf 75' lang='lat' dir='ltr'>splendorem</span> <span class='ocrx_word' id='word_1_3' title='bbox 796 598 1035 663; x_wconf 83' lang='lat' dir='ltr'><strong>theatri</strong></span> <span class='ocrx_word' id='word_1_4' title='bbox 1061 598 1402 679; x_wconf 84' lang='lat' dir='ltr'><strong>requirunt</strong></span> <span class='ocrx_word' id='word_1_5' title='bbox 1445 599 1513 663; x_wconf 91' lang='lat' dir='ltr'><strong>in</strong></span> <span class='ocrx_word' id='word_1_6' title='bbox 1543 620 1668 681; x_wconf 93' lang='lat' dir='ltr'><strong>quo</strong></span> <span class='ocrx_word' id='word_1_7' title='bbox 1711 620 1783 665; x_wconf 88' lang='lat' dir='ltr'><strong>se</strong></span> <span class='ocrx_word' id='word_1_8' title='bbox 1826 621 2142 683; x_wconf 88' lang='lat' dir='ltr'><strong>suamque</strong></span> <span class='ocrx_word' id='word_1_9' title='bbox 2178 622 2283 665; x_wconf 89' lang='lat' dir='ltr'><strong>sa-</strong></span> 
     </span>
     <span class='ocr_line' id='line_1_3' title="bbox 336 683 2283 767; baseline 0.003 -19"><span class='ocrx_word' id='word_1_10' title='bbox 336 684 655 767; x_wconf 77' lang='lat' dir='ltr'><strong>pientiam</strong></span> <span class='ocrx_word' id='word_1_11' title='bbox 690 695 1035 749; x_wconf 79' lang='lat' dir='ltr'><strong>ostentent.</strong></span> <span class='ocrx_word' id='word_1_12' title='bbox 1102 683 1287 748; x_wconf 88' lang='lat' dir='ltr'><strong>Haec</strong></span> <span class='ocrx_word' id='word_1_13' title='bbox 1322 705 1577 749; x_wconf 88' lang='lat' dir='ltr'><strong>summa</strong></span> <span class='ocrx_word' id='word_1_14' title='bbox 1612 693 1712 749; x_wconf 90' lang='lat' dir='ltr'><strong>est</strong></span> <span class='ocrx_word' id='word_1_15' title='bbox 1747 686 2058 751; x_wconf 87' lang='lat' dir='ltr'><strong>orationis</strong></span> <span class='ocrx_word' id='word_1_16' title='bbox 2092 687 2283 753; x_wconf 89' lang='lat' dir='ltr'><strong>istius</strong></span> 
     </span>
     <span class='ocr_line' id='line_1_4' title="bbox 336 769 2284 853; baseline 0.004 -22"><span class='ocrx_word' id='word_1_17' title='bbox 336 780 647 835; x_wconf 63' lang='lat' dir='ltr'><strong>ventome</strong></span> <span class='ocrx_word' id='word_1_18' title='bbox 684 780 753 834; x_wconf 91' lang='lat' dir='ltr'><strong>et</strong></span> <span class='ocrx_word' id='word_1_19' title='bbox 795 769 1103 851; x_wconf 85' lang='lat' dir='ltr'><strong>loquacis,</strong></span> <span class='ocrx_word' id='word_1_20' title='bbox 1148 790 1316 852; x_wconf 84' lang='lat' dir='ltr'><strong>quae</strong></span> <span class='ocrx_word' id='word_1_21' title='bbox 1359 770 1440 834; x_wconf 88' lang='lat' dir='ltr'><strong>ad</strong></span> <span class='ocrx_word' id='word_1_22' title='bbox 1487 792 1604 834; x_wconf 90' lang='lat' dir='ltr'><strong>nos</strong></span> <span class='ocrx_word' id='word_1_23' title='bbox 1639 772 1795 853; x_wconf 91' lang='lat' dir='ltr'><strong>quin</strong></span> <span class='ocrx_word' id='word_1_24' title='bbox 1832 773 2159 853; x_wconf 77' lang='lat' dir='ltr'><strong>pertineat</strong></span> <span class='ocrx_word' id='word_1_25' title='bbox 2199 795 2284 838; x_wconf 90' lang='lat' dir='ltr'><strong>ne</strong></span> 
     </span>
     <span class='ocr_line' id='line_1_5' title="bbox 337 855 1787 938; baseline -0.001 -19"><span class='ocrx_word' id='word_1_26' title='bbox 337 857 474 937; x_wconf 88' lang='lat' dir='ltr'><strong>ipse</strong></span> <span class='ocrx_word' id='word_1_27' title='bbox 509 855 773 938; x_wconf 89' lang='lat' dir='ltr'><strong>quidem</strong></span> <span class='ocrx_word' id='word_1_28' title='bbox 808 856 1080 920; x_wconf 89' lang='lat' dir='ltr'><strong>infitiari</strong></span> <span class='ocrx_word' id='word_1_29' title='bbox 1136 866 1347 937; x_wconf 83' lang='lat' dir='ltr'><strong>potest</strong></span> <span class='ocrx_word' id='word_1_30' title='bbox 1393 904 1787 921; x_wconf 91' lang='grc'><strong>.......</strong></span> 
     </span>
    </p>
   </div>
   <div class='ocr_carea' id='block_1_3' title="bbox 1113 1031 1524 1066">
    <p class='ocr_par' dir='ltr' id='par_1_3' title="bbox 1113 1031 1524 1066">
     <span class='ocr_line' id='line_1_6' title="bbox 1113 1031 1524 1066; baseline 0.002 -1"><span class='ocrx_word' id='word_1_31' title='bbox 1113 1031 1146 1065; x_wconf 60' lang='lat'><strong>¹}</strong></span> <span class='ocrx_word' id='word_1_32' title='bbox 1491 1032 1524 1066; x_wconf 52' lang='grc' dir='ltr'>ί</span> 
     </span>
    </p>
   </div>
   <div class='ocr_carea' id='block_1_4' title="bbox 332 1284 2285 1626">
    <p class='ocr_par' dir='ltr' id='par_1_4' title="bbox 332 1284 2285 1626">
     <span class='ocr_line' id='line_1_7' title="bbox 512 1284 2285 1367; baseline 0.002 -19"><span class='ocrx_word' id='word_1_33' title='bbox 512 1284 943 1350; x_wconf 66' lang='lat' dir='ltr'><strong>Per-orationis</strong></span> <span class='ocrx_word' id='word_1_34' title='bbox 975 1291 1406 1367; x_wconf 60' lang='lat' dir='ltr'><strong>argumentum</strong></span> <span class='ocrx_word' id='word_1_35' title='bbox 1448 1305 1525 1348; x_wconf 72' lang='lat' dir='ltr'><strong>ex</strong></span> <span class='ocrx_word' id='word_1_36' title='bbox 1568 1306 1634 1350; x_wconf 86' lang='lat' dir='ltr'><strong>eo</strong></span> <span class='ocrx_word' id='word_1_37' title='bbox 1676 1287 1871 1350; x_wconf 78' lang='lat' dir='ltr'><strong>sumit</strong></span> <span class='ocrx_word' id='word_1_38' title='bbox 1908 1286 2069 1367; x_wconf 77' lang='lat' dir='ltr'><strong>quod</strong></span> <span class='ocrx_word' id='word_1_39' title='bbox 2127 1285 2285 1351; x_wconf 84' lang='lat' dir='ltr'><strong>Bal-</strong></span> 
     </span>
     <span class='ocr_line' id='line_1_8' title="bbox 335 1371 2283 1437; baseline 0 -2"><span class='ocrx_word' id='word_1_40' title='bbox 335 1372 576 1437; x_wconf 74' lang='lat' dir='ltr'><strong>duinus</strong></span> <span class='ocrx_word' id='word_1_41' title='bbox 616 1372 914 1436; x_wconf 75' lang='lat' dir='ltr'><strong>historiae</strong></span> <span class='ocrx_word' id='word_1_42' title='bbox 956 1372 1399 1436; x_wconf 75' lang='lat' dir='ltr'><strong>ecclesiasticae</strong></span> <span class='ocrx_word' id='word_1_43' title='bbox 1447 1371 1913 1436; x_wconf 70' lang='lat' dir='ltr'><strong>conscribendae</strong></span> <span class='ocrx_word' id='word_1_44' title='bbox 1953 1371 2283 1437; x_wconf 73' lang='lat' dir='ltr'><strong>consilium</strong></span> 
     </span>
     <span class='ocr_line' id='line_1_9' title="bbox 336 1456 2282 1539; baseline 0.001 -17"><span class='ocrx_word' id='word_1_45' title='bbox 336 1459 568 1539; x_wconf 76' lang='lat' dir='ltr'><strong>cepisse</strong></span> <span class='ocrx_word' id='word_1_46' title='bbox 622 1457 953 1522; x_wconf 74' lang='lat' dir='ltr'><strong>dicebatur.</strong></span> <span class='ocrx_word' id='word_1_47' title='bbox 1048 1458 1249 1537; x_wconf 78' lang='lat' dir='ltr'><strong>Quam</strong></span> <span class='ocrx_word' id='word_1_48' title='bbox 1300 1456 1607 1539; x_wconf 74' lang='lat' dir='ltr'><strong>peculiari</strong></span> <span class='ocrx_word' id='word_1_49' title='bbox 1671 1458 1746 1522; x_wconf 79' lang='lat' dir='ltr'><strong>de</strong></span> <span class='ocrx_word' id='word_1_50' title='bbox 1786 1478 1981 1523; x_wconf 82' lang='lat' dir='ltr'><strong>causa</strong></span> <span class='ocrx_word' id='word_1_51' title='bbox 2021 1478 2147 1522; x_wconf 78' lang='lat' dir='ltr'><strong>non</strong></span> <span class='ocrx_word' id='word_1_52' title='bbox 2181 1478 2282 1522; x_wconf 73' lang='lat' dir='ltr'><strong>ne-</strong></span> 
     </span>
     <span class='ocr_line' id='line_1_10' title="bbox 332 1544 1216 1626; baseline -0.005 -18"><span class='ocrx_word' id='word_1_53' title='bbox 332 1544 689 1626; x_wconf 68' lang='lat' dir='ltr'><strong>yliqendam</strong></span> <span class='ocrx_word' id='word_1_54' title='bbox 726 1563 856 1608; x_wconf 79' lang='lat' dir='ltr'><strong>esse</strong></span> <span class='ocrx_word' id='word_1_55' title='bbox 897 1544 1216 1607; x_wconf 74' lang='lat' dir='ltr'><strong>duximus.</strong></span> 
     </span>
    </p>
   </div>
   <div class='ocr_carea' id='block_1_5' title="bbox 326 1712 2286 4804">
    <p class='ocr_par' dir='ltr' id='par_1_5' title="bbox 326 1712 2286 4804">
     <span class='ocr_line' id='line_1_11' title="bbox 505 1712 2280 1797; baseline 0.001 -19"><span class='ocrx_word' id='word_1_56' title='bbox 505 1712 701 1795; x_wconf 79' lang='lat' dir='ltr'><strong>Quid,</strong></span> <span class='ocrx_word' id='word_1_57' title='bbox 742 1725 814 1778; x_wconf 90' lang='lat' dir='ltr'><strong>ut</strong></span> <span class='ocrx_word' id='word_1_58' title='bbox 834 1714 913 1778; x_wconf 89' lang='lat' dir='ltr'><strong>de</strong></span> <span class='ocrx_word' id='word_1_59' title='bbox 937 1715 1211 1780; x_wconf 80' lang='lat' dir='ltr'><strong>caeteris</strong></span> <span class='ocrx_word' id='word_1_60' title='bbox 1247 1724 1512 1789; x_wconf 83' lang='lat' dir='ltr'><strong>taceam,</strong></span> <span class='ocrx_word' id='word_1_61' title='bbox 1538 1714 2060 1797; x_wconf 87' lang='lat' dir='ltr'><strong>magnificentius</strong></span> <span class='ocrx_word' id='word_1_62' title='bbox 2083 1736 2280 1797; x_wconf 91' lang='lat' dir='ltr'><strong>quam</strong></span> 
     </span>
     <span class='ocr_line' id='line_1_12' title="bbox 335 1799 2279 1883; baseline 0.001 -18"><span class='ocrx_word' id='word_1_63' title='bbox 335 1802 677 1865; x_wconf 82' lang='lat' dir='ltr'><strong>historiam</strong></span> <span class='ocrx_word' id='word_1_64' title='bbox 698 1799 1003 1866; x_wconf 86' lang='lat' dir='ltr'><strong>ecclesiae</strong></span> <span class='ocrx_word' id='word_1_65' title='bbox 1026 1812 1405 1883; x_wconf 84' lang='lat' dir='ltr'><strong>perpetuam</strong></span> <span class='ocrx_word' id='word_1_66' title='bbox 1430 1800 1522 1863; x_wconf 88' lang='lat' dir='ltr'><strong>ita</strong></span> <span class='ocrx_word' id='word_1_67' title='bbox 1542 1811 1908 1876; x_wconf 74' lang='lat' dir='ltr'><strong>contexere,</strong></span> <span class='ocrx_word' id='word_1_68' title='bbox 1935 1813 2008 1864; x_wconf 91' lang='lat' dir='ltr'><strong>ut</strong></span> <span class='ocrx_word' id='word_1_69' title='bbox 2052 1820 2279 1867; x_wconf 81' lang='lat' dir='ltr'><strong>causas</strong></span> 
     </span>
     <span class='ocr_line' id='line_1_13' title="bbox 334 1884 2281 1970; baseline 0 -20"><span class='ocrx_word' id='word_1_70' title='bbox 334 1907 557 1951; x_wconf 85' lang='lat' dir='ltr'><strong>rerum</strong></span> <span class='ocrx_word' id='word_1_71' title='bbox 624 1900 960 1970; x_wconf 82' lang='lat' dir='ltr'><strong>gestarum</strong></span> <span class='ocrx_word' id='word_1_72' title='bbox 1019 1888 1314 1968; x_wconf 88' lang='lat' dir='ltr'><strong>inquiras</strong></span> <span class='ocrx_word' id='word_1_73' title='bbox 1377 1884 1724 1969; x_wconf 85' lang='lat' dir='ltr'><strong>diligenter</strong></span> <span class='ocrx_word' id='word_1_74' title='bbox 1772 1906 1846 1950; x_wconf 84' lang='lat' dir='ltr'><strong>ac</strong></span> <span class='ocrx_word' id='word_1_75' title='bbox 1912 1886 1992 1950; x_wconf 91' lang='lat' dir='ltr'><strong>de</strong></span> <span class='ocrx_word' id='word_1_76' title='bbox 2035 1886 2281 1952; x_wconf 88' lang='lat' dir='ltr'><strong>eisdem</strong></span> 
     </span>
     <span class='ocr_line' id='line_1_14' title="bbox 334 1970 2281 2051; baseline -0.001 -13"><span class='ocrx_word' id='word_1_77' title='bbox 334 1972 651 2038; x_wconf 89' lang='lat' dir='ltr'><strong>iudicium</strong></span> <span class='ocrx_word' id='word_1_78' title='bbox 695 1971 937 2036; x_wconf 79' lang='lat' dir='ltr'><strong>facias?</strong></span> <span class='ocrx_word' id='word_1_79' title='bbox 1005 1970 1200 2051; x_wconf 78' lang='lat' dir='ltr'><strong>Quod</strong></span> <span class='ocrx_word' id='word_1_80' title='bbox 1237 1992 1307 2036; x_wconf 89' lang='lat' dir='ltr'><strong>se</strong></span> <span class='ocrx_word' id='word_1_81' title='bbox 1351 1971 1733 2037; x_wconf 83' lang='lat' dir='ltr'><strong>effecturum</strong></span> <span class='ocrx_word' id='word_1_82' title='bbox 1785 1972 1884 2035; x_wconf 85' lang='lat' dir='ltr'><strong>vir</strong></span> <span class='ocrx_word' id='word_1_83' title='bbox 1930 1972 2281 2037; x_wconf 77' lang='lat' dir='ltr'><strong>historicae</strong></span> 
     </span>
     <span class='ocr_line' id='line_1_15' title="bbox 334 2056 2281 2141; baseline -0.001 -18"><span class='ocrx_word' id='word_1_84' title='bbox 334 2058 487 2123; x_wconf 88' lang='lat' dir='ltr'><strong>fidei</strong></span> <span class='ocrx_word' id='word_1_85' title='bbox 533 2060 1001 2141; x_wconf 80' lang='lat' dir='ltr'><strong>gravitatisque</strong></span> <span class='ocrx_word' id='word_1_86' title='bbox 1039 2058 1269 2141; x_wconf 89' lang='lat' dir='ltr'><strong>plenus</strong></span> <span class='ocrx_word' id='word_1_87' title='bbox 1310 2057 1441 2121; x_wconf 89' lang='lat' dir='ltr'><strong>iam</strong></span> <span class='ocrx_word' id='word_1_88' title='bbox 1493 2058 1673 2122; x_wconf 84' lang='lat' dir='ltr'><strong>vobis</strong></span> <span class='ocrx_word' id='word_1_89' title='bbox 1711 2056 2065 2139; x_wconf 89' lang='lat' dir='ltr'><strong>pollicetur.</strong></span> <span class='ocrx_word' id='word_1_90' title='bbox 2147 2057 2281 2124; x_wconf 85' lang='lat' dir='ltr'><strong>Sed</strong></span> 
     </span>
     <span class='ocr_line' id='line_1_16' title="bbox 332 2142 2280 2225; baseline 0 -18"><span class='ocrx_word' id='word_1_91' title='bbox 332 2143 498 2207; x_wconf 90' lang='lat' dir='ltr'><strong>mihi</strong></span> <span class='ocrx_word' id='word_1_92' title='bbox 544 2145 611 2206; x_wconf 91' lang='lat' dir='ltr'><strong>in</strong></span> <span class='ocrx_word' id='word_1_93' title='bbox 671 2155 959 2208; x_wconf 86' lang='lat' dir='ltr'><strong>mentem</strong></span> <span class='ocrx_word' id='word_1_94' title='bbox 1004 2145 1187 2208; x_wconf 82' lang='lat' dir='ltr'><strong>venit</strong></span> <span class='ocrx_word' id='word_1_95' title='bbox 1226 2143 1522 2208; x_wconf 86' lang='lat' dir='ltr'><strong>dubitare</strong></span> <span class='ocrx_word' id='word_1_96' title='bbox 1567 2143 1723 2225; x_wconf 91' lang='lat' dir='ltr'><strong>quid</strong></span> <span class='ocrx_word' id='word_1_97' title='bbox 1768 2142 1848 2208; x_wconf 92' lang='lat' dir='ltr'><strong>de</strong></span> <span class='ocrx_word' id='word_1_98' title='bbox 1892 2143 2195 2209; x_wconf 89' lang='lat' dir='ltr'><strong>Ecebolio</strong></span> <span class='ocrx_word' id='word_1_99' title='bbox 2222 2147 2280 2215; x_wconf 73' lang='grc'><strong>2)</strong></span> 
     </span>
     <span class='ocr_line' id='line_1_17' title="bbox 331 2228 2282 2311; baseline 0 -17"><span class='ocrx_word' id='word_1_100' title='bbox 331 2229 740 2294; x_wconf 82' lang='lat' dir='ltr'><strong>iudicaturus</strong></span> <span class='ocrx_word' id='word_1_101' title='bbox 796 2231 897 2293; x_wconf 89' lang='lat' dir='ltr'><strong>sit.</strong></span> <span class='ocrx_word' id='word_1_102' title='bbox 988 2229 1130 2293; x_wconf 90' lang='lat' dir='ltr'><strong>Non</strong></span> <span class='ocrx_word' id='word_1_103' title='bbox 1196 2230 1393 2302; x_wconf 88' lang='lat' dir='ltr'><strong>enim,</strong></span> <span class='ocrx_word' id='word_1_104' title='bbox 1437 2230 1684 2311; x_wconf 88' lang='lat' dir='ltr'><strong>opinor,</strong></span> <span class='ocrx_word' id='word_1_105' title='bbox 1729 2228 1908 2294; x_wconf 90' lang='lat' dir='ltr'><strong>hunc</strong></span> <span class='ocrx_word' id='word_1_106' title='bbox 1951 2230 2282 2294; x_wconf 84' lang='lat' dir='ltr'><strong>sanctissi-</strong></span> 
     </span>
     <span class='ocr_line' id='line_1_18' title="bbox 334 2315 2283 2397; baseline 0 -18"><span class='ocrx_word' id='word_1_107' title='bbox 334 2338 517 2379; x_wconf 91' lang='lat' dir='ltr'><strong>mum</strong></span> <span class='ocrx_word' id='word_1_108' title='bbox 574 2325 830 2397; x_wconf 86' lang='lat' dir='ltr'><strong>patrem</strong></span> <span class='ocrx_word' id='word_1_109' title='bbox 882 2315 952 2378; x_wconf 90' lang='lat' dir='ltr'><strong>in</strong></span> <span class='ocrx_word' id='word_1_110' title='bbox 999 2324 1185 2378; x_wconf 85' lang='lat' dir='ltr'><strong>tanta</strong></span> <span class='ocrx_word' id='word_1_111' title='bbox 1236 2315 1507 2380; x_wconf 84' lang='lat' dir='ltr'><strong>historia</strong></span> <span class='ocrx_word' id='word_1_112' title='bbox 1549 2315 2129 2397; x_wconf 87' lang='lat' dir='ltr'><strong>praetermissurus</strong></span> <span class='ocrx_word' id='word_1_113' title='bbox 2166 2329 2283 2392; x_wconf 90' lang='lat' dir='ltr'><strong>est,</strong></span> 
     </span>
     <span class='ocr_line' id='line_1_19' title="bbox 334 2401 2281 2484; baseline 0.001 -19"><span class='ocrx_word' id='word_1_114' title='bbox 334 2423 529 2483; x_wconf 91' lang='lat' dir='ltr'><strong>quem</strong></span> <span class='ocrx_word' id='word_1_115' title='bbox 574 2405 643 2464; x_wconf 91' lang='lat' dir='ltr'><strong>in</strong></span> <span class='ocrx_word' id='word_1_116' title='bbox 690 2401 1015 2483; x_wconf 87' lang='lat' dir='ltr'><strong>plerisque</strong></span> <span class='ocrx_word' id='word_1_117' title='bbox 1062 2403 1153 2465; x_wconf 86' lang='lat' dir='ltr'><strong>ita</strong></span> <span class='ocrx_word' id='word_1_118' title='bbox 1197 2401 1456 2466; x_wconf 88' lang='lat' dir='ltr'><strong>effinxit</strong></span> <span class='ocrx_word' id='word_1_119' title='bbox 1500 2416 1694 2482; x_wconf 89' lang='lat' dir='ltr'><strong>atque</strong></span> <span class='ocrx_word' id='word_1_120' title='bbox 1731 2402 2056 2484; x_wconf 83' lang='lat' dir='ltr'><strong>expressit</strong></span> <span class='ocrx_word' id='word_1_121' title='bbox 2098 2404 2281 2484; x_wconf 83' lang='lat' dir='ltr'><strong>quasi</strong></span> 
     </span>
     <span class='ocr_line' id='line_1_20' title="bbox 336 2485 2281 2569; baseline 0 -18"><span class='ocrx_word' id='word_1_122' title='bbox 336 2511 378 2552; x_wconf 82' lang='lat' dir='ltr'><strong>a</strong></span> <span class='ocrx_word' id='word_1_123' title='bbox 422 2489 665 2551; x_wconf 89' lang='lat' dir='ltr'><strong>teneris</strong></span> <span class='ocrx_word' id='word_1_124' title='bbox 702 2489 893 2551; x_wconf 90' lang='lat' dir='ltr'><strong>annis</strong></span> <span class='ocrx_word' id='word_1_125' title='bbox 947 2487 1148 2551; x_wconf 84' lang='lat' dir='ltr'><strong>vitam</strong></span> <span class='ocrx_word' id='word_1_126' title='bbox 1210 2487 1332 2552; x_wconf 85' lang='lat' dir='ltr'><strong>sibi</strong></span> <span class='ocrx_word' id='word_1_127' title='bbox 1392 2488 1531 2551; x_wconf 91' lang='lat' dir='ltr'><strong>eius</strong></span> <span class='ocrx_word' id='word_1_128' title='bbox 1577 2485 1657 2550; x_wconf 88' lang='lat' dir='ltr'><strong>ad</strong></span> <span class='ocrx_word' id='word_1_129' title='bbox 1702 2486 2093 2551; x_wconf 88' lang='lat' dir='ltr'><strong>imitandum</strong></span> <span class='ocrx_word' id='word_1_130' title='bbox 2136 2509 2281 2569; x_wconf 87' lang='lat' dir='ltr'><strong>pro·</strong></span> 
     </span>
     <span class='ocr_line' id='line_1_21' title="bbox 337 2571 2282 2656; baseline 0.001 -20"><span class='ocrx_word' id='word_1_131' title='bbox 337 2574 677 2656; x_wconf 80' lang='lat' dir='ltr'><strong>posuisset.</strong></span> <span class='ocrx_word' id='word_1_132' title='bbox 789 2573 948 2637; x_wconf 85' lang='lat' dir='ltr'><strong>Fuit</strong></span> <span class='ocrx_word' id='word_1_133' title='bbox 1013 2573 1069 2637; x_wconf 89' lang='lat' dir='ltr'><strong>is</strong></span> <span class='ocrx_word' id='word_1_134' title='bbox 1146 2571 1437 2656; x_wconf 83' lang='lat' dir='ltr'><strong>sophista</strong></span> <span class='ocrx_word' id='word_1_135' title='bbox 1504 2572 2282 2655; x_wconf 74' lang='lat' dir='ltr'><strong>ConstantinopolitanuS,</strong></span> 
     </span>
     <span class='ocr_line' id='line_1_22' title="bbox 334 2657 2282 2741; baseline -0.001 -18"><span class='ocrx_word' id='word_1_136' title='bbox 334 2659 452 2741; x_wconf 90' lang='lat' dir='ltr'><strong>qui</strong></span> <span class='ocrx_word' id='word_1_137' title='bbox 508 2680 711 2740; x_wconf 87' lang='lat' dir='ltr'><strong>quum</strong></span> <span class='ocrx_word' id='word_1_138' title='bbox 778 2670 949 2723; x_wconf 88' lang='lat' dir='ltr'><strong>esset</strong></span> <span class='ocrx_word' id='word_1_139' title='bbox 992 2657 1292 2722; x_wconf 86' lang='lat' dir='ltr'><strong>ethnicus</strong></span> <span class='ocrx_word' id='word_1_140' title='bbox 1338 2672 1513 2723; x_wconf 90' lang='lat' dir='ltr'><strong>metu</strong></span> <span class='ocrx_word' id='word_1_141' title='bbox 1559 2658 1930 2723; x_wconf 89' lang='lat' dir='ltr'><strong>Constantii</strong></span> <span class='ocrx_word' id='word_1_142' title='bbox 1997 2659 2282 2741; x_wconf 89' lang='lat' dir='ltr'><strong>impera-</strong></span> 
     </span>
     <span class='ocr_line' id='line_1_23' title="bbox 337 2742 2284 2809; baseline 0.001 -1"><span class='ocrx_word' id='word_1_143' title='bbox 337 2746 497 2809; x_wconf 88' lang='lat' dir='ltr'><strong>toris</strong></span> <span class='ocrx_word' id='word_1_144' title='bbox 536 2744 873 2809; x_wconf 84' lang='lat' dir='ltr'><strong>simulavit</strong></span> <span class='ocrx_word' id='word_1_145' title='bbox 917 2766 984 2808; x_wconf 90' lang='lat' dir='ltr'><strong>se</strong></span> <span class='ocrx_word' id='word_1_146' title='bbox 1021 2744 1453 2809; x_wconf 89' lang='lat' dir='ltr'><strong>christianum</strong></span> <span class='ocrx_word' id='word_1_147' title='bbox 1498 2766 1675 2808; x_wconf 88' lang='lat' dir='ltr'><strong>esse:</strong></span> <span class='ocrx_word' id='word_1_148' title='bbox 1747 2742 1983 2808; x_wconf 89' lang='lat' dir='ltr'><strong>deinde</strong></span> <span class='ocrx_word' id='word_1_149' title='bbox 2039 2743 2284 2809; x_wconf 89' lang='lat' dir='ltr'><strong>Iuliani</strong></span> 
     </span>
     <span class='ocr_line' id='line_1_24' title="bbox 336 2829 2284 2913; baseline 0.001 -19"><span class='ocrx_word' id='word_1_150' title='bbox 336 2847 629 2912; x_wconf 88' lang='lat' dir='ltr'><strong>tempore</strong></span> <span class='ocrx_word' id='word_1_151' title='bbox 666 2829 748 2894; x_wconf 91' lang='lat' dir='ltr'><strong>ad</strong></span> <span class='ocrx_word' id='word_1_152' title='bbox 794 2831 1250 2913; x_wconf 80' lang='lat' dir='ltr'><strong>paganismum</strong></span> <span class='ocrx_word' id='word_1_153' title='bbox 1313 2829 1521 2893; x_wconf 86' lang='lat' dir='ltr'><strong>rediit.</strong></span> <span class='ocrx_word' id='word_1_154' title='bbox 1607 2830 1864 2894; x_wconf 88' lang='lat' dir='ltr'><strong>Rursus</strong></span> <span class='ocrx_word' id='word_1_155' title='bbox 1921 2832 2284 2912; x_wconf 85' lang='lat' dir='ltr'><strong>imperante</strong></span> 
     </span>
     <span class='ocr_line' id='line_1_25' title="bbox 336 2914 2286 2997; baseline 0.002 -21"><span class='ocrx_word' id='word_1_156' title='bbox 336 2916 829 2992; x_wconf 89' lang='lat' dir='ltr'><strong>Valentiniano,</strong></span> <span class='ocrx_word' id='word_1_157' title='bbox 875 2916 983 2997; x_wconf 91' lang='lat' dir='ltr'><strong>qui</strong></span> <span class='ocrx_word' id='word_1_158' title='bbox 1029 2916 1426 2981; x_wconf 84' lang='lat' dir='ltr'><strong>christianus</strong></span> <span class='ocrx_word' id='word_1_159' title='bbox 1450 2930 1607 2991; x_wconf 87' lang='lat' dir='ltr'><strong>erat,</strong></span> <span class='ocrx_word' id='word_1_160' title='bbox 1636 2936 1936 2980; x_wconf 85' lang='lat' dir='ltr'><strong>reversus</strong></span> <span class='ocrx_word' id='word_1_161' title='bbox 1972 2914 2055 2980; x_wconf 88' lang='lat' dir='ltr'><strong>ad</strong></span> <span class='ocrx_word' id='word_1_162' title='bbox 2090 2916 2286 2981; x_wconf 88' lang='lat' dir='ltr'><strong>eccle-</strong></span> 
     </span>
     <span class='ocr_line' id='line_1_26' title="bbox 333 3000 2285 3085; baseline 0.001 -20"><span class='ocrx_word' id='word_1_163' title='bbox 333 3003 503 3066; x_wconf 90' lang='lat' dir='ltr'><strong>siam</strong></span> <span class='ocrx_word' id='word_1_164' title='bbox 569 3010 936 3085; x_wconf 88' lang='lat' dir='ltr'><strong>prostratus</strong></span> <span class='ocrx_word' id='word_1_165' title='bbox 1000 3014 1099 3066; x_wconf 91' lang='lat' dir='ltr'><strong>est</strong></span> <span class='ocrx_word' id='word_1_166' title='bbox 1164 3013 1315 3065; x_wconf 88' lang='lat' dir='ltr'><strong>ante</strong></span> <span class='ocrx_word' id='word_1_167' title='bbox 1360 3000 1531 3065; x_wconf 88' lang='lat' dir='ltr'><strong>fores</strong></span> <span class='ocrx_word' id='word_1_168' title='bbox 1573 3000 1801 3083; x_wconf 87' lang='lat' dir='ltr'><strong>templi</strong></span> <span class='ocrx_word' id='word_1_169' title='bbox 1843 3021 2084 3085; x_wconf 89' lang='lat' dir='ltr'><strong>magna</strong></span> <span class='ocrx_word' id='word_1_170' title='bbox 2127 3023 2285 3067; x_wconf 82' lang='lat' dir='ltr'><strong>voce</strong></span> 
     </span>
     <span class='ocr_line' id='line_1_27' title="bbox 332 3086 2284 3155; baseline -0.001 -1"><span class='ocrx_word' id='word_1_171' title='bbox 332 3087 664 3155; x_wconf 86' lang='lat' dir='ltr'><strong>clamans:</strong></span> <span class='ocrx_word' id='word_1_172' title='bbox 748 3086 1064 3154; x_wconf 86' lang='lat' dir='ltr'><strong>Conculta</strong></span> <span class='ocrx_word' id='word_1_173' title='bbox 1076 3106 1138 3153; x_wconf 87' lang='lat' dir='ltr'><strong>te</strong></span> <span class='ocrx_word' id='word_1_174' title='bbox 1192 3110 1295 3152; x_wconf 90' lang='lat' dir='ltr'><strong>me</strong></span> <span class='ocrx_word' id='word_1_175' title='bbox 1355 3086 1557 3153; x_wconf 90' lang='lat' dir='ltr'><strong>salem</strong></span> <span class='ocrx_word' id='word_1_176' title='bbox 1608 3086 1946 3152; x_wconf 90' lang='lat' dir='ltr'><strong>insulsum.</strong></span> <span class='ocrx_word' id='word_1_177' title='bbox 2030 3087 2284 3154; x_wconf 89' lang='lat' dir='ltr'><strong>Verum</strong></span> 
     </span>
     <span class='ocr_line' id='line_1_28' title="bbox 336 3172 2283 3258; baseline -0.001 -19"><span class='ocrx_word' id='word_1_178' title='bbox 336 3176 459 3239; x_wconf 91' lang='lat' dir='ltr'><strong>hoc</strong></span> <span class='ocrx_word' id='word_1_179' title='bbox 505 3175 804 3258; x_wconf 89' lang='lat' dir='ltr'><strong>superior</strong></span> <span class='ocrx_word' id='word_1_180' title='bbox 848 3174 966 3238; x_wconf 81' lang='lat' dir='ltr'><strong>fuit</strong></span> <span class='ocrx_word' id='word_1_181' title='bbox 1032 3175 1343 3257; x_wconf 87' lang='lat' dir='ltr'><strong>magistro</strong></span> <span class='ocrx_word' id='word_1_182' title='bbox 1398 3173 1755 3255; x_wconf 87' lang='lat' dir='ltr'><strong>discipulus</strong></span> <span class='ocrx_word' id='word_1_183' title='bbox 1812 3172 1981 3255; x_wconf 92' lang='lat' dir='ltr'><strong>quod</strong></span> <span class='ocrx_word' id='word_1_184' title='bbox 2026 3195 2144 3257; x_wconf 90' lang='lat' dir='ltr'><strong>pro</strong></span> <span class='ocrx_word' id='word_1_185' title='bbox 2188 3177 2283 3238; x_wconf 89' lang='lat' dir='ltr'><strong>in-</strong></span> 
     </span>
     <span class='ocr_line' id='line_1_29' title="bbox 338 3258 2284 3343; baseline 0.001 -19"><span class='ocrx_word' id='word_1_186' title='bbox 338 3261 515 3343; x_wconf 81' lang='lat' dir='ltr'><strong>signi</strong></span> <span class='ocrx_word' id='word_1_187' title='bbox 559 3260 777 3342; x_wconf 88' lang='lat' dir='ltr'><strong>aliqua</strong></span> <span class='ocrx_word' id='word_1_188' title='bbox 799 3258 1128 3343; x_wconf 88' lang='lat' dir='ltr'><strong>palinodia</strong></span> <span class='ocrx_word' id='word_1_189' title='bbox 1162 3279 1235 3323; x_wconf 87' lang='lat' dir='ltr'><strong>ac</strong></span> <span class='ocrx_word' id='word_1_190' title='bbox 1258 3260 1678 3343; x_wconf 87' lang='lat' dir='ltr'><strong>poenitentia,</strong></span> <span class='ocrx_word' id='word_1_191' title='bbox 1720 3280 1885 3342; x_wconf 90' lang='lat' dir='ltr'><strong>quae</strong></span> <span class='ocrx_word' id='word_1_192' title='bbox 1929 3260 2010 3324; x_wconf 90' lang='lat' dir='ltr'><strong>ab</strong></span> <span class='ocrx_word' id='word_1_193' title='bbox 2056 3281 2131 3325; x_wconf 90' lang='lat' dir='ltr'><strong>eo</strong></span> <span class='ocrx_word' id='word_1_194' title='bbox 2175 3283 2284 3325; x_wconf 91' lang='lat' dir='ltr'><strong>ex-</strong></span> 
     </span>
     <span class='ocr_line' id='line_1_30' title="bbox 338 3344 2283 3428; baseline 0.001 -17"><span class='ocrx_word' id='word_1_195' title='bbox 338 3347 782 3428; x_wconf 73' lang='lat' dir='ltr'><strong>spectabatur,</strong></span> <span class='ocrx_word' id='word_1_196' title='bbox 835 3345 1284 3411; x_wconf 80' lang='lat' dir='ltr'><strong>incredibilem</strong></span> <span class='ocrx_word' id='word_1_197' title='bbox 1332 3344 1557 3410; x_wconf 88' lang='lat' dir='ltr'><strong>attulit</strong></span> <span class='ocrx_word' id='word_1_198' title='bbox 1605 3345 2096 3428; x_wconf 85' lang='lat' dir='ltr'><strong>impudentiam.</strong></span> <span class='ocrx_word' id='word_1_199' title='bbox 2189 3349 2283 3413; x_wconf 88' lang='lat' dir='ltr'><strong>Ac</strong></span> 
     </span>
     <span class='ocr_line' id='line_1_31' title="bbox 339 3430 2284 3514; baseline -0.001 -17"><span class='ocrx_word' id='word_1_200' title='bbox 339 3430 487 3497; x_wconf 84' lang='lat' dir='ltr'><strong>vide</strong></span> <span class='ocrx_word' id='word_1_201' title='bbox 535 3452 733 3512; x_wconf 90' lang='lat' dir='ltr'><strong>quam</strong></span> <span class='ocrx_word' id='word_1_202' title='bbox 789 3453 907 3497; x_wconf 90' lang='lat' dir='ltr'><strong>nos</strong></span> <span class='ocrx_word' id='word_1_203' title='bbox 966 3431 1266 3496; x_wconf 83' lang='lat' dir='ltr'><strong>fefellerit</strong></span> <span class='ocrx_word' id='word_1_204' title='bbox 1329 3431 1746 3514; x_wconf 77' lang='lat' dir='ltr'><strong>exspectatio,</strong></span> <span class='ocrx_word' id='word_1_205' title='bbox 1849 3431 1942 3497; x_wconf 89' lang='lat' dir='ltr'><strong>Ut</strong></span> <span class='ocrx_word' id='word_1_206' title='bbox 1998 3432 2284 3514; x_wconf 82' lang='lat' dir='ltr'><strong>primum</strong></span> 
     </span>
     <span class='ocr_line' id='line_1_32' title="bbox 336 3515 2285 3601; baseline 0 -19"><span class='ocrx_word' id='word_1_207' title='bbox 336 3540 421 3582; x_wconf 86' lang='lat' dir='ltr'><strong>ex</strong></span> <span class='ocrx_word' id='word_1_208' title='bbox 464 3518 677 3583; x_wconf 85' lang='lat' dir='ltr'><strong>literis</strong></span> <span class='ocrx_word' id='word_1_209' title='bbox 733 3518 866 3582; x_wconf 89' lang='lat' dir='ltr'><strong>tuis</strong></span> <span class='ocrx_word' id='word_1_210' title='bbox 920 3519 1199 3601; x_wconf 82' lang='lat' dir='ltr'><strong>cognovi</strong></span> <span class='ocrx_word' id='word_1_211' title='bbox 1266 3515 1381 3581; x_wconf 89' lang='lat' dir='ltr'><strong>ubi</strong></span> <span class='ocrx_word' id='word_1_212' title='bbox 1439 3526 1630 3592; x_wconf 89' lang='lat' dir='ltr'><strong>esset,</strong></span> <span class='ocrx_word' id='word_1_213' title='bbox 1688 3518 1982 3599; x_wconf 89' lang='lat' dir='ltr'><strong>protinus</strong></span> <span class='ocrx_word' id='word_1_214' title='bbox 2026 3530 2285 3601; x_wconf 86' lang='lat' dir='ltr'><strong>egomet</strong></span> 
     </span>
     <span class='ocr_line' id='line_1_33' title="bbox 336 3603 2284 3688; baseline -0.001 -19"><span class='ocrx_word' id='word_1_215' title='bbox 336 3626 598 3669; x_wconf 88' lang='lat' dir='ltr'><strong>mecum</strong></span> <span class='ocrx_word' id='word_1_216' title='bbox 656 3604 960 3688; x_wconf 80' lang='lat' dir='ltr'><strong>cogitavi,</strong></span> <span class='ocrx_word' id='word_1_217' title='bbox 1021 3604 1201 3668; x_wconf 86' lang='lat' dir='ltr'><strong>brevi</strong></span> <span class='ocrx_word' id='word_1_218' title='bbox 1245 3603 1327 3666; x_wconf 88' lang='lat' dir='ltr'><strong>ad</strong></span> <span class='ocrx_word' id='word_1_219' title='bbox 1394 3625 1513 3668; x_wconf 88' lang='lat' dir='ltr'><strong>nos</strong></span> <span class='ocrx_word' id='word_1_220' title='bbox 1558 3616 1918 3678; x_wconf 86' lang='lat' dir='ltr'><strong>venturam,</strong></span> <span class='ocrx_word' id='word_1_221' title='bbox 1981 3612 2284 3686; x_wconf 84' lang='lat' dir='ltr'><strong>typogra-</strong></span> 
     </span>
     <span class='ocr_line' id='line_1_34' title="bbox 336 3688 2284 3772; baseline 0 -19"><span class='ocrx_word' id='word_1_222' title='bbox 336 3690 619 3771; x_wconf 87' lang='lat' dir='ltr'><strong>phorum</strong></span> <span class='ocrx_word' id='word_1_223' title='bbox 665 3710 877 3772; x_wconf 89' lang='lat' dir='ltr'><strong>opera,</strong></span> <span class='ocrx_word' id='word_1_224' title='bbox 923 3688 1233 3772; x_wconf 88' lang='lat' dir='ltr'><strong>supplicis</strong></span> <span class='ocrx_word' id='word_1_225' title='bbox 1278 3689 1579 3766; x_wconf 89' lang='lat' dir='ltr'><strong>hominis,</strong></span> <span class='ocrx_word' id='word_1_226' title='bbox 1638 3688 1906 3754; x_wconf 85' lang='lat' dir='ltr'><strong>demissi</strong></span> <span class='ocrx_word' id='word_1_227' title='bbox 1949 3709 2022 3754; x_wconf 81' lang='lat' dir='ltr'><strong>ac</strong></span> <span class='ocrx_word' id='word_1_228' title='bbox 2078 3688 2284 3755; x_wconf 88' lang='lat' dir='ltr'><strong>sordi-</strong></span> 
     </span>
     <span class='ocr_line' id='line_1_35' title="bbox 336 3774 2283 3857; baseline 0.001 -19"><span class='ocrx_word' id='word_1_229' title='bbox 336 3775 472 3839; x_wconf 90' lang='lat' dir='ltr'><strong>dati</strong></span> <span class='ocrx_word' id='word_1_230' title='bbox 531 3775 893 3841; x_wconf 87' lang='lat' dir='ltr'><strong>luctuosam</strong></span> <span class='ocrx_word' id='word_1_231' title='bbox 968 3774 1533 3857; x_wconf 87' lang='lat' dir='ltr'><strong>miserabilemque</strong></span> <span class='ocrx_word' id='word_1_232' title='bbox 1596 3774 2145 3857; x_wconf 83' lang='lat' dir='ltr'><strong>deprecationem,</strong></span> <span class='ocrx_word' id='word_1_233' title='bbox 2211 3777 2283 3840; x_wconf 90' lang='lat' dir='ltr'><strong>in</strong></span> 
     </span>
     <span class='ocr_line' id='line_1_36' title="bbox 334 3859 2285 3942; baseline -0.001 -16"><span class='ocrx_word' id='word_1_234' title='bbox 334 3883 467 3942; x_wconf 87' lang='lat' dir='ltr'><strong>qua</strong></span> <span class='ocrx_word' id='word_1_235' title='bbox 524 3859 684 3925; x_wconf 89' lang='lat' dir='ltr'><strong>illud</strong></span> <span class='ocrx_word' id='word_1_236' title='bbox 742 3871 915 3926; x_wconf 87' lang='lat' dir='ltr'><strong>esset</strong></span> <span class='ocrx_word' id='word_1_237' title='bbox 974 3859 1292 3926; x_wconf 88' lang='lat' dir='ltr'><strong>Ecebolii:</strong></span> <span class='ocrx_word' id='word_1_238' title='bbox 1354 3859 1750 3925; x_wconf 82' lang='lat' dir='ltr'><strong>Conculcate</strong></span> <span class='ocrx_word' id='word_1_239' title='bbox 1801 3881 1905 3923; x_wconf 92' lang='lat' dir='ltr'><strong>me</strong></span> <span class='ocrx_word' id='word_1_240' title='bbox 1949 3860 2151 3925; x_wconf 80' lang='lat' dir='ltr'><strong>salem</strong></span> <span class='ocrx_word' id='word_1_241' title='bbox 2189 3863 2285 3925; x_wconf 92' lang='lat' dir='ltr'><strong>in-</strong></span> 
     </span>
     <span class='ocr_line' id='line_1_37' title="bbox 332 3946 2285 4028; baseline -0.001 -15"><span class='ocrx_word' id='word_1_242' title='bbox 332 3948 610 4026; x_wconf 88' lang='lat' dir='ltr'><strong>sulsum,</strong></span> <span class='ocrx_word' id='word_1_243' title='bbox 670 3960 738 4010; x_wconf 91' lang='lat' dir='ltr'><strong>et</strong></span> <span class='ocrx_word' id='word_1_244' title='bbox 780 3946 905 4011; x_wconf 84' lang='lat' dir='ltr'><strong>alia</strong></span> <span class='ocrx_word' id='word_1_245' title='bbox 955 3947 1151 4012; x_wconf 90' lang='lat' dir='ltr'><strong>huius</strong></span> <span class='ocrx_word' id='word_1_246' title='bbox 1205 3946 1481 4028; x_wconf 90' lang='lat' dir='ltr'><strong>generis.</strong></span> <span class='ocrx_word' id='word_1_247' title='bbox 1565 3946 1733 4011; x_wconf 87' lang='lat' dir='ltr'><strong>Ecce</strong></span> <span class='ocrx_word' id='word_1_248' title='bbox 1798 3957 2016 4010; x_wconf 87' lang='lat' dir='ltr'><strong>autem</strong></span> <span class='ocrx_word' id='word_1_249' title='bbox 2060 3968 2285 4011; x_wconf 89' lang='lat' dir='ltr'><strong>rumor</strong></span> 
     </span>
     <span class='ocr_line' id='line_1_38' title="bbox 332 4031 2282 4115; baseline 0.001 -20"><span class='ocrx_word' id='word_1_250' title='bbox 332 4033 709 4115; x_wconf 89' lang='lat' dir='ltr'><strong>insperatus</strong></span> <span class='ocrx_word' id='word_1_251' title='bbox 754 4031 834 4096; x_wconf 90' lang='lat' dir='ltr'><strong>de</strong></span> <span class='ocrx_word' id='word_1_252' title='bbox 870 4032 1115 4098; x_wconf 85' lang='lat' dir='ltr'><strong>civium</strong></span> <span class='ocrx_word' id='word_1_253' title='bbox 1149 4034 1420 4096; x_wconf 90' lang='lat' dir='ltr'><strong>istorum</strong></span> <span class='ocrx_word' id='word_1_254' title='bbox 1465 4033 1534 4095; x_wconf 89' lang='lat' dir='ltr'><strong>in</strong></span> <span class='ocrx_word' id='word_1_255' title='bbox 1590 4032 1853 4096; x_wconf 90' lang='lat' dir='ltr'><strong>homine</strong></span> <span class='ocrx_word' id='word_1_256' title='bbox 1898 4033 2282 4113; x_wconf 86' lang='lat' dir='ltr'><strong>excipiendo</strong></span> 
     </span>
     <span class='ocr_line' id='line_1_39' title="bbox 331 4117 2283 4194; baseline 0.001 -13"><span class='ocrx_word' id='word_1_257' title='bbox 331 4117 747 4184; x_wconf 86' lang='lat' dir='ltr'><strong>humanitate</strong></span> <span class='ocrx_word' id='word_1_258' title='bbox 801 4118 1186 4194; x_wconf 89' lang='lat' dir='ltr'><strong>incredibili,</strong></span> <span class='ocrx_word' id='word_1_259' title='bbox 1249 4118 1435 4183; x_wconf 90' lang='lat' dir='ltr'><strong>cuius</strong></span> <span class='ocrx_word' id='word_1_260' title='bbox 1495 4117 1726 4181; x_wconf 85' lang='lat' dir='ltr'><strong>fiducia</strong></span> <span class='ocrx_word' id='word_1_261' title='bbox 1784 4118 1877 4182; x_wconf 89' lang='lat' dir='ltr'><strong>sic</strong></span> <span class='ocrx_word' id='word_1_262' title='bbox 1920 4118 2283 4184; x_wconf 85' lang='lat' dir='ltr'><strong>exsultaret</strong></span> 
     </span>
     <span class='ocr_line' id='line_1_40' title="bbox 332 4203 2279 4287; baseline -0.002 -19"><span class='ocrx_word' id='word_1_263' title='bbox 332 4216 407 4268; x_wconf 93' lang='lat' dir='ltr'><strong>ut</strong></span> <span class='ocrx_word' id='word_1_264' title='bbox 450 4207 562 4287; x_wconf 90' lang='lat' dir='ltr'><strong>qui</strong></span> <span class='ocrx_word' id='word_1_265' title='bbox 644 4225 816 4269; x_wconf 92' lang='lat' dir='ltr'><strong>unus</strong></span> <span class='ocrx_word' id='word_1_266' title='bbox 878 4204 1073 4268; x_wconf 90' lang='lat' dir='ltr'><strong>homo</strong></span> <span class='ocrx_word' id='word_1_267' title='bbox 1135 4204 1318 4268; x_wconf 91' lang='lat' dir='ltr'><strong>nobis</strong></span> <span class='ocrx_word' id='word_1_268' title='bbox 1362 4203 1727 4268; x_wconf 87' lang='lat' dir='ltr'><strong>cunctando</strong></span> <span class='ocrx_word' id='word_1_269' title='bbox 1773 4205 2064 4268; x_wconf 88' lang='lat' dir='ltr'><strong>restituit</strong></span> <span class='ocrx_word' id='word_1_270' title='bbox 2105 4223 2279 4270; x_wconf 90' lang='lat' dir='ltr'><strong>rem:</strong></span> 
     </span>
     <span class='ocr_line' id='line_1_41' title="bbox 330 4288 2281 4373; baseline 0.001 -20"><span class='ocrx_word' id='word_1_271' title='bbox 330 4291 606 4373; x_wconf 86' lang='lat' dir='ltr'><strong>perinde</strong></span> <span class='ocrx_word' id='word_1_272' title='bbox 651 4290 833 4371; x_wconf 88' lang='lat' dir='ltr'><strong>quasi</strong></span> <span class='ocrx_word' id='word_1_273' title='bbox 879 4290 1178 4355; x_wconf 85' lang='lat' dir='ltr'><strong>absentia</strong></span> <span class='ocrx_word' id='word_1_274' title='bbox 1219 4288 1334 4354; x_wconf 90' lang='lat' dir='ltr'><strong>illa</strong></span> <span class='ocrx_word' id='word_1_275' title='bbox 1391 4300 1489 4353; x_wconf 91' lang='lat' dir='ltr'><strong>tot</strong></span> <span class='ocrx_word' id='word_1_276' title='bbox 1539 4308 1880 4364; x_wconf 85' lang='lat' dir='ltr'><strong>annorum,</strong></span> <span class='ocrx_word' id='word_1_277' title='bbox 1942 4312 2088 4355; x_wconf 91' lang='lat' dir='ltr'><strong>cum</strong></span> <span class='ocrx_word' id='word_1_278' title='bbox 2135 4311 2281 4373; x_wconf 90' lang='lat' dir='ltr'><strong>pro-</strong></span> 
     </span>
     <span class='ocr_line' id='line_1_42' title="bbox 328 4373 2283 4453; baseline 0 -13"><span class='ocrx_word' id='word_1_279' title='bbox 328 4377 802 4441; x_wconf 87' lang='lat' dir='ltr'><strong>crastinatione</strong></span> <span class='ocrx_word' id='word_1_280' title='bbox 863 4387 931 4440; x_wconf 91' lang='lat' dir='ltr'><strong>et</strong></span> <span class='ocrx_word' id='word_1_281' title='bbox 991 4375 1299 4439; x_wconf 87' lang='lat' dir='ltr'><strong>tarditate</strong></span> <span class='ocrx_word' id='word_1_282' title='bbox 1371 4373 1743 4439; x_wconf 80' lang='lat' dir='ltr'><strong>revertendi</strong></span> <span class='ocrx_word' id='word_1_283' title='bbox 1801 4375 1881 4439; x_wconf 92' lang='lat' dir='ltr'><strong>ad</strong></span> <span class='ocrx_word' id='word_1_284' title='bbox 1941 4397 2110 4453; x_wconf 88' lang='lat' dir='ltr'><strong>suos,</strong></span> <span class='ocrx_word' id='word_1_285' title='bbox 2156 4376 2283 4440; x_wconf 76' lang='lat' dir='ltr'><strong>Fa-</strong></span> 
     </span>
     <span class='ocr_line' id='line_1_43' title="bbox 330 4460 2281 4545; baseline 0.002 -23"><span class='ocrx_word' id='word_1_286' title='bbox 330 4460 564 4526; x_wconf 73' lang='lat' dir='ltr'><strong>bianae</strong></span> <span class='ocrx_word' id='word_1_287' title='bbox 610 4463 1008 4527; x_wconf 79' lang='lat' dir='ltr'><strong>cunctationi</strong></span> <span class='ocrx_word' id='word_1_288' title='bbox 1053 4481 1171 4542; x_wconf 86' lang='lat' dir='ltr'><strong>par</strong></span> <span class='ocrx_word' id='word_1_289' title='bbox 1204 4471 1319 4525; x_wconf 89' lang='lat' dir='ltr'><strong>aut</strong></span> <span class='ocrx_word' id='word_1_290' title='bbox 1352 4461 1548 4526; x_wconf 87' lang='lat' dir='ltr'><strong>etiam</strong></span> <span class='ocrx_word' id='word_1_291' title='bbox 1594 4461 1798 4525; x_wconf 91' lang='lat' dir='ltr'><strong>maior</strong></span> <span class='ocrx_word' id='word_1_292' title='bbox 1842 4460 2281 4545; x_wconf 88' lang='lat' dir='ltr'><strong>gloriosorque</strong></span> 
     </span>
     <span class='ocr_line' id='line_1_44' title="bbox 327 4545 2281 4629; baseline 0.002 -19"><span class='ocrx_word' id='word_1_293' title='bbox 327 4547 631 4614; x_wconf 84' lang='lat' dir='ltr'><strong>habenda</strong></span> <span class='ocrx_word' id='word_1_294' title='bbox 673 4548 774 4613; x_wconf 90' lang='lat' dir='ltr'><strong>sit.</strong></span> <span class='ocrx_word' id='word_1_295' title='bbox 812 4545 1238 4629; x_wconf 81' lang='lat' dir='ltr'><strong>Subsequuta</strong></span> <span class='ocrx_word' id='word_1_296' title='bbox 1278 4556 1378 4612; x_wconf 90' lang='lat' dir='ltr'><strong>est</strong></span> <span class='ocrx_word' id='word_1_297' title='bbox 1411 4547 1616 4611; x_wconf 90' lang='lat' dir='ltr'><strong>oratio</strong></span> <span class='ocrx_word' id='word_1_298' title='bbox 1658 4548 2027 4613; x_wconf 87' lang='lat' dir='ltr'><strong>severitatis</strong></span> <span class='ocrx_word' id='word_1_299' title='bbox 2072 4549 2281 4614; x_wconf 88' lang='lat' dir='ltr'><strong>cuius-</strong></span> 
     </span>
     <span class='ocr_line' id='line_1_45' title="bbox 326 4631 2280 4708; baseline 0.002 -12"><span class='ocrx_word' id='word_1_300' title='bbox 326 4631 479 4698; x_wconf 90' lang='lat' dir='ltr'><strong>dam</strong></span> <span class='ocrx_word' id='word_1_301' title='bbox 524 4634 879 4708; x_wconf 79' lang='lat' dir='ltr'><strong>censoriae,</strong></span> <span class='ocrx_word' id='word_1_302' title='bbox 926 4631 1041 4698; x_wconf 88' lang='lat' dir='ltr'><strong>sed</strong></span> <span class='ocrx_word' id='word_1_303' title='bbox 1105 4632 1387 4697; x_wconf 83' lang='lat' dir='ltr'><strong>hominis</strong></span> <span class='ocrx_word' id='word_1_304' title='bbox 1456 4631 2016 4697; x_wconf 87' lang='lat' dir='ltr'><strong>animadversione</strong></span> <span class='ocrx_word' id='word_1_305' title='bbox 2060 4654 2280 4699; x_wconf 88' lang='lat' dir='ltr'><strong>censo-</strong></span> 
     </span>
     <span class='ocr_line' id='line_1_46' title="bbox 327 4717 2276 4804; baseline 0.001 -21"><span class='ocrx_word' id='word_1_306' title='bbox 327 4720 429 4784; x_wconf 88' lang='lat' dir='ltr'><strong>ria</strong></span> <span class='ocrx_word' id='word_1_307' title='bbox 472 4719 587 4804; x_wconf 92' lang='lat' dir='ltr'><strong>(ne</strong></span> <span class='ocrx_word' id='word_1_308' title='bbox 631 4718 786 4802; x_wconf 90' lang='lat' dir='ltr'><strong>quid</strong></span> <span class='ocrx_word' id='word_1_309' title='bbox 819 4719 1091 4803; x_wconf 83' lang='lat' dir='ltr'><strong>gravius</strong></span> <span class='ocrx_word' id='word_1_310' title='bbox 1127 4717 1364 4798; x_wconf 90' lang='lat' dir='ltr'><strong>dicam)</strong></span> <span class='ocrx_word' id='word_1_311' title='bbox 1401 4718 1785 4802; x_wconf 82' lang='lat' dir='ltr'><strong>dignissimi,</strong></span> <span class='ocrx_word' id='word_1_312' title='bbox 1823 4730 1900 4782; x_wconf 92' lang='lat' dir='ltr'><strong>ut</strong></span> <span class='ocrx_word' id='word_1_313' title='bbox 1944 4719 2109 4784; x_wconf 91' lang='lat' dir='ltr'><strong>nihil</strong></span> <span class='ocrx_word' id='word_1_314' title='bbox 2158 4742 2276 4784; x_wconf 89' lang='lat' dir='ltr'><strong>un-</strong></span> 
     </span>
    </p>
   </div>
   <div class='ocr_carea' id='block_1_6' title="bbox 322 4892 736 4905">
    <p class='ocr_par' dir='ltr' id='par_1_6' title="bbox 322 4892 736 4905">
     <span class='ocr_line' id='line_1_47' title="bbox 322 4892 736 4905; baseline 0 0"><span class='ocrx_word' id='word_1_315' title='bbox 322 4892 736 4905; x_wconf 95' lang='lat' dir='ltr'><strong> </strong></span> 
     </span>
    </p>
   </div>
   <div class='ocr_carea' id='block_1_7' title="bbox 324 4992 2280 5390">
    <p class='ocr_par' dir='ltr' id='par_1_7' title="bbox 324 4992 2280 5390">
     <span class='ocr_line' id='line_1_48' title="bbox 534 4992 2275 5061; baseline 0.002 -17"><span class='ocrx_word' id='word_1_316' title='bbox 534 4992 592 5058; x_wconf 80' lang='lat'><strong>2)</strong></span> <span class='ocrx_word' id='word_1_317' title='bbox 632 4992 774 5046; x_wconf 74' lang='lat' dir='ltr'><strong>Ecce</strong></span> <span class='ocrx_word' id='word_1_318' title='bbox 802 4993 991 5061; x_wconf 72' lang='lat' dir='ltr'><strong>prima</strong></span> <span class='ocrx_word' id='word_1_319' title='bbox 1026 4994 1222 5045; x_wconf 71' lang='lat' dir='ltr'><strong>mentio</strong></span> <span class='ocrx_word' id='word_1_320' title='bbox 1257 4992 1421 5045; x_wconf 75' lang='lat' dir='ltr'><strong>huius</strong></span> <span class='ocrx_word' id='word_1_321' title='bbox 1455 4992 1694 5046; x_wconf 67' lang='lat' dir='ltr'><strong>nominis</strong></span> <span class='ocrx_word' id='word_1_322' title='bbox 1727 4994 1788 5045; x_wconf 78' lang='lat' dir='ltr'><strong>in</strong></span> <span class='ocrx_word' id='word_1_323' title='bbox 1821 4992 1925 5047; x_wconf 73' lang='lat' dir='ltr'><strong>hac</strong></span> <span class='ocrx_word' id='word_1_324' title='bbox 1957 4993 2121 5059; x_wconf 74' lang='lat' dir='ltr'><strong>lonoa</strong></span> <span class='ocrx_word' id='word_1_325' title='bbox 2155 5009 2275 5047; x_wconf 73' lang='lat' dir='ltr'><strong>cum</strong></span> 
     </span>
     <span class='ocr_line' id='line_1_49' title="bbox 328 5059 2275 5131; baseline 0.002 -19"><span class='ocrx_word' id='word_1_326' title='bbox 328 5059 615 5114; x_wconf 72' lang='lat' dir='ltr'><strong>Baldm&#39;no</strong></span> <span class='ocrx_word' id='word_1_327' title='bbox 649 5062 1023 5115; x_wconf 67' lang='lat' dir='ltr'><strong>controversia</strong></span> <span class='ocrx_word' id='word_1_328' title='bbox 1060 5062 1280 5129; x_wconf 70' lang='lat' dir='ltr'><strong>saepius</strong></span> <span class='ocrx_word' id='word_1_329' title='bbox 1312 5062 1545 5130; x_wconf 72' lang='lat' dir='ltr'><strong>repetiti,</strong></span> <span class='ocrx_word' id='word_1_330' title='bbox 1577 5060 1724 5131; x_wconf 69' lang='lat' dir='ltr'><strong>quod</strong></span> <span class='ocrx_word' id='word_1_331' title='bbox 1757 5063 1992 5116; x_wconf 65' lang='lat' dir='ltr'><strong>maxime</strong></span> <span class='ocrx_word' id='word_1_332' title='bbox 2026 5061 2179 5118; x_wconf 67' lang='lat' dir='ltr'><strong>Besa</strong></span> <span class='ocrx_word' id='word_1_333' title='bbox 2214 5064 2275 5116; x_wconf 73' lang='lat' dir='ltr'><strong>in</strong></span> 
     </span>
     <span class='ocr_line' id='line_1_50' title="bbox 325 5130 2275 5197; baseline 0.002 -14"><span class='ocrx_word' id='word_1_334' title='bbox 325 5130 533 5184; x_wconf 70' lang='lat' dir='ltr'><strong>delitiis</strong></span> <span class='ocrx_word' id='word_1_335' title='bbox 567 5130 824 5185; x_wconf 74' lang='lat' dir='ltr'><strong>habuisse</strong></span> <span class='ocrx_word' id='word_1_336' title='bbox 855 5130 1086 5192; x_wconf 74' lang='lat' dir='ltr'><strong>videtur,</strong></span> <span class='ocrx_word' id='word_1_337' title='bbox 1133 5131 1202 5184; x_wconf 85' lang='lat' dir='ltr'><strong>ab</strong></span> <span class='ocrx_word' id='word_1_338' title='bbox 1250 5130 1361 5184; x_wconf 76' lang='lat' dir='ltr'><strong>alio</strong></span> <span class='ocrx_word' id='word_1_339' title='bbox 1406 5130 1519 5184; x_wconf 68' lang='lat' dir='ltr'><strong>scil.</strong></span> <span class='ocrx_word' id='word_1_340' title='bbox 1554 5136 1823 5197; x_wconf 74' lang='lat' dir='ltr'><strong>repertum</strong></span> <span class='ocrx_word' id='word_1_341' title='bbox 1869 5131 1964 5184; x_wconf 77' lang='lat' dir='ltr'><strong>sed</strong></span> <span class='ocrx_word' id='word_1_342' title='bbox 1998 5132 2104 5185; x_wconf 72' lang='lat' dir='ltr'><strong>cibi</strong></span> <span class='ocrx_word' id='word_1_343' title='bbox 2136 5147 2275 5186; x_wconf 79' lang='lat' dir='ltr'><strong>com·</strong></span> 
     </span>
     <span class='ocr_line' id='line_1_51' title="bbox 326 5198 2278 5321; baseline 0.003 -73"><span class='ocrx_word' id='word_1_344' title='bbox 326 5198 717 5253; x_wconf 71' lang='lat' dir='ltr'><strong>modissimum.</strong></span> <span class='ocrx_word' id='word_1_345' title='bbox 802 5199 934 5253; x_wconf 75' lang='lat' dir='ltr'><strong><em>Vide</em></strong></span> <span class='ocrx_word' id='word_1_346' title='bbox 990 5198 1238 5321; x_wconf 57' lang='lat' dir='ltr'><strong>Prolquq.</strong></span> <span class='ocrx_word' id='word_1_347' title='bbox 1295 5205 1488 5253; x_wconf 76' lang='lat' dir='ltr'><strong>nostra</strong></span> <span class='ocrx_word' id='word_1_348' title='bbox 1550 5198 1695 5254; x_wconf 81' lang='lat' dir='ltr'><strong>Tam.</strong></span> <span class='ocrx_word' id='word_1_349' title='bbox 1732 5198 1843 5253; x_wconf 84' lang='lat' dir='ltr'><strong>IX.</strong></span> <span class='ocrx_word' id='word_1_350' title='bbox 1898 5215 1991 5268; x_wconf 71' lang='lat' dir='ltr'><strong>pq.</strong></span> <span class='ocrx_word' id='word_1_351' title='bbox 2039 5201 2181 5266; x_wconf 62' lang='lat' dir='ltr'><strong>xlvii</strong></span> <span class='ocrx_word' id='word_1_352' title='bbox 2228 5204 2278 5253; x_wconf 80' lang='lat' dir='ltr'><strong>et</strong></span> 
     </span>
     <span class='ocr_line' id='line_1_52' title="bbox 324 5264 2280 5390; baseline 0.001 -69"><span class='ocrx_word' id='word_1_353' title='bbox 324 5264 488 5389; x_wconf 53' lang='grc' dir='ltr'><strong>ἐεῗίᾰ,</strong></span> <span class='ocrx_word' id='word_1_354' title='bbox 526 5266 722 5390; x_wconf 56' lang='lat' dir='ltr'><strong>engp.</strong></span> <span class='ocrx_word' id='word_1_355' title='bbox 746 5266 978 5336; x_wconf 60' lang='lat' dir='ltr'><strong>[Besae]</strong></span> <span class='ocrx_word' id='word_1_356' title='bbox 1016 5269 1093 5321; x_wconf 84' lang='lat' dir='ltr'><strong>ad</strong></span> <span class='ocrx_word' id='word_1_357' title='bbox 1175 5267 1285 5321; x_wconf 82' lang='lat' dir='ltr'><strong>ald.</strong></span> <span class='ocrx_word' id='word_1_358' title='bbox 1321 5267 1387 5320; x_wconf 82' lang='lat' dir='ltr'><strong>dc</strong></span> <span class='ocrx_word' id='word_1_359' title='bbox 1420 5269 1602 5333; x_wconf 73' lang='lat' dir='ltr'><strong>officio</strong></span> <span class='ocrx_word' id='word_1_360' title='bbox 1634 5266 1919 5322; x_wconf 72' lang='lat' dir='ltr'><strong>retinendo</strong></span> <span class='ocrx_word' id='word_1_361' title='bbox 1954 5269 2035 5322; x_wconf 80' lang='lat' dir='ltr'><strong>ed.</strong></span> <span class='ocrx_word' id='word_1_362' title='bbox 2061 5267 2280 5322; x_wconf 62' lang='lat' dir='ltr'><strong>Calvisii</strong></span> 
     </span>
    </p>
   </div>
   <div class='ocr_carea' id='block_1_8' title="bbox 547 5420 1344 5490">
    <p class='ocr_par' dir='ltr' id='par_1_8' title="bbox 547 5420 1344 5490">
     <span class='ocr_line' id='line_1_53' title="bbox 547 5420 1344 5490; baseline 0 -16"><span class='ocrx_word' id='word_1_363' title='bbox 547 5421 767 5476; x_wconf 53' lang='lat' dir='ltr'><strong>chama·</strong></span> <span class='ocrx_word' id='word_1_364' title='bbox 794 5437 977 5490; x_wconf 63' lang='lat' dir='ltr'><strong>opem.</strong></span> <span class='ocrx_word' id='word_1_365' title='bbox 1053 5421 1173 5477; x_wconf 66' lang='lat'><strong>1⁷01.</strong></span> <span class='ocrx_word' id='word_1_366' title='bbox 1214 5420 1344 5476; x_wconf 70' lang='lat' dir='ltr'><strong>xv.</strong></span> 
     </span>
    </p>
   </div>
   <div class='ocr_carea' id='block_1_9' title="bbox 2136 412 2525 481">
    <p class='ocr_par' dir='ltr' id='par_1_9' title="bbox 2136 412 2525 481">
     <span class='ocr_line' id='line_1_54' title="bbox 2136 412 2525 481; baseline 0.01 -6"><span class='ocrx_word' id='word_1_367' title='bbox 2136 416 2296 476; x_wconf 84' lang='lat'>1555</span> <span class='ocrx_word' id='word_1_368' title='bbox 2340 412 2525 481; x_wconf 85' lang='lat' dir='ltr'><strong>IUL.</strong></span> 
     </span>
    </p>
   </div>
   <div class='ocr_carea' id='block_1_10' title="bbox 2330 648 2344 5400">
    <p class='ocr_par' dir='ltr' id='par_1_10' title="bbox 2330 648 2344 5400">
     <span class='ocr_line' id='line_1_55' title="bbox 2330 648 2344 5400; baseline 0 0"><span class='ocrx_word' id='word_1_369' title='bbox 2330 648 2344 5400; x_wconf 95' lang='lat' dir='ltr'><strong> </strong></span> 
     </span>
    </p>
   </div>
   <div class='ocr_carea' id='block_1_11' title="bbox 4212 422 4338 489">
    <p class='ocr_par' dir='ltr' id='par_1_11' title="bbox 4212 422 4338 489">
     <span class='ocr_line' id='line_1_56' title="bbox 4212 422 4338 489; baseline 0.048 -7"><span class='ocrx_word' id='word_1_370' title='bbox 4212 422 4338 489; x_wconf 75' lang='lat'><strong>674</strong></span> 
     </span>
    </p>
   </div>
   <div class='ocr_carea' id='block_1_12' title="bbox 2380 601 4343 4888">
    <p class='ocr_par' dir='ltr' id='par_1_12' title="bbox 2382 601 4342 2726">
     <span class='ocr_line' id='line_1_57' title="bbox 2386 601 4340 689; baseline 0.003 -23"><span class='ocrx_word' id='word_1_371' title='bbox 2386 621 2583 684; x_wconf 86' lang='lat' dir='ltr'><strong>quam</strong></span> <span class='ocrx_word' id='word_1_372' title='bbox 2648 601 3095 684; x_wconf 87' lang='lat' dir='ltr'><strong>impudentius</strong></span> <span class='ocrx_word' id='word_1_373' title='bbox 3162 623 3245 668; x_wconf 90' lang='lat' dir='ltr'><strong>ne</strong></span> <span class='ocrx_word' id='word_1_374' title='bbox 3309 604 3473 687; x_wconf 87' lang='lat' dir='ltr'><strong>fingi</strong></span> <span class='ocrx_word' id='word_1_375' title='bbox 3536 604 3793 686; x_wconf 90' lang='lat' dir='ltr'><strong>quidem</strong></span> <span class='ocrx_word' id='word_1_376' title='bbox 3870 606 4090 689; x_wconf 90' lang='lat' dir='ltr'><strong>possit.</strong></span> <span class='ocrx_word' id='word_1_377' title='bbox 4199 606 4340 673; x_wconf 87' lang='lat' dir='ltr'><strong>Nec</strong></span> 
     </span>
     <span class='ocr_line' id='line_1_58' title="bbox 2386 690 4340 772; baseline 0.003 -19"><span class='ocrx_word' id='word_1_378' title='bbox 2386 690 2570 770; x_wconf 88' lang='lat' dir='ltr'><strong>potui</strong></span> <span class='ocrx_word' id='word_1_379' title='bbox 2613 707 2746 751; x_wconf 90' lang='lat' dir='ltr'><strong>non</strong></span> <span class='ocrx_word' id='word_1_380' title='bbox 2802 709 3211 770; x_wconf 89' lang='lat' dir='ltr'><strong>summopere</strong></span> <span class='ocrx_word' id='word_1_381' title='bbox 3265 690 3484 772; x_wconf 89' lang='lat' dir='ltr'><strong>gentis</strong></span> <span class='ocrx_word' id='word_1_382' title='bbox 3543 691 3876 755; x_wconf 87' lang='lat' dir='ltr'><strong>lenitatem</strong></span> <span class='ocrx_word' id='word_1_383' title='bbox 3916 714 3991 757; x_wconf 87' lang='lat' dir='ltr'><strong>ac</strong></span> <span class='ocrx_word' id='word_1_384' title='bbox 4036 713 4340 758; x_wconf 89' lang='lat' dir='ltr'><strong>mansue-</strong></span> 
     </span>
     <span class='ocr_line' id='line_1_59' title="bbox 2386 771 4338 862; baseline 0.003 -26"><span class='ocrx_word' id='word_1_385' title='bbox 2386 771 2682 839; x_wconf 89' lang='lat' dir='ltr'><strong>tudinem</strong></span> <span class='ocrx_word' id='word_1_386' title='bbox 2719 772 3046 851; x_wconf 87' lang='lat' dir='ltr'><strong>admirari,</strong></span> <span class='ocrx_word' id='word_1_387' title='bbox 3084 795 3279 857; x_wconf 86' lang='lat' dir='ltr'><strong>quam</strong></span> <span class='ocrx_word' id='word_1_388' title='bbox 3314 797 3354 838; x_wconf 88' lang='lat' dir='ltr'><strong>a</strong></span> <span class='ocrx_word' id='word_1_389' title='bbox 3375 774 3436 838; x_wconf 88' lang='lat' dir='ltr'>N</span> <span class='ocrx_word' id='word_1_390' title='bbox 3439 777 3890 841; x_wconf 85' lang='lat' dir='ltr'><strong>ovatianorum</strong></span> <span class='ocrx_word' id='word_1_391' title='bbox 3927 787 4106 843; x_wconf 90' lang='lat' dir='ltr'><strong>secta</strong></span> <span class='ocrx_word' id='word_1_392' title='bbox 4140 796 4338 862; x_wconf 87' lang='lat' dir='ltr'><strong>quam</strong></span> 
     </span>
     <span class='ocr_line' id='line_1_60' title="bbox 2388 859 4338 945; baseline 0.003 -22"><span class='ocrx_word' id='word_1_393' title='bbox 2388 859 2855 924; x_wconf 87' lang='lat' dir='ltr'><strong>alienissimam</strong></span> <span class='ocrx_word' id='word_1_394' title='bbox 2901 880 3042 924; x_wconf 88' lang='lat' dir='ltr'><strong>esse</strong></span> <span class='ocrx_word' id='word_1_395' title='bbox 3086 859 3193 924; x_wconf 85' lang='lat' dir='ltr'><strong>vel</strong></span> <span class='ocrx_word' id='word_1_396' title='bbox 3238 859 3360 925; x_wconf 87' lang='lat' dir='ltr'><strong>hac</strong></span> <span class='ocrx_word' id='word_1_397' title='bbox 3421 882 3492 924; x_wconf 91' lang='lat' dir='ltr'><strong>re</strong></span> <span class='ocrx_word' id='word_1_398' title='bbox 3537 884 3670 925; x_wconf 88' lang='lat' dir='ltr'><strong>una</strong></span> <span class='ocrx_word' id='word_1_399' title='bbox 3727 863 3887 927; x_wconf 82' lang='lat' dir='ltr'><strong>satis</strong></span> <span class='ocrx_word' id='word_1_400' title='bbox 3930 865 4338 945; x_wconf 86' lang='lat' dir='ltr'><strong>perspexisse</strong></span> 
     </span>
     <span class='ocr_line' id='line_1_61' title="bbox 2388 942 4338 1021; baseline 0.003 -13"><span class='ocrx_word' id='word_1_401' title='bbox 2388 945 2552 1009; x_wconf 89' lang='lat' dir='ltr'><strong>mihi</strong></span> <span class='ocrx_word' id='word_1_402' title='bbox 2597 942 2841 1008; x_wconf 80' lang='lat' dir='ltr'><strong>videor.</strong></span> <span class='ocrx_word' id='word_1_403' title='bbox 2914 944 3047 1010; x_wconf 80' lang='lat' dir='ltr'><strong>Sed</strong></span> <span class='ocrx_word' id='word_1_404' title='bbox 3093 955 3161 1010; x_wconf 90' lang='lat' dir='ltr'><strong>et</strong></span> <span class='ocrx_word' id='word_1_405' title='bbox 3218 945 3376 1009; x_wconf 91' lang='lat' dir='ltr'><strong>illud</strong></span> <span class='ocrx_word' id='word_1_406' title='bbox 3439 948 3739 1021; x_wconf 90' lang='lat' dir='ltr'><strong>demiror,</strong></span> <span class='ocrx_word' id='word_1_407' title='bbox 3789 957 4042 1013; x_wconf 79' lang='lat' dir='ltr'><strong>tautam</strong></span> <span class='ocrx_word' id='word_1_408' title='bbox 4087 948 4338 1014; x_wconf 81' lang='lat' dir='ltr'><strong>calum·</strong></span> 
     </span>
     <span class='ocr_line' id='line_1_62' title="bbox 2384 1030 4339 1099; baseline 0.002 -4"><span class='ocrx_word' id='word_1_409' title='bbox 2384 1030 2614 1095; x_wconf 90' lang='lat' dir='ltr'><strong>niandi</strong></span> <span class='ocrx_word' id='word_1_410' title='bbox 2675 1030 3006 1094; x_wconf 89' lang='lat' dir='ltr'><strong>licentiam</strong></span> <span class='ocrx_word' id='word_1_411' title='bbox 3068 1033 3127 1095; x_wconf 90' lang='lat' dir='ltr'><strong>ei</strong></span> <span class='ocrx_word' id='word_1_412' title='bbox 3173 1030 3388 1095; x_wconf 82' lang='lat' dir='ltr'><strong>datam</strong></span> <span class='ocrx_word' id='word_1_413' title='bbox 3435 1053 3580 1096; x_wconf 89' lang='lat' dir='ltr'><strong>esse</strong></span> <span class='ocrx_word' id='word_1_414' title='bbox 3622 1035 3689 1096; x_wconf 92' lang='lat' dir='ltr'><strong>in</strong></span> <span class='ocrx_word' id='word_1_415' title='bbox 3726 1034 3839 1097; x_wconf 90' lang='lat' dir='ltr'><strong>tali</strong></span> <span class='ocrx_word' id='word_1_416' title='bbox 3886 1034 4048 1099; x_wconf 90' lang='lat' dir='ltr'><strong>urbe</strong></span> <span class='ocrx_word' id='word_1_417' title='bbox 4089 1043 4155 1098; x_wconf 91' lang='lat' dir='ltr'><strong>et</strong></span> <span class='ocrx_word' id='word_1_418' title='bbox 4187 1055 4339 1099; x_wconf 89' lang='lat' dir='ltr'><strong>con-</strong></span> 
     </span>
     <span class='ocr_line' id='line_1_63' title="bbox 2386 1116 4337 1202; baseline 0.003 -22"><span class='ocrx_word' id='word_1_419' title='bbox 2386 1129 2609 1194; x_wconf 86' lang='lat' dir='ltr'><strong>ventu,</strong></span> <span class='ocrx_word' id='word_1_420' title='bbox 2655 1125 2973 1197; x_wconf 87' lang='lat' dir='ltr'><strong>quantam</strong></span> <span class='ocrx_word' id='word_1_421' title='bbox 3011 1139 3127 1182; x_wconf 92' lang='lat' dir='ltr'><strong>nos</strong></span> <span class='ocrx_word' id='word_1_422' title='bbox 3168 1116 3240 1179; x_wconf 89' lang='lat' dir='ltr'><strong>in</strong></span> <span class='ocrx_word' id='word_1_423' title='bbox 3285 1117 3412 1182; x_wconf 89' lang='lat' dir='ltr'><strong>ista</strong></span> <span class='ocrx_word' id='word_1_424' title='bbox 3454 1119 3748 1185; x_wconf 88' lang='lat' dir='ltr'><strong>oratione</strong></span> <span class='ocrx_word' id='word_1_425' title='bbox 3768 1118 4337 1202; x_wconf 87' lang='lat' dir='ltr'><strong>deprehendimus.</strong></span> 
     </span>
     <span class='ocr_line' id='line_1_64' title="bbox 2387 1203 4336 1287; baseline 0.003 -21"><span class='ocrx_word' id='word_1_426' title='bbox 2387 1203 2477 1266; x_wconf 84' lang='lat' dir='ltr'><strong>Et</strong></span> <span class='ocrx_word' id='word_1_427' title='bbox 2519 1203 2731 1284; x_wconf 88' lang='lat' dir='ltr'><strong>magis</strong></span> <span class='ocrx_word' id='word_1_428' title='bbox 2797 1205 3081 1283; x_wconf 87' lang='lat' dir='ltr'><strong>profecto</strong></span> <span class='ocrx_word' id='word_1_429' title='bbox 3149 1203 3439 1280; x_wconf 88' lang='lat' dir='ltr'><strong>mirarer,</strong></span> <span class='ocrx_word' id='word_1_430' title='bbox 3501 1203 3626 1268; x_wconf 87' lang='lat' dir='ltr'><strong>nisi</strong></span> <span class='ocrx_word' id='word_1_431' title='bbox 3670 1206 3953 1287; x_wconf 89' lang='lat' dir='ltr'><strong>suspicio</strong></span> <span class='ocrx_word' id='word_1_432' title='bbox 3998 1218 4188 1281; x_wconf 88' lang='lat' dir='ltr'><strong>esset,</strong></span> <span class='ocrx_word' id='word_1_433' title='bbox 4225 1226 4336 1271; x_wconf 91' lang='lat' dir='ltr'><strong>eos</strong></span> 
     </span>
     <span class='ocr_line' id='line_1_65' title="bbox 2386 1286 4340 1371; baseline 0.003 -20"><span class='ocrx_word' id='word_1_434' title='bbox 2386 1287 2714 1352; x_wconf 84' lang='lat' dir='ltr'><strong>vafritiem</strong></span> <span class='ocrx_word' id='word_1_435' title='bbox 2782 1286 3067 1352; x_wconf 89' lang='lat' dir='ltr'><strong>hominis</strong></span> <span class='ocrx_word' id='word_1_436' title='bbox 3132 1308 3207 1352; x_wconf 88' lang='lat' dir='ltr'><strong>ac</strong></span> <span class='ocrx_word' id='word_1_437' title='bbox 3269 1289 3688 1371; x_wconf 87' lang='lat' dir='ltr'><strong>flexiloquum</strong></span> <span class='ocrx_word' id='word_1_438' title='bbox 3750 1311 4114 1355; x_wconf 89' lang='lat' dir='ltr'><strong>sermonem</strong></span> <span class='ocrx_word' id='word_1_439' title='bbox 4163 1291 4340 1356; x_wconf 83' lang='lat' dir='ltr'><strong>haud</strong></span> 
     </span>
     <span class='ocr_line' id='line_1_66' title="bbox 2386 1374 4340 1456; baseline 0.001 -18"><span class='ocrx_word' id='word_1_440' title='bbox 2386 1374 2546 1438; x_wconf 85' lang='lat' dir='ltr'><strong>satis</strong></span> <span class='ocrx_word' id='word_1_441' title='bbox 2610 1374 2992 1456; x_wconf 86' lang='lat' dir='ltr'><strong>percepisse,</strong></span> <span class='ocrx_word' id='word_1_442' title='bbox 3072 1395 3264 1455; x_wconf 88' lang='lat' dir='ltr'><strong>quem</strong></span> <span class='ocrx_word' id='word_1_443' title='bbox 3331 1382 3555 1438; x_wconf 89' lang='lat' dir='ltr'><strong>tamen</strong></span> <span class='ocrx_word' id='word_1_444' title='bbox 3621 1375 3936 1440; x_wconf 89' lang='lat' dir='ltr'><strong>admoniti</strong></span> <span class='ocrx_word' id='word_1_445' title='bbox 3999 1377 4204 1454; x_wconf 89' lang='lat' dir='ltr'><strong>facile,</strong></span> <span class='ocrx_word' id='word_1_446' title='bbox 4261 1386 4340 1441; x_wconf 92' lang='lat' dir='ltr'><strong>ut</strong></span> 
     </span>
     <span class='ocr_line' id='line_1_67' title="bbox 2386 1459 4340 1541; baseline 0.003 -19"><span class='ocrx_word' id='word_1_447' title='bbox 2386 1480 2594 1541; x_wconf 89' lang='lat' dir='ltr'><strong>spor0,</strong></span> <span class='ocrx_word' id='word_1_448' title='bbox 2631 1459 3046 1541; x_wconf 91' lang='lat' dir='ltr'><strong>assequuturi</strong></span> <span class='ocrx_word' id='word_1_449' title='bbox 3079 1470 3252 1527; x_wconf 90' lang='lat' dir='ltr'><strong>sunt.</strong></span> <span class='ocrx_word' id='word_1_450' title='bbox 3320 1460 3575 1524; x_wconf 59' lang='lat' dir='ltr'><strong>⁴&amp;citum</strong></span> <span class='ocrx_word' id='word_1_451' title='bbox 3614 1472 3714 1524; x_wconf 88' lang='lat' dir='ltr'><strong>est</strong></span> <span class='ocrx_word' id='word_1_452' title='bbox 3745 1461 3908 1526; x_wconf 92' lang='lat' dir='ltr'><strong>illud</strong></span> <span class='ocrx_word' id='word_1_453' title='bbox 3947 1461 4340 1528; x_wconf 80' lang='lat' dir='ltr'><strong>Simonidis:</strong></span> 
     </span>
     <span class='ocr_line' id='line_1_68' title="bbox 2386 1544 4337 1630; baseline 0.003 -21"><span class='ocrx_word' id='word_1_454' title='bbox 2386 1544 2533 1609; x_wconf 91' lang='lat' dir='ltr'><strong>Non</strong></span> <span class='ocrx_word' id='word_1_455' title='bbox 2574 1544 2832 1610; x_wconf 87' lang='lat' dir='ltr'><strong>desines</strong></span> <span class='ocrx_word' id='word_1_456' title='bbox 2879 1565 2981 1608; x_wconf 90' lang='lat' dir='ltr'><strong>me</strong></span> <span class='ocrx_word' id='word_1_457' title='bbox 3004 1546 3270 1610; x_wconf 88' lang='lat' dir='ltr'><strong>auribus</strong></span> <span class='ocrx_word' id='word_1_458' title='bbox 3292 1546 3701 1624; x_wconf 81' lang='lat' dir='ltr'><strong>calumniari,</strong></span> <span class='ocrx_word' id='word_1_459' title='bbox 3748 1568 3951 1630; x_wconf 89' lang='lat' dir='ltr'><strong>quum</strong></span> <span class='ocrx_word' id='word_1_460' title='bbox 3988 1549 4337 1614; x_wconf 89' lang='lat' dir='ltr'><strong>ostendere</strong></span> 
     </span>
     <span class='ocr_line' id='line_1_69' title="bbox 2387 1630 4340 1717; baseline 0.003 -24"><span class='ocrx_word' id='word_1_461' title='bbox 2387 1630 2604 1707; x_wconf 87' lang='lat' dir='ltr'><strong>vellet,</strong></span> <span class='ocrx_word' id='word_1_462' title='bbox 2642 1651 2750 1696; x_wconf 89' lang='lat' dir='ltr'><strong>eos</strong></span> <span class='ocrx_word' id='word_1_463' title='bbox 2794 1651 3047 1713; x_wconf 90' lang='lat' dir='ltr'><strong>quoque</strong></span> <span class='ocrx_word' id='word_1_464' title='bbox 3091 1631 3598 1698; x_wconf 87' lang='lat' dir='ltr'><strong>calumniatores</strong></span> <span class='ocrx_word' id='word_1_465' title='bbox 3642 1632 3973 1698; x_wconf 90' lang='lat' dir='ltr'><strong>habendos</strong></span> <span class='ocrx_word' id='word_1_466' title='bbox 4017 1655 4157 1700; x_wconf 90' lang='lat' dir='ltr'><strong>esse</strong></span> <span class='ocrx_word' id='word_1_467' title='bbox 4224 1635 4340 1717; x_wconf 89' lang='lat' dir='ltr'><strong>qui</strong></span> 
     </span>
     <span class='ocr_line' id='line_1_70' title="bbox 2386 1716 4338 1800; baseline 0.002 -19"><span class='ocrx_word' id='word_1_468' title='bbox 2386 1737 2580 1781; x_wconf 89' lang='lat' dir='ltr'><strong>aures</strong></span> <span class='ocrx_word' id='word_1_469' title='bbox 2635 1716 3216 1782; x_wconf 89' lang='lat' dir='ltr'><strong>calumniatoribus</strong></span> <span class='ocrx_word' id='word_1_470' title='bbox 3281 1717 3506 1782; x_wconf 86' lang='lat' dir='ltr'><strong>faciles</strong></span> <span class='ocrx_word' id='word_1_471' title='bbox 3570 1719 3973 1800; x_wconf 89' lang='lat' dir='ltr'><strong>praeberent.</strong></span> <span class='ocrx_word' id='word_1_472' title='bbox 4063 1718 4196 1785; x_wconf 75' lang='lat' dir='ltr'><strong>Sed</strong></span> <span class='ocrx_word' id='word_1_473' title='bbox 4264 1729 4338 1784; x_wconf 91' lang='lat' dir='ltr'><strong>ut</strong></span> 
     </span>
     <span class='ocr_line' id='line_1_71' title="bbox 2387 1801 4338 1882; baseline 0.002 -16"><span class='ocrx_word' id='word_1_474' title='bbox 2387 1802 2563 1867; x_wconf 81' lang='lat' dir='ltr'><strong>viros</strong></span> <span class='ocrx_word' id='word_1_475' title='bbox 2621 1801 2823 1866; x_wconf 91' lang='lat' dir='ltr'><strong>bonos</strong></span> <span class='ocrx_word' id='word_1_476' title='bbox 2873 1803 3086 1867; x_wconf 85' lang='lat' dir='ltr'><strong>notari</strong></span> <span class='ocrx_word' id='word_1_477' title='bbox 3151 1802 3273 1867; x_wconf 91' lang='lat' dir='ltr'><strong>hoc</strong></span> <span class='ocrx_word' id='word_1_478' title='bbox 3331 1804 3603 1868; x_wconf 88' lang='lat' dir='ltr'><strong>crimine</strong></span> <span class='ocrx_word' id='word_1_479' title='bbox 3663 1805 3880 1882; x_wconf 87' lang='lat' dir='ltr'><strong>nolim,</strong></span> <span class='ocrx_word' id='word_1_480' title='bbox 3927 1806 4020 1869; x_wconf 88' lang='lat' dir='ltr'><strong>ita</strong></span> <span class='ocrx_word' id='word_1_481' title='bbox 4061 1826 4194 1869; x_wconf 89' lang='lat' dir='ltr'><strong>non</strong></span> <span class='ocrx_word' id='word_1_482' title='bbox 4237 1807 4338 1870; x_wconf 89' lang='lat' dir='ltr'><strong>in-</strong></span> 
     </span>
     <span class='ocr_line' id='line_1_72' title="bbox 2383 1887 4338 1956; baseline 0.001 -3"><span class='ocrx_word' id='word_1_483' title='bbox 2383 1889 2562 1954; x_wconf 89' lang='lat' dir='ltr'><strong>fitior</strong></span> <span class='ocrx_word' id='word_1_484' title='bbox 2603 1887 2985 1953; x_wconf 90' lang='lat' dir='ltr'><strong>nonnullam</strong></span> <span class='ocrx_word' id='word_1_485' title='bbox 3029 1909 3111 1952; x_wconf 86' lang='lat' dir='ltr'><strong>ex</strong></span> <span class='ocrx_word' id='word_1_486' title='bbox 3147 1909 3226 1952; x_wconf 91' lang='lat' dir='ltr'><strong>ea</strong></span> <span class='ocrx_word' id='word_1_487' title='bbox 3267 1908 3342 1952; x_wconf 88' lang='lat' dir='ltr'><strong>re</strong></span> <span class='ocrx_word' id='word_1_488' title='bbox 3383 1889 3548 1953; x_wconf 89' lang='lat' dir='ltr'><strong>mihi</strong></span> <span class='ocrx_word' id='word_1_489' title='bbox 3594 1890 3856 1954; x_wconf 88' lang='lat' dir='ltr'><strong>allatam</strong></span> <span class='ocrx_word' id='word_1_490' title='bbox 3899 1912 4042 1956; x_wconf 90' lang='lat' dir='ltr'><strong>esse</strong></span> <span class='ocrx_word' id='word_1_491' title='bbox 4086 1890 4338 1956; x_wconf 89' lang='lat' dir='ltr'><strong>dubita-</strong></span> 
     </span>
     <span class='ocr_line' id='line_1_73' title="bbox 2386 1973 4340 2055; baseline 0.002 -18"><span class='ocrx_word' id='word_1_492' title='bbox 2386 1976 2651 2051; x_wconf 90' lang='lat' dir='ltr'><strong>tionem,</strong></span> <span class='ocrx_word' id='word_1_493' title='bbox 2689 1994 2853 2055; x_wconf 88' lang='lat' dir='ltr'><strong>quae</strong></span> <span class='ocrx_word' id='word_1_494' title='bbox 2896 1974 3190 2038; x_wconf 90' lang='lat' dir='ltr'><strong>nondum</strong></span> <span class='ocrx_word' id='word_1_495' title='bbox 3249 1973 3442 2055; x_wconf 91' lang='lat' dir='ltr'><strong>plane</strong></span> <span class='ocrx_word' id='word_1_496' title='bbox 3499 1974 3756 2040; x_wconf 88' lang='lat' dir='ltr'><strong>sublata</strong></span> <span class='ocrx_word' id='word_1_497' title='bbox 3808 1978 3907 2041; x_wconf 91' lang='lat' dir='ltr'><strong>sit.</strong></span> <span class='ocrx_word' id='word_1_498' title='bbox 3999 1978 4098 2041; x_wconf 85' lang='lat' dir='ltr'><strong>Ac</strong></span> <span class='ocrx_word' id='word_1_499' title='bbox 4142 1986 4219 2041; x_wconf 91' lang='lat' dir='ltr'><strong>ut</strong></span> <span class='ocrx_word' id='word_1_500' title='bbox 4263 1977 4340 2040; x_wconf 92' lang='lat' dir='ltr'><strong>li-</strong></span> 
     </span>
     <span class='ocr_line' id='line_1_74' title="bbox 2387 2058 4340 2143; baseline 0.001 -19"><span class='ocrx_word' id='word_1_501' title='bbox 2387 2060 2540 2124; x_wconf 89' lang='lat' dir='ltr'><strong>bere</strong></span> <span class='ocrx_word' id='word_1_502' title='bbox 2597 2058 2823 2142; x_wconf 91' lang='lat' dir='ltr'><strong>loquar</strong></span> <span class='ocrx_word' id='word_1_503' title='bbox 2876 2059 3046 2143; x_wconf 91' lang='lat' dir='ltr'><strong>apud</strong></span> <span class='ocrx_word' id='word_1_504' title='bbox 3106 2068 3170 2124; x_wconf 90' lang='lat' dir='ltr'><strong>te</strong></span> <span class='ocrx_word' id='word_1_505' title='bbox 3213 2070 3280 2124; x_wconf 90' lang='lat' dir='ltr'><strong>et</strong></span> <span class='ocrx_word' id='word_1_506' title='bbox 3333 2061 3475 2125; x_wconf 91' lang='lat' dir='ltr'><strong>sine</strong></span> <span class='ocrx_word' id='word_1_507' title='bbox 3528 2060 4070 2139; x_wconf 89' lang='lat' dir='ltr'><strong>dissimulatione,</strong></span> <span class='ocrx_word' id='word_1_508' title='bbox 4130 2063 4340 2128; x_wconf 87' lang='lat' dir='ltr'><strong>consi-</strong></span> 
     </span>
     <span class='ocr_line' id='line_1_75' title="bbox 2386 2144 4338 2230; baseline 0.002 -21"><span class='ocrx_word' id='word_1_509' title='bbox 2386 2146 2549 2209; x_wconf 90' lang='lat' dir='ltr'><strong>lium</strong></span> <span class='ocrx_word' id='word_1_510' title='bbox 2594 2144 2761 2209; x_wconf 90' lang='lat' dir='ltr'><strong>illud</strong></span> <span class='ocrx_word' id='word_1_511' title='bbox 2806 2145 3229 2229; x_wconf 88' lang='lat' dir='ltr'><strong>migrationis,</strong></span> <span class='ocrx_word' id='word_1_512' title='bbox 3272 2145 3353 2209; x_wconf 86' lang='lat' dir='ltr'><strong>de</strong></span> <span class='ocrx_word' id='word_1_513' title='bbox 3398 2167 3526 2228; x_wconf 92' lang='lat' dir='ltr'><strong>quo</strong></span> <span class='ocrx_word' id='word_1_514' title='bbox 3573 2155 3638 2211; x_wconf 90' lang='lat' dir='ltr'><strong>te</strong></span> <span class='ocrx_word' id='word_1_515' title='bbox 3693 2145 3932 2230; x_wconf 88' lang='lat' dir='ltr'><strong>aliquid</strong></span> <span class='ocrx_word' id='word_1_516' title='bbox 3978 2148 4338 2213; x_wconf 90' lang='lat' dir='ltr'><strong>inaudiisse</strong></span> 
     </span>
     <span class='ocr_line' id='line_1_76' title="bbox 2386 2231 4342 2314; baseline 0.001 -18"><span class='ocrx_word' id='word_1_517' title='bbox 2386 2231 2599 2308; x_wconf 90' lang='lat' dir='ltr'><strong>credo,</strong></span> <span class='ocrx_word' id='word_1_518' title='bbox 2668 2231 2889 2296; x_wconf 86' lang='lat' dir='ltr'><strong>labare</strong></span> <span class='ocrx_word' id='word_1_519' title='bbox 2955 2232 3179 2313; x_wconf 90' lang='lat' dir='ltr'><strong>coepit,</strong></span> <span class='ocrx_word' id='word_1_520' title='bbox 3247 2240 3588 2314; x_wconf 85' lang='lat' dir='ltr'><strong>postquam</strong></span> <span class='ocrx_word' id='word_1_521' title='bbox 3657 2232 3736 2297; x_wconf 90' lang='lat' dir='ltr'><strong>de</strong></span> <span class='ocrx_word' id='word_1_522' title='bbox 3803 2234 3925 2297; x_wconf 89' lang='lat' dir='ltr'><strong>hac</strong></span> <span class='ocrx_word' id='word_1_523' title='bbox 3974 2256 4047 2298; x_wconf 89' lang='lat' dir='ltr'><strong>re</strong></span> <span class='ocrx_word' id='word_1_524' title='bbox 4101 2235 4342 2300; x_wconf 88' lang='lat' dir='ltr'><strong>certior</strong></span> 
     </span>
     <span class='ocr_line' id='line_1_77' title="bbox 2382 2317 4336 2399; baseline 0.002 -18"><span class='ocrx_word' id='word_1_525' title='bbox 2382 2317 2593 2382; x_wconf 87' lang='lat' dir='ltr'><strong>factus</strong></span> <span class='ocrx_word' id='word_1_526' title='bbox 2651 2338 2826 2391; x_wconf 88' lang='lat' dir='ltr'><strong>sum,</strong></span> <span class='ocrx_word' id='word_1_527' title='bbox 2895 2319 3193 2399; x_wconf 87' lang='lat' dir='ltr'><strong>quamvis</strong></span> <span class='ocrx_word' id='word_1_528' title='bbox 3267 2330 3420 2381; x_wconf 85' lang='lat' dir='ltr'><strong>ante</strong></span> <span class='ocrx_word' id='word_1_529' title='bbox 3481 2318 3641 2382; x_wconf 87' lang='lat' dir='ltr'><strong>satis</strong></span> <span class='ocrx_word' id='word_1_530' title='bbox 3706 2321 3913 2383; x_wconf 87' lang='lat' dir='ltr'><strong>fixum</strong></span> <span class='ocrx_word' id='word_1_531' title='bbox 3982 2319 4336 2385; x_wconf 80' lang='lat' dir='ltr'><strong>videretur.</strong></span> 
     </span>
     <span class='ocr_line' id='line_1_78' title="bbox 2386 2401 4339 2485; baseline 0.002 -18"><span class='ocrx_word' id='word_1_532' title='bbox 2386 2403 2524 2468; x_wconf 90' lang='lat' dir='ltr'><strong>Nec</strong></span> <span class='ocrx_word' id='word_1_533' title='bbox 2571 2405 2710 2467; x_wconf 87' lang='lat' dir='ltr'><strong>viro</strong></span> <span class='ocrx_word' id='word_1_534' title='bbox 2747 2404 2913 2468; x_wconf 91' lang='lat' dir='ltr'><strong>bono</strong></span> <span class='ocrx_word' id='word_1_535' title='bbox 2959 2414 3026 2467; x_wconf 90' lang='lat' dir='ltr'><strong>et</strong></span> <span class='ocrx_word' id='word_1_536' title='bbox 3068 2401 3358 2467; x_wconf 91' lang='lat' dir='ltr'><strong>studioso</strong></span> <span class='ocrx_word' id='word_1_537' title='bbox 3402 2402 3687 2485; x_wconf 89' lang='lat' dir='ltr'><strong>optabile</strong></span> <span class='ocrx_word' id='word_1_538' title='bbox 3732 2403 3894 2470; x_wconf 92' lang='lat' dir='ltr'><strong>duco</strong></span> <span class='ocrx_word' id='word_1_539' title='bbox 3939 2407 4010 2470; x_wconf 90' lang='lat' dir='ltr'><strong>in</strong></span> <span class='ocrx_word' id='word_1_540' title='bbox 4055 2406 4135 2470; x_wconf 92' lang='lat' dir='ltr'><strong>iis</strong></span> <span class='ocrx_word' id='word_1_541' title='bbox 4177 2406 4339 2472; x_wconf 89' lang='lat' dir='ltr'><strong>locis</strong></span> 
     </span>
     <span class='ocr_line' id='line_1_79' title="bbox 2387 2488 4340 2572; baseline 0.002 -19"><span class='ocrx_word' id='word_1_542' title='bbox 2387 2489 2632 2566; x_wconf 84' lang='lat' dir='ltr'><strong>vivere,</strong></span> <span class='ocrx_word' id='word_1_543' title='bbox 2700 2491 2770 2552; x_wconf 93' lang='lat' dir='ltr'><strong>in</strong></span> <span class='ocrx_word' id='word_1_544' title='bbox 2813 2488 3046 2570; x_wconf 91' lang='lat' dir='ltr'><strong>quibus</strong></span> <span class='ocrx_word' id='word_1_545' title='bbox 3089 2488 3378 2554; x_wconf 88' lang='lat' dir='ltr'><strong>Ecebolii</strong></span> <span class='ocrx_word' id='word_1_546' title='bbox 3444 2488 3553 2553; x_wconf 91' lang='lat' dir='ltr'><strong>isti</strong></span> <span class='ocrx_word' id='word_1_547' title='bbox 3601 2500 3666 2553; x_wconf 90' lang='lat' dir='ltr'><strong>et</strong></span> <span class='ocrx_word' id='word_1_548' title='bbox 3729 2490 4169 2572; x_wconf 82' lang='lat' dir='ltr'><strong>sycophantae</strong></span> <span class='ocrx_word' id='word_1_549' title='bbox 4213 2492 4340 2556; x_wconf 90' lang='lat' dir='ltr'><strong>im-</strong></span> 
     </span>
     <span class='ocr_line' id='line_1_80' title="bbox 2385 2573 4339 2659; baseline 0.002 -21"><span class='ocrx_word' id='word_1_550' title='bbox 2385 2586 2684 2657; x_wconf 88' lang='lat' dir='ltr'><strong>potenter</strong></span> <span class='ocrx_word' id='word_1_551' title='bbox 2748 2584 3027 2658; x_wconf 88' lang='lat' dir='ltr'><strong>regnent</strong></span> <span class='ocrx_word' id='word_1_552' title='bbox 3071 2594 3191 2639; x_wconf 87' lang='lat' dir='ltr'><strong>nec</strong></span> <span class='ocrx_word' id='word_1_553' title='bbox 3249 2573 3446 2639; x_wconf 90' lang='lat' dir='ltr'><strong>ullius</strong></span> <span class='ocrx_word' id='word_1_554' title='bbox 3505 2576 3855 2640; x_wconf 87' lang='lat' dir='ltr'><strong>autoritate</strong></span> <span class='ocrx_word' id='word_1_555' title='bbox 3912 2578 4339 2659; x_wconf 84' lang='lat' dir='ltr'><strong>magistratus</strong></span> 
     </span>
     <span class='ocr_line' id='line_1_81' title="bbox 2387 2670 2827 2726; baseline -0.005 -1"><span class='ocrx_word' id='word_1_556' title='bbox 2387 2670 2827 2726; x_wconf 84' lang='lat' dir='ltr'><strong>coerceantur.</strong></span> 
     </span>
    </p>

    <p class='ocr_par' dir='ltr' id='par_1_13' title="bbox 2380 2745 4343 4888">
     <span class='ocr_line' id='line_1_82' title="bbox 2561 2745 4338 2829; baseline 0.002 -22"><span class='ocrx_word' id='word_1_557' title='bbox 2561 2746 2812 2810; x_wconf 89' lang='lat' dir='ltr'><strong>Verum</strong></span> <span class='ocrx_word' id='word_1_558' title='bbox 2868 2745 2949 2811; x_wconf 91' lang='lat' dir='ltr'><strong>de</strong></span> <span class='ocrx_word' id='word_1_559' title='bbox 3015 2746 3134 2809; x_wconf 89' lang='lat' dir='ltr'><strong>hoc</strong></span> <span class='ocrx_word' id='word_1_560' title='bbox 3192 2746 3450 2829; x_wconf 88' lang='lat' dir='ltr'><strong>negotio</strong></span> <span class='ocrx_word' id='word_1_561' title='bbox 3517 2746 3731 2811; x_wconf 89' lang='lat' dir='ltr'><strong>adhuc</strong></span> <span class='ocrx_word' id='word_1_562' title='bbox 3776 2763 3875 2811; x_wconf 91' lang='lat' dir='ltr'><strong>est</strong></span> <span class='ocrx_word' id='word_1_563' title='bbox 3936 2746 4338 2811; x_wconf 81' lang='lat' dir='ltr'><strong>deliberandi</strong></span> 
     </span>
     <span class='ocr_line' id='line_1_83' title="bbox 2388 2831 4340 2915; baseline 0.002 -20"><span class='ocrx_word' id='word_1_564' title='bbox 2388 2831 2585 2897; x_wconf 89' lang='lat' dir='ltr'><strong>locus.</strong></span> <span class='ocrx_word' id='word_1_565' title='bbox 2650 2833 2748 2896; x_wconf 90' lang='lat' dir='ltr'><strong>Ac</strong></span> <span class='ocrx_word' id='word_1_566' title='bbox 2771 2853 2959 2914; x_wconf 89' lang='lat' dir='ltr'><strong>spero</strong></span> <span class='ocrx_word' id='word_1_567' title='bbox 3016 2832 3153 2896; x_wconf 84' lang='lat' dir='ltr'><strong>fore</strong></span> <span class='ocrx_word' id='word_1_568' title='bbox 3176 2841 3268 2908; x_wconf 91' lang='lat' dir='ltr'><strong>ut,</strong></span> <span class='ocrx_word' id='word_1_569' title='bbox 3294 2831 3446 2913; x_wconf 89' lang='lat' dir='ltr'><strong>quid</strong></span> <span class='ocrx_word' id='word_1_570' title='bbox 3481 2832 3734 2898; x_wconf 91' lang='lat' dir='ltr'><strong>consilii</strong></span> <span class='ocrx_word' id='word_1_571' title='bbox 3758 2842 4023 2915; x_wconf 88' lang='lat' dir='ltr'><strong>captum</strong></span> <span class='ocrx_word' id='word_1_572' title='bbox 4070 2855 4109 2896; x_wconf 84' lang='lat' dir='ltr'><strong>a</strong></span> <span class='ocrx_word' id='word_1_573' title='bbox 4149 2833 4340 2898; x_wconf 91' lang='lat' dir='ltr'><strong>nobis</strong></span> 
     </span>
     <span class='ocr_line' id='line_1_84' title="bbox 2391 2917 4338 3001; baseline 0.001 -20"><span class='ocrx_word' id='word_1_574' title='bbox 2391 2928 2615 3000; x_wconf 89' lang='lat' dir='ltr'><strong>postea</strong></span> <span class='ocrx_word' id='word_1_575' title='bbox 2679 2919 2892 2991; x_wconf 85' lang='lat' dir='ltr'><strong>fuerit,</strong></span> <span class='ocrx_word' id='word_1_576' title='bbox 2959 2938 3176 2982; x_wconf 90' lang='lat' dir='ltr'><strong>coram</strong></span> <span class='ocrx_word' id='word_1_577' title='bbox 3235 2917 3353 2981; x_wconf 90' lang='lat' dir='ltr'><strong>tibi</strong></span> <span class='ocrx_word' id='word_1_578' title='bbox 3417 2938 3738 3001; x_wconf 89' lang='lat' dir='ltr'><strong>exponam</strong></span> <span class='ocrx_word' id='word_1_579' title='bbox 3798 2918 3982 2983; x_wconf 84' lang='lat' dir='ltr'><strong>brevi</strong></span> <span class='ocrx_word' id='word_1_580' title='bbox 4026 2932 4338 3000; x_wconf 84' lang='lat' dir='ltr'><strong>tempore.</strong></span> 
     </span>
     <span class='ocr_line' id='line_1_85' title="bbox 2389 3003 4343 3087; baseline 0 -19"><span class='ocrx_word' id='word_1_581' title='bbox 2389 3003 2471 3068; x_wconf 91' lang='lat' dir='ltr'><strong>In</strong></span> <span class='ocrx_word' id='word_1_582' title='bbox 2509 3003 2679 3085; x_wconf 91' lang='lat' dir='ltr'><strong>quod</strong></span> <span class='ocrx_word' id='word_1_583' title='bbox 2739 3013 2997 3087; x_wconf 89' lang='lat' dir='ltr'><strong>tempus</strong></span> <span class='ocrx_word' id='word_1_584' title='bbox 3064 3024 3140 3068; x_wconf 91' lang='lat' dir='ltr'><strong>ea</strong></span> <span class='ocrx_word' id='word_1_585' title='bbox 3194 3024 3447 3085; x_wconf 88' lang='lat' dir='ltr'><strong>quoque</strong></span> <span class='ocrx_word' id='word_1_586' title='bbox 3528 3024 3793 3069; x_wconf 83' lang='lat' dir='ltr'><strong>reservo</strong></span> <span class='ocrx_word' id='word_1_587' title='bbox 3839 3024 4001 3085; x_wconf 89' lang='lat' dir='ltr'><strong>quae</strong></span> <span class='ocrx_word' id='word_1_588' title='bbox 4046 3003 4343 3068; x_wconf 86' lang='lat' dir='ltr'><strong>fortassis</strong></span> 
     </span>
     <span class='ocr_line' id='line_1_86' title="bbox 2390 3088 4339 3174; baseline 0.002 -21"><span class='ocrx_word' id='word_1_589' title='bbox 2390 3110 2431 3153; x_wconf 88' lang='lat' dir='ltr'><strong>a</strong></span> <span class='ocrx_word' id='word_1_590' title='bbox 2475 3112 2579 3156; x_wconf 91' lang='lat' dir='ltr'><strong>me</strong></span> <span class='ocrx_word' id='word_1_591' title='bbox 2624 3112 2799 3156; x_wconf 91' lang='lat' dir='ltr'><strong>nunc</strong></span> <span class='ocrx_word' id='word_1_592' title='bbox 2843 3091 2912 3154; x_wconf 91' lang='lat' dir='ltr'><strong>in</strong></span> <span class='ocrx_word' id='word_1_593' title='bbox 2958 3111 3199 3174; x_wconf 89' lang='lat' dir='ltr'><strong>magna</strong></span> <span class='ocrx_word' id='word_1_594' title='bbox 3245 3088 3658 3156; x_wconf 88' lang='lat' dir='ltr'><strong>festinatione</strong></span> <span class='ocrx_word' id='word_1_595' title='bbox 3692 3090 3933 3155; x_wconf 90' lang='lat' dir='ltr'><strong>omissa</strong></span> <span class='ocrx_word' id='word_1_596' title='bbox 3975 3088 4058 3154; x_wconf 87' lang='lat' dir='ltr'><strong>ad</strong></span> <span class='ocrx_word' id='word_1_597' title='bbox 4101 3109 4339 3156; x_wconf 83' lang='lat' dir='ltr'><strong>causae</strong></span> 
     </span>
     <span class='ocr_line' id='line_1_87' title="bbox 2391 3174 4340 3257; baseline 0.001 -17"><span class='ocrx_word' id='word_1_598' title='bbox 2391 3176 2584 3241; x_wconf 89' lang='lat' dir='ltr'><strong>huius</strong></span> <span class='ocrx_word' id='word_1_599' title='bbox 2628 3174 3067 3241; x_wconf 84' lang='lat' dir='ltr'><strong>defensionem</strong></span> <span class='ocrx_word' id='word_1_600' title='bbox 3105 3178 3454 3257; x_wconf 87' lang='lat' dir='ltr'><strong>pertinent.</strong></span> <span class='ocrx_word' id='word_1_601' title='bbox 3538 3175 3665 3241; x_wconf 83' lang='lat' dir='ltr'><strong>Oui</strong></span> <span class='ocrx_word' id='word_1_602' title='bbox 3700 3176 4058 3241; x_wconf 83' lang='lat' dir='ltr'><strong>defensioni</strong></span> <span class='ocrx_word' id='word_1_603' title='bbox 4106 3189 4182 3239; x_wconf 88' lang='lat' dir='ltr'><strong>ut</strong></span> <span class='ocrx_word' id='word_1_604' title='bbox 4224 3197 4340 3242; x_wconf 88' lang='lat' dir='ltr'><strong>vos</strong></span> 
     </span>
     <span class='ocr_line' id='line_1_88' title="bbox 2386 3260 4341 3345; baseline 0.001 -20"><span class='ocrx_word' id='word_1_605' title='bbox 2386 3262 2665 3327; x_wconf 82' lang='lat' dir='ltr'><strong>faveatis</strong></span> <span class='ocrx_word' id='word_1_606' title='bbox 2684 3314 2697 3339; x_wconf 99' lang='lat'><strong>,</strong></span> <span class='ocrx_word' id='word_1_607' title='bbox 2765 3271 2940 3328; x_wconf 89' lang='lat' dir='ltr'><strong>certe</strong></span> <span class='ocrx_word' id='word_1_608' title='bbox 3026 3272 3346 3343; x_wconf 85' lang='lat' dir='ltr'><strong>quatenus</strong></span> <span class='ocrx_word' id='word_1_609' title='bbox 3416 3260 3483 3325; x_wconf 92' lang='lat' dir='ltr'><strong>id</strong></span> <span class='ocrx_word' id='word_1_610' title='bbox 3558 3262 3855 3345; x_wconf 88' lang='lat' dir='ltr'><strong>religioni</strong></span> <span class='ocrx_word' id='word_1_611' title='bbox 3939 3261 4341 3327; x_wconf 84' lang='lat' dir='ltr'><strong>christianae</strong></span> 
     </span>
     <span class='ocr_line' id='line_1_89' title="bbox 2389 3347 4339 3430; baseline 0.001 -18"><span class='ocrx_word' id='word_1_612' title='bbox 2389 3350 2829 3413; x_wconf 90' lang='lat' dir='ltr'><strong>necessarium</strong></span> <span class='ocrx_word' id='word_1_613' title='bbox 2875 3350 3017 3424; x_wconf 88' lang='lat' dir='ltr'><strong>erit,</strong></span> <span class='ocrx_word' id='word_1_614' title='bbox 3084 3369 3123 3411; x_wconf 88' lang='lat' dir='ltr'><strong>a</strong></span> <span class='ocrx_word' id='word_1_615' title='bbox 3179 3349 3366 3412; x_wconf 85' lang='lat' dir='ltr'><strong>vobis</strong></span> <span class='ocrx_word' id='word_1_616' title='bbox 3432 3347 3628 3412; x_wconf 90' lang='lat' dir='ltr'><strong>etiam</strong></span> <span class='ocrx_word' id='word_1_617' title='bbox 3690 3361 3884 3429; x_wconf 83' lang='lat' dir='ltr'><strong>atque</strong></span> <span class='ocrx_word' id='word_1_618' title='bbox 3927 3349 4124 3412; x_wconf 89' lang='lat' dir='ltr'><strong>etiam</strong></span> <span class='ocrx_word' id='word_1_619' title='bbox 4168 3355 4339 3430; x_wconf 89' lang='lat' dir='ltr'><strong>peto.</strong></span> 
     </span>
     <span class='ocr_line' id='line_1_90' title="bbox 2390 3433 4341 3515; baseline 0.001 -18"><span class='ocrx_word' id='word_1_620' title='bbox 2390 3433 2540 3498; x_wconf 89' lang='lat' dir='ltr'><strong>Non</strong></span> <span class='ocrx_word' id='word_1_621' title='bbox 2586 3435 2761 3498; x_wconf 87' lang='lat' dir='ltr'><strong>enim</strong></span> <span class='ocrx_word' id='word_1_622' title='bbox 2786 3434 2893 3498; x_wconf 85' lang='lat' dir='ltr'><strong>hic</strong></span> <span class='ocrx_word' id='word_1_623' title='bbox 2936 3443 3071 3498; x_wconf 84' lang='lat' dir='ltr'><strong>tam</strong></span> <span class='ocrx_word' id='word_1_624' title='bbox 3117 3454 3221 3497; x_wconf 90' lang='lat' dir='ltr'><strong>res</strong></span> <span class='ocrx_word' id='word_1_625' title='bbox 3266 3453 3430 3509; x_wconf 90' lang='lat' dir='ltr'><strong>mea,</strong></span> <span class='ocrx_word' id='word_1_626' title='bbox 3470 3434 3730 3497; x_wconf 88' lang='lat' dir='ltr'><strong>tametsi</strong></span> <span class='ocrx_word' id='word_1_627' title='bbox 3767 3444 3834 3496; x_wconf 90' lang='lat' dir='ltr'><strong>et</strong></span> <span class='ocrx_word' id='word_1_628' title='bbox 3876 3453 4022 3497; x_wconf 87' lang='lat' dir='ltr'><strong>mea</strong></span> <span class='ocrx_word' id='word_1_629' title='bbox 4065 3454 4341 3515; x_wconf 90' lang='lat' dir='ltr'><strong>quoque,</strong></span> 
     </span>
     <span class='ocr_line' id='line_1_91' title="bbox 2388 3517 4337 3602; baseline -0.001 -19"><span class='ocrx_word' id='word_1_630' title='bbox 2388 3521 2610 3602; x_wconf 83' lang='lat' dir='ltr'><strong>agitur</strong></span> <span class='ocrx_word' id='word_1_631' title='bbox 2652 3540 2846 3601; x_wconf 85' lang='lat' dir='ltr'><strong>quam</strong></span> <span class='ocrx_word' id='word_1_632' title='bbox 2894 3519 3170 3602; x_wconf 88' lang='lat' dir='ltr'><strong>publica,</strong></span> <span class='ocrx_word' id='word_1_633' title='bbox 3215 3518 3281 3582; x_wconf 92' lang='lat' dir='ltr'><strong>id</strong></span> <span class='ocrx_word' id='word_1_634' title='bbox 3341 3527 3457 3596; x_wconf 90' lang='lat' dir='ltr'><strong>est,</strong></span> <span class='ocrx_word' id='word_1_635' title='bbox 3487 3517 3735 3582; x_wconf 86' lang='lat' dir='ltr'><strong>Christi</strong></span> <span class='ocrx_word' id='word_1_636' title='bbox 3795 3527 3863 3582; x_wconf 91' lang='lat' dir='ltr'><strong>et</strong></span> <span class='ocrx_word' id='word_1_637' title='bbox 3904 3518 4250 3602; x_wconf 85' lang='lat' dir='ltr'><strong>evangelii,</strong></span> <span class='ocrx_word' id='word_1_638' title='bbox 4281 3521 4337 3598; x_wconf 78' lang='lat'><strong>³)</strong></span> 
     </span>
     <span class='ocr_line' id='line_1_92' title="bbox 2388 3602 4339 3671; baseline -0.001 0"><span class='ocrx_word' id='word_1_639' title='bbox 2388 3606 2577 3671; x_wconf 85' lang='lat' dir='ltr'><strong>cuius</strong></span> <span class='ocrx_word' id='word_1_640' title='bbox 2643 3625 2874 3670; x_wconf 90' lang='lat' dir='ltr'><strong>causae</strong></span> <span class='ocrx_word' id='word_1_641' title='bbox 2953 3606 3113 3670; x_wconf 89' lang='lat' dir='ltr'><strong>haec</strong></span> <span class='ocrx_word' id='word_1_642' title='bbox 3177 3602 3606 3667; x_wconf 87' lang='lat' dir='ltr'><strong>maledicendi</strong></span> <span class='ocrx_word' id='word_1_643' title='bbox 3666 3604 3929 3668; x_wconf 88' lang='lat' dir='ltr'><strong>licentia</strong></span> <span class='ocrx_word' id='word_1_644' title='bbox 3993 3611 4057 3668; x_wconf 89' lang='lat' dir='ltr'><strong>et</strong></span> <span class='ocrx_word' id='word_1_645' title='bbox 4123 3606 4339 3670; x_wconf 89' lang='lat' dir='ltr'><strong>rabies</strong></span> 
     </span>
     <span class='ocr_line' id='line_1_93' title="bbox 2389 3688 4342 3771; baseline 0.001 -18"><span class='ocrx_word' id='word_1_646' title='bbox 2389 3692 2674 3756; x_wconf 90' lang='lat' dir='ltr'><strong>maxime</strong></span> <span class='ocrx_word' id='word_1_647' title='bbox 2717 3701 2924 3757; x_wconf 90' lang='lat' dir='ltr'><strong>nocet.</strong></span> <span class='ocrx_word' id='word_1_648' title='bbox 3014 3692 3150 3755; x_wconf 91' lang='lat' dir='ltr'><strong>Nec</strong></span> <span class='ocrx_word' id='word_1_649' title='bbox 3195 3701 3349 3771; x_wconf 91' lang='lat' dir='ltr'><strong>puto</strong></span> <span class='ocrx_word' id='word_1_650' title='bbox 3396 3688 3702 3770; x_wconf 85' lang='lat' dir='ltr'><strong>expedire</strong></span> <span class='ocrx_word' id='word_1_651' title='bbox 3749 3689 3870 3754; x_wconf 90' lang='lat' dir='ltr'><strong>hoc</strong></span> <span class='ocrx_word' id='word_1_652' title='bbox 3931 3701 4220 3771; x_wconf 89' lang='lat' dir='ltr'><strong>tempore</strong></span> <span class='ocrx_word' id='word_1_653' title='bbox 4266 3701 4342 3755; x_wconf 90' lang='lat' dir='ltr'><strong>ut</strong></span> 
     </span>
     <span class='ocr_line' id='line_1_94' title="bbox 2388 3775 4340 3859; baseline 0.001 -20"><span class='ocrx_word' id='word_1_654' title='bbox 2388 3776 2738 3841; x_wconf 88' lang='lat' dir='ltr'><strong>multitudo</strong></span> <span class='ocrx_word' id='word_1_655' title='bbox 2805 3775 3147 3859; x_wconf 89' lang='lat' dir='ltr'><strong>intelligat,</strong></span> <span class='ocrx_word' id='word_1_656' title='bbox 3218 3795 3324 3838; x_wconf 91' lang='lat' dir='ltr'><strong>me</strong></span> <span class='ocrx_word' id='word_1_657' title='bbox 3390 3784 3503 3838; x_wconf 89' lang='lat' dir='ltr'><strong>aut</strong></span> <span class='ocrx_word' id='word_1_658' title='bbox 3543 3775 3743 3839; x_wconf 89' lang='lat' dir='ltr'><strong>alium</strong></span> <span class='ocrx_word' id='word_1_659' title='bbox 3788 3777 4162 3857; x_wconf 87' lang='lat' dir='ltr'><strong>quempiam</strong></span> <span class='ocrx_word' id='word_1_660' title='bbox 4207 3777 4340 3840; x_wconf 90' lang='lat' dir='ltr'><strong>mei</strong></span> 
     </span>
     <span class='ocr_line' id='line_1_95' title="bbox 2388 3861 4337 3944; baseline 0 -17"><span class='ocrx_word' id='word_1_661' title='bbox 2388 3862 2670 3927; x_wconf 87' lang='lat' dir='ltr'><strong>similem</strong></span> <span class='ocrx_word' id='word_1_662' title='bbox 2737 3862 2910 3926; x_wconf 87' lang='lat' dir='ltr'><strong>inter</strong></span> <span class='ocrx_word' id='word_1_663' title='bbox 2975 3865 3281 3944; x_wconf 84' lang='lat' dir='ltr'><strong>profanos</strong></span> <span class='ocrx_word' id='word_1_664' title='bbox 3347 3873 3414 3923; x_wconf 90' lang='lat' dir='ltr'><strong>et</strong></span> <span class='ocrx_word' id='word_1_665' title='bbox 3468 3861 3702 3941; x_wconf 86' lang='lat' dir='ltr'><strong>impios</strong></span> <span class='ocrx_word' id='word_1_666' title='bbox 3756 3863 4107 3940; x_wconf 91' lang='lat' dir='ltr'><strong>numerari,</strong></span> <span class='ocrx_word' id='word_1_667' title='bbox 4166 3883 4337 3944; x_wconf 89' lang='lat' dir='ltr'><strong>quae</strong></span> 
     </span>
     <span class='ocr_line' id='line_1_96' title="bbox 2389 3946 4338 4031; baseline 0.001 -19"><span class='ocrx_word' id='word_1_668' title='bbox 2389 3948 2688 4031; x_wconf 86' lang='lat' dir='ltr'><strong>exemplo</strong></span> <span class='ocrx_word' id='word_1_669' title='bbox 2753 3948 3047 4022; x_wconf 86' lang='lat' dir='ltr'><strong>aliorum,</strong></span> <span class='ocrx_word' id='word_1_670' title='bbox 3117 3949 3498 4029; x_wconf 87' lang='lat' dir='ltr'><strong>praesertim</strong></span> <span class='ocrx_word' id='word_1_671' title='bbox 3576 3948 3684 4028; x_wconf 90' lang='lat' dir='ltr'><strong>qui</strong></span> <span class='ocrx_word' id='word_1_672' title='bbox 3731 3946 4007 4012; x_wconf 89' lang='lat' dir='ltr'><strong>alicuius</strong></span> <span class='ocrx_word' id='word_1_673' title='bbox 4053 3948 4338 4013; x_wconf 89' lang='lat' dir='ltr'><strong>nominis</strong></span> 
     </span>
     <span class='ocr_line' id='line_1_97' title="bbox 2387 4032 4334 4114; baseline 0 -16"><span class='ocrx_word' id='word_1_674' title='bbox 2387 4044 2564 4111; x_wconf 89' lang='lat' dir='ltr'><strong>sunt,</strong></span> <span class='ocrx_word' id='word_1_675' title='bbox 2609 4034 2795 4099; x_wconf 85' lang='lat' dir='ltr'><strong>facile</strong></span> <span class='ocrx_word' id='word_1_676' title='bbox 2837 4033 3180 4098; x_wconf 89' lang='lat' dir='ltr'><strong>adducitur</strong></span> <span class='ocrx_word' id='word_1_677' title='bbox 3222 4043 3299 4096; x_wconf 92' lang='lat' dir='ltr'><strong>ut</strong></span> <span class='ocrx_word' id='word_1_678' title='bbox 3318 4032 3697 4114; x_wconf 90' lang='lat' dir='ltr'><strong>religionem</strong></span> <span class='ocrx_word' id='word_1_679' title='bbox 3734 4041 4124 4097; x_wconf 90' lang='lat' dir='ltr'><strong>contemnat.</strong></span> <span class='ocrx_word' id='word_1_680' title='bbox 4198 4032 4334 4098; x_wconf 80' lang='lat' dir='ltr'><strong>Sed</strong></span> 
     </span>
     <span class='ocr_line' id='line_1_98' title="bbox 2386 4117 4333 4202; baseline 0 -19"><span class='ocrx_word' id='word_1_681' title='bbox 2386 4118 2549 4184; x_wconf 88' lang='lat' dir='ltr'><strong>haec</strong></span> <span class='ocrx_word' id='word_1_682' title='bbox 2591 4140 2825 4202; x_wconf 89' lang='lat' dir='ltr'><strong>parum</strong></span> <span class='ocrx_word' id='word_1_683' title='bbox 2850 4129 3084 4184; x_wconf 89' lang='lat' dir='ltr'><strong>curant</strong></span> <span class='ocrx_word' id='word_1_684' title='bbox 3107 4117 3458 4182; x_wconf 91' lang='lat' dir='ltr'><strong>nebulones</strong></span> <span class='ocrx_word' id='word_1_685' title='bbox 3495 4119 3617 4194; x_wconf 90' lang='lat' dir='ltr'><strong>isti,</strong></span> <span class='ocrx_word' id='word_1_686' title='bbox 3643 4118 3841 4182; x_wconf 85' lang='lat' dir='ltr'><strong>verbo</strong></span> <span class='ocrx_word' id='word_1_687' title='bbox 3885 4119 3978 4200; x_wconf 91' lang='lat' dir='ltr'><strong>pii</strong></span> <span class='ocrx_word' id='word_1_688' title='bbox 4023 4130 4088 4181; x_wconf 90' lang='lat' dir='ltr'><strong>et</strong></span> <span class='ocrx_word' id='word_1_689' title='bbox 4121 4119 4333 4184; x_wconf 87' lang='lat' dir='ltr'><strong>chris-</strong></span> 
     </span>
     <span class='ocr_line' id='line_1_99' title="bbox 2387 4203 4330 4287; baseline 0.001 -20"><span class='ocrx_word' id='word_1_690' title='bbox 2387 4207 2548 4269; x_wconf 90' lang='lat' dir='ltr'><strong>tiani</strong></span> <span class='ocrx_word' id='word_1_691' title='bbox 2595 4205 2907 4282; x_wconf 90' lang='lat' dir='ltr'><strong>homines,</strong></span> <span class='ocrx_word' id='word_1_692' title='bbox 2953 4227 3022 4269; x_wconf 88' lang='lat' dir='ltr'><strong>re</strong></span> <span class='ocrx_word' id='word_1_693' title='bbox 3065 4203 3321 4287; x_wconf 88' lang='lat' dir='ltr'><strong>profani</strong></span> <span class='ocrx_word' id='word_1_694' title='bbox 3366 4217 3557 4285; x_wconf 89' lang='lat' dir='ltr'><strong>atque</strong></span> <span class='ocrx_word' id='word_1_695' title='bbox 3596 4204 3859 4282; x_wconf 83' lang='lat' dir='ltr'><strong>ethnici,</strong></span> <span class='ocrx_word' id='word_1_696' title='bbox 3897 4205 4028 4267; x_wconf 89' lang='lat' dir='ltr'><strong>imo</strong></span> <span class='ocrx_word' id='word_1_697' title='bbox 4051 4204 4330 4270; x_wconf 88' lang='lat' dir='ltr'><strong>ethnicis</strong></span> 
     </span>
     <span class='ocr_line' id='line_1_100' title="bbox 2386 4287 4327 4373; baseline 0.001 -18"><span class='ocrx_word' id='word_1_698' title='bbox 2386 4291 2604 4373; x_wconf 87' lang='lat' dir='ltr'><strong>aliqua</strong></span> <span class='ocrx_word' id='word_1_699' title='bbox 2653 4291 2943 4356; x_wconf 89' lang='lat' dir='ltr'><strong>bonitate</strong></span> <span class='ocrx_word' id='word_1_700' title='bbox 3009 4300 3280 4355; x_wconf 89' lang='lat' dir='ltr'><strong>naturae</strong></span> <span class='ocrx_word' id='word_1_701' title='bbox 3338 4288 3646 4371; x_wconf 78' lang='lat' dir='ltr'><strong>praeditis</strong></span> <span class='ocrx_word' id='word_1_702' title='bbox 3704 4287 3897 4372; x_wconf 90' lang='lat' dir='ltr'><strong>longe</strong></span> <span class='ocrx_word' id='word_1_703' title='bbox 3957 4289 4327 4357; x_wconf 85' lang='lat' dir='ltr'><strong>deteriores.</strong></span> 
     </span>
     <span class='ocr_line' id='line_1_101' title="bbox 2385 4374 4327 4458; baseline 0 -17"><span class='ocrx_word' id='word_1_704' title='bbox 2385 4378 2499 4458; x_wconf 89' lang='lat' dir='ltr'><strong>qui</strong></span> <span class='ocrx_word' id='word_1_705' title='bbox 2561 4376 2928 4458; x_wconf 87' lang='lat' dir='ltr'><strong>impuritati</strong></span> <span class='ocrx_word' id='word_1_706' title='bbox 2994 4397 3151 4441; x_wconf 89' lang='lat' dir='ltr'><strong>suae</strong></span> <span class='ocrx_word' id='word_1_707' title='bbox 3215 4374 3581 4440; x_wconf 89' lang='lat' dir='ltr'><strong>obtendunt</strong></span> <span class='ocrx_word' id='word_1_708' title='bbox 3643 4375 3905 4439; x_wconf 89' lang='lat' dir='ltr'><strong>titulum</strong></span> <span class='ocrx_word' id='word_1_709' title='bbox 3971 4374 4327 4457; x_wconf 88' lang='lat' dir='ltr'><strong>religionis,</strong></span> 
     </span>
     <span class='ocr_line' id='line_1_102' title="bbox 2384 4459 4326 4544; baseline -0.001 -17"><span class='ocrx_word' id='word_1_710' title='bbox 2384 4473 2463 4527; x_wconf 91' lang='lat' dir='ltr'><strong>ut</strong></span> <span class='ocrx_word' id='word_1_711' title='bbox 2499 4461 2794 4538; x_wconf 72' lang='lat' dir='ltr'><strong>Christi,</strong></span> <span class='ocrx_word' id='word_1_712' title='bbox 2865 4482 2995 4526; x_wconf 93' lang='lat' dir='ltr'><strong>non</strong></span> <span class='ocrx_word' id='word_1_713' title='bbox 3061 4482 3253 4527; x_wconf 90' lang='lat' dir='ltr'><strong>suum</strong></span> <span class='ocrx_word' id='word_1_714' title='bbox 3319 4481 3513 4544; x_wconf 87' lang='lat' dir='ltr'><strong>agere</strong></span> <span class='ocrx_word' id='word_1_715' title='bbox 3573 4461 3903 4543; x_wconf 87' lang='lat' dir='ltr'><strong>negotium</strong></span> <span class='ocrx_word' id='word_1_716' title='bbox 3962 4459 4326 4526; x_wconf 83' lang='lat' dir='ltr'><strong>videantur.</strong></span> 
     </span>
     <span class='ocr_line' id='line_1_103' title="bbox 2381 4545 4332 4631; baseline -0.001 -19"><span class='ocrx_word' id='word_1_717' title='bbox 2381 4548 2561 4613; x_wconf 92' lang='lat' dir='ltr'><strong>Huic</strong></span> <span class='ocrx_word' id='word_1_718' title='bbox 2604 4549 2808 4631; x_wconf 90' lang='lat' dir='ltr'><strong>igitur</strong></span> <span class='ocrx_word' id='word_1_719' title='bbox 2850 4548 3211 4613; x_wconf 89' lang='lat' dir='ltr'><strong>defensioni</strong></span> <span class='ocrx_word' id='word_1_720' title='bbox 3238 4567 3418 4610; x_wconf 91' lang='lat' dir='ltr'><strong>meae</strong></span> <span class='ocrx_word' id='word_1_721' title='bbox 3461 4558 3527 4610; x_wconf 91' lang='lat' dir='ltr'><strong>et</strong></span> <span class='ocrx_word' id='word_1_722' title='bbox 3548 4546 3921 4628; x_wconf 87' lang='lat' dir='ltr'><strong>purgationi</strong></span> <span class='ocrx_word' id='word_1_723' title='bbox 3961 4557 4035 4609; x_wconf 90' lang='lat' dir='ltr'><strong>ut</strong></span> <span class='ocrx_word' id='word_1_724' title='bbox 4078 4545 4332 4612; x_wconf 88' lang='lat' dir='ltr'><strong>Ohristi</strong></span> 
     </span>
     <span class='ocr_line' id='line_1_104' title="bbox 2381 4630 4330 4714; baseline 0 -16"><span class='ocrx_word' id='word_1_725' title='bbox 2381 4636 2649 4698; x_wconf 90' lang='lat' dir='ltr'><strong>nomine</strong></span> <span class='ocrx_word' id='word_1_726' title='bbox 2692 4632 2969 4698; x_wconf 81' lang='lat' dir='ltr'><strong>faveatis</strong></span> <span class='ocrx_word' id='word_1_727' title='bbox 3004 4635 3241 4698; x_wconf 89' lang='lat' dir='ltr'><strong>iterum</strong></span> <span class='ocrx_word' id='word_1_728' title='bbox 3290 4632 3562 4714; x_wconf 89' lang='lat' dir='ltr'><strong>postulo.</strong></span> <span class='ocrx_word' id='word_1_729' title='bbox 3649 4630 3843 4711; x_wconf 78' lang='lat' dir='ltr'><strong>Quod</strong></span> <span class='ocrx_word' id='word_1_730' title='bbox 3885 4631 4142 4713; x_wconf 90' lang='lat' dir='ltr'><strong>quidem</strong></span> <span class='ocrx_word' id='word_1_731' title='bbox 4189 4654 4230 4696; x_wconf 91' lang='lat' dir='ltr'><strong>a</strong></span> <span class='ocrx_word' id='word_1_732' title='bbox 4264 4643 4330 4698; x_wconf 89' lang='lat' dir='ltr'><strong>te</strong></span> 
     </span>
     <span class='ocr_line' id='line_1_105' title="bbox 2380 4715 4328 4803; baseline -0.001 -18"><span class='ocrx_word' id='word_1_733' title='bbox 2380 4720 2696 4802; x_wconf 90' lang='lat' dir='ltr'><strong>bonisque</strong></span> <span class='ocrx_word' id='word_1_734' title='bbox 2763 4721 3060 4785; x_wconf 89' lang='lat' dir='ltr'><strong>omnibus</strong></span> <span class='ocrx_word' id='word_1_735' title='bbox 3125 4727 3193 4784; x_wconf 88' lang='lat' dir='ltr'><strong>et</strong></span> <span class='ocrx_word' id='word_1_736' title='bbox 3233 4719 3356 4803; x_wconf 90' lang='lat' dir='ltr'><strong>piis</strong></span> <span class='ocrx_word' id='word_1_737' title='bbox 3422 4717 3796 4781; x_wconf 89' lang='lat' dir='ltr'><strong>hominibus</strong></span> <span class='ocrx_word' id='word_1_738' title='bbox 3862 4736 3990 4781; x_wconf 87' lang='lat' dir='ltr'><strong>non</strong></span> <span class='ocrx_word' id='word_1_739' title='bbox 4051 4715 4328 4799; x_wconf 89' lang='lat' dir='ltr'><strong>despero</strong></span> 
     </span>
     <span class='ocr_line' id='line_1_106' title="bbox 2381 4802 4327 4888; baseline 0 -20"><span class='ocrx_word' id='word_1_740' title='bbox 2381 4826 2488 4870; x_wconf 91' lang='lat' dir='ltr'><strong>me</strong></span> <span class='ocrx_word' id='word_1_741' title='bbox 2511 4807 3015 4888; x_wconf 88' lang='lat' dir='ltr'><strong>impetraturum</strong></span> <span class='ocrx_word' id='word_1_742' title='bbox 3060 4826 3219 4870; x_wconf 91' lang='lat' dir='ltr'><strong>esse.</strong></span> <span class='ocrx_word' id='word_1_743' title='bbox 3286 4803 3358 4868; x_wconf 93' lang='lat' dir='ltr'><strong>Id</strong></span> <span class='ocrx_word' id='word_1_744' title='bbox 3406 4804 3458 4868; x_wconf 83' lang='lat' dir='ltr'><strong>si</strong></span> <span class='ocrx_word' id='word_1_745' title='bbox 3506 4802 3696 4867; x_wconf 86' lang='lat' dir='ltr'><strong>aliter</strong></span> <span class='ocrx_word' id='word_1_746' title='bbox 3740 4803 4046 4880; x_wconf 84' lang='lat' dir='ltr'><strong>evenerit,</strong></span> <span class='ocrx_word' id='word_1_747' title='bbox 4093 4803 4327 4868; x_wconf 90' lang='lat' dir='ltr'><strong>saltem</strong></span> 
     </span>
    </p>
   </div>
   <div class='ocr_carea' id='block_1_13' title="bbox 2377 5058 4332 5392">
    <p class='ocr_par' dir='ltr' id='par_1_14' title="bbox 2377 5058 4332 5392">
     <span class='ocr_line' id='line_1_107' title="bbox 2586 5058 4332 5127; baseline -0.001 -12"><span class='ocrx_word' id='word_1_748' title='bbox 2586 5060 2645 5126; x_wconf 88' lang='lat'><strong>3)</strong></span> <span class='ocrx_word' id='word_1_749' title='bbox 2687 5061 2840 5116; x_wconf 79' lang='lat' dir='ltr'><strong>Idem</strong></span> <span class='ocrx_word' id='word_1_750' title='bbox 2874 5077 3008 5115; x_wconf 80' lang='lat' dir='ltr'><strong>sanc</strong></span> <span class='ocrx_word' id='word_1_751' title='bbox 3056 5065 3340 5115; x_wconf 72' lang='lat' dir='ltr'><strong>senscrunt</strong></span> <span class='ocrx_word' id='word_1_752' title='bbox 3383 5059 3585 5126; x_wconf 74' lang='lat' dir='ltr'><strong>nostri,</strong></span> <span class='ocrx_word' id='word_1_753' title='bbox 3631 5058 3945 5127; x_wconf 68' lang='lat' dir='ltr'><strong>quibuscum</strong></span> <span class='ocrx_word' id='word_1_754' title='bbox 3983 5058 4332 5114; x_wconf 68' lang='lat' dir='ltr'><strong>Hotomanus</strong></span> 
     </span>
     <span class='ocr_line' id='line_1_108' title="bbox 2379 5126 4327 5197; baseline -0.001 -13"><span class='ocrx_word' id='word_1_755' title='bbox 2379 5131 2524 5185; x_wconf 73' lang='lat' dir='ltr'><strong>hanc</strong></span> <span class='ocrx_word' id='word_1_756' title='bbox 2569 5133 2849 5197; x_wconf 70' lang='lat' dir='ltr'><strong>epistolam</strong></span> <span class='ocrx_word' id='word_1_757' title='bbox 2895 5131 3322 5192; x_wconf 66' lang='lat' dir='ltr'><strong>communicavit,</strong></span> <span class='ocrx_word' id='word_1_758' title='bbox 3375 5128 3570 5195; x_wconf 76' lang='lat' dir='ltr'><strong>cupide</strong></span> <span class='ocrx_word' id='word_1_759' title='bbox 3613 5135 3911 5194; x_wconf 73' lang='lat' dir='ltr'><strong>arreptam,</strong></span> <span class='ocrx_word' id='word_1_760' title='bbox 3961 5144 3998 5180; x_wconf 87' lang='lat' dir='ltr'><strong>a</strong></span> <span class='ocrx_word' id='word_1_761' title='bbox 4041 5126 4192 5181; x_wconf 71' lang='lat' dir='ltr'><strong>Besa</strong></span> <span class='ocrx_word' id='word_1_762' title='bbox 4236 5144 4327 5183; x_wconf 67' lang='lat' dir='ltr'><strong>cat·</strong></span> 
     </span>
     <span class='ocr_line' id='line_1_109' title="bbox 2379 5197 4324 5266; baseline -0.001 -12"><span class='ocrx_word' id='word_1_763' title='bbox 2379 5207 2634 5265; x_wconf 75' lang='lat' dir='ltr'><strong>cerptam,</strong></span> <span class='ocrx_word' id='word_1_764' title='bbox 2671 5217 2708 5253; x_wconf 92' lang='lat' dir='ltr'><strong>a</strong></span> <span class='ocrx_word' id='word_1_765' title='bbox 2745 5200 2971 5254; x_wconf 72' lang='lat' dir='ltr'><strong>Calvino</strong></span> <span class='ocrx_word' id='word_1_766' title='bbox 2998 5199 3150 5266; x_wconf 81' lang='lat' dir='ltr'><strong>prelo</strong></span> <span class='ocrx_word' id='word_1_767' title='bbox 3183 5197 3523 5261; x_wconf 71' lang='lat' dir='ltr'><strong>mandatam,</strong></span> <span class='ocrx_word' id='word_1_768' title='bbox 3581 5212 3744 5265; x_wconf 77' lang='lat' dir='ltr'><strong>quum</strong></span> <span class='ocrx_word' id='word_1_769' title='bbox 3792 5203 3982 5264; x_wconf 76' lang='lat' dir='ltr'><strong>postea</strong></span> <span class='ocrx_word' id='word_1_770' title='bbox 4025 5199 4140 5264; x_wconf 73' lang='lat' dir='ltr'><strong>ipse</strong></span> <span class='ocrx_word' id='word_1_771' title='bbox 4189 5198 4324 5252; x_wconf 84' lang='lat' dir='ltr'><strong>Bal-</strong></span> 
     </span>
     <span class='ocr_line' id='line_1_110' title="bbox 2381 5264 4328 5336; baseline 0 -15"><span class='ocrx_word' id='word_1_772' title='bbox 2381 5270 2551 5322; x_wconf 76' lang='lat' dir='ltr'><strong>duino</strong></span> <span class='ocrx_word' id='word_1_773' title='bbox 2585 5268 2795 5336; x_wconf 74' lang='lat' dir='ltr'><strong>publice</strong></span> <span class='ocrx_word' id='word_1_774' title='bbox 2828 5268 2968 5320; x_wconf 76' lang='lat' dir='ltr'><strong>diem</strong></span> <span class='ocrx_word' id='word_1_775' title='bbox 2992 5267 3170 5323; x_wconf 72' lang='lat' dir='ltr'><strong>dicere</strong></span> <span class='ocrx_word' id='word_1_776' title='bbox 3202 5266 3515 5334; x_wconf 73' lang='lat' dir='ltr'><strong>instituerit,</strong></span> <span class='ocrx_word' id='word_1_777' title='bbox 3549 5272 3600 5318; x_wconf 82' lang='lat' dir='ltr'><strong>ct</strong></span> <span class='ocrx_word' id='word_1_778' title='bbox 3631 5264 3846 5334; x_wconf 70' lang='lat' dir='ltr'><strong>quiden</strong></span> <span class='ocrx_word' id='word_1_779' title='bbox 3881 5267 4163 5320; x_wconf 73' lang='lat' dir='ltr'><strong>occasione</strong></span> <span class='ocrx_word' id='word_1_780' title='bbox 4184 5268 4328 5321; x_wconf 68' lang='lat' dir='ltr'><strong>satia</strong></span> 
     </span>
     <span class='ocr_line' id='line_1_111' title="bbox 2377 5336 2846 5392; baseline -0.006 -2"><span class='ocrx_word' id='word_1_781' title='bbox 2377 5339 2597 5392; x_wconf 73' lang='lat' dir='ltr'><strong>incaute</strong></span> <span class='ocrx_word' id='word_1_782' title='bbox 2628 5336 2846 5390; x_wconf 74' lang='lat' dir='ltr'><strong>delecta.</strong></span> 
     </span>
    </p>
   </div>
  </div>
 </body>
</html>
