4850 6200
442 432 571 495 599

448 615 818 685 actionibus
873 615 1214 701 Tigurinis
1276 625 1345 682 te
1408 618 1714 684 assentiri
1777 616 2084 683 noluisse.
2188 614 2401 682 Satis-

447 701 777 770 faciebant
837 703 1037 768 etiam
1113 713 1255 769 tum
1320 701 1486 768 mihi
1547 712 1803 771 vestrae
1880 724 2032 770 cum
2111 700 2402 768 ecclesiis

447 789 691 857 nostris
747 787 1214 856 concordantes
1258 787 1564 872 loquendi
1618 788 1940 855 formulae
1982 786 2066 853 de
2108 808 2400 854 commu·

447 876 775 944 nicatione
816 874 889 940 in
931 894 1136 940 coena
1177 874 1498 958 corporali
1539 882 1608 941 et
1649 875 1838 952 reali,
1896 875 2055 941 item
2099 872 2182 939 de
2225 874 2399 939 veri-

448 969 585 1027 tate
627 961 826 1028 simul
868 958 1198 1039 exhibita,
1252 959 1693 1044 putabamque
1734 960 1982 1027 nullam
2027 958 2213 1026 vobis
2257 980 2401 1026 esse

446 1068 597 1114 cum
665 1047 907 1112 nostris
982 1045 1518 1129 discrepantiam,
1597 1049 1725 1113 nisi
1789 1045 1962 1131 quod
2024 1055 2398 1112 nostrorum

448 1132 776 1199 sententia
809 1132 1029 1198 miuus
1062 1144 1238 1198 recte
1281 1142 1547 1217 accepta
1589 1133 1766 1199 aliud
1812 1134 1894 1198 ab
1938 1134 2020 1198 iis
2063 1132 2281 1199 doceri
2318 1132 2399 1196 de

446 1219 819 1302 praesent-ia
870 1217 1160 1300 corporis
1212 1225 1281 1284 ct
1335 1219 1681 1303 sanguinis
1737 1219 2009 1285 Domini
2066 1219 2397 1284 existima-

446 1305 623 1382 retis,
659 1323 852 1387 quam
889 1301 1061 1388 quod
1094 1303 1206 1370 isti
1240 1305 1622 1370 conveniret
1654 1304 2088 1371 moderationi
2122 1314 2396 1383 vestrae,

446 1409 576 1472 qua
616 1388 1081 1474 disputandum
1132 1411 1265 1456 non
1319 1411 1461 1455 esse
1514 1390 1827 1457 dicebatis
1880 1412 2007 1475 quo
2051 1390 2243 1455 modo
2283 1400 2400 1454 aut

448 1496 577 1558 qua
620 1476 871 1542 ratione
914 1474 984 1541 id
1027 1476 1232 1541 fieret.
1306 1475 1584 1542 Interim
1628 1488 1852 1543 tamen
1887 1478 2039 1543 fidei
2085 1497 2220 1541 non
2256 1496 2397 1541 esse

446 1560 897 1646 derogandum
951 1560 1033 1626 de
1086 1560 1412 1628 credenda
1463 1584 1656 1646 quam
1703 1562 1952 1629 Christi
1996 1563 2199 1629 verba
2252 1583 2397 1646 pro-

442 1664 700 1732 ponunt
741 1649 1042 1726 veritate,
1085 1645 1258 1731 quod
1300 1646 1486 1714 Deus
1529 1649 1814 1715 mendax
1859 1671 1992 1713 non
2036 1662 2223 1714 esset.
2305 1648 2398 1712 Et

443 1733 617 1801 hanc
670 1734 880 1817 ipsam
936 1741 1162 1798 tamen
1206 1733 1717 1800 moderationem
1763 1758 1803 1801 a
1847 1736 2088 1801 nostris
2142 1756 2395 1817 quoque

442 1819 716 1884 retineri
760 1818 923 1883 mihi
981 1839 1162 1884 eram
1206 1821 1520 1895 conscius,
1580 1820 1756 1887 haud
1811 1822 2154 1885 immemor
2210 1820 2393 1885 audi-

440 1913 663 1970 torum
686 1904 1064 1987 discipulus,
1102 1906 1171 1970 iu
1201 1918 1440 1990 negata
1472 1907 1650 1972 enim
1685 1908 2323 1972 transsubstantione
2343 1910 2392 1983 ³)

439 1988 777 2074 papalium
820 2000 889 2055 et
930 1991 1173 2057 reiecta
1216 1991 1654 2075 disputatione
1689 1992 1770 2058 de
1813 1992 2157 2069 localitate,
2202 2002 2394 2076 puta-

441 2077 737 2159 bamque,
798 2088 871 2140 ut
912 2096 1057 2142 esse
1099 2086 1313 2159 potest
1352 2089 1421 2143 et
1462 2086 1855 2163 argumenta
1908 2099 2127 2144 rerum
2173 2078 2393 2156 habui,

443 2161 718 2227 aliorum
764 2164 1092 2244 pravitate
1147 2164 1456 2247 utrinque
1503 2175 1722 2230 vestra
1761 2165 1972 2231 secius
2016 2185 2213 2247 quam
2256 2173 2393 2228 tra-

442 2246 683 2313 deretis
727 2269 869 2313 esse
911 2258 1197 2331 accepta.
1264 2248 1459 2316 Nunc
1502 2271 1659 2316 vero
1692 2273 1859 2334 quae
1903 2251 2269 2336 proponitis
2313 2248 2394 2314 de

439 2332 771 2416 spirituali
803 2335 1389 2400 communicatione
1426 2347 1705 2415 tantum,
1753 2338 1834 2404 de
1859 2337 2202 2420 reprobato
2247 2336 2393 2401 lite-

440 2418 567 2484 rali
611 2439 810 2484 sensu
857 2419 1209 2487 verborum
1231 2419 1502 2498 Christi,
1549 2443 1819 2506 prorsus
1853 2444 1997 2489 esse
2020 2422 2394 2488 differentia

439 2524 480 2568 a
541 2502 837 2572 doctrina
898 2506 971 2570 in
1036 2508 1277 2572 nostris
1356 2507 1648 2574 ecclesiis
1711 2518 1974 2592 recepta
2035 2528 2391 2592 agnoscere

436 2611 651 2675 cogor.
738 2591 972 2674 Itaque
1014 2592 1291 2659 miratus
1345 2595 1547 2659 etiam
1603 2615 1751 2661 sum
1796 2593 1969 2678 quod
2012 2594 2262 2671 scribis,
2319 2596 2391 2659 in

437 2686 653 2743 vestro
716 2696 1038 2745 consensu
1113 2680 1392 2762 reperiri
1455 2680 1773 2765 quidquid
1851 2682 2141 2747 continet
2216 2680 2393 2746 edita

436 2760 837 2830 Ratisbonae
878 2764 1217 2843 confessio,
1243 2767 1298 2848 ⁶)
1342 2787 1539 2849 quam
1567 2769 2024 2851 Augustanam
2059 2786 2389 2845 vocemus,

436 2858 502 2913 et
564 2868 936 2933 quanquam
1003 2871 1138 2916 non
1204 2851 1571 2936 intelligam
1641 2874 1838 2936 quam
1904 2853 2101 2931 velis,
2167 2860 2390 2918 tamen

434 2935 853 3002 concordiam
895 2936 1069 3003 hanc
1113 2935 1348 3002 nullibi
1397 2938 1700 3004 invenire
1741 2940 1944 3022 potui.
2035 2940 2231 3004 Anno
2273 2939 2390 3003 tri-

436 3021 677 3088 cesimo
717 3023 1065 3106 Augustae
1121 3020 1423 3088 exhibita
1480 3025 1801 3090 confessio
1858 3026 1953 3093 sic
1995 3025 2224 3091 habet:
2284 3025 2391 3090 De

435 3128 638 3174 coena
657 3108 934 3174 Domini
969 3106 1209 3174 docent
1240 3106 1417 3192 quod
1449 3131 1684 3194 corpus
1727 3122 1793 3177 et
1835 3112 2108 3196 sanguis
2137 3111 2391 3177 Christi

435 3214 593 3260 vere
649 3191 869 3259 adsint
925 3204 994 3260 et
1049 3194 1528 3261 distribuantur
1583 3198 1997 3264 vescentibus
2052 3200 2123 3263 in
2187 3217 2391 3264 coena

434 3279 707 3346 Domini
751 3288 821 3345 et
861 3279 1243 3364 improbant
1283 3299 1472 3347 secus
1506 3280 1830 3349 docentes.
1898 3282 2066 3349 Cum
2111 3284 2214 3349 his
2257 3283 2388 3350 col·

432 3365 729 3448 loquium
771 3385 1028 3449 quoque
1068 3366 1551 3452 Batisponense
1593 3389 1726 3434 non
1770 3369 2113 3453 discrepat.
2186 3369 2389 3435 Fate-

434 3472 602 3531 mur,
656 3451 899 3533 inquis,
954 3453 1027 3518 in
1067 3474 1272 3520 coena
1312 3453 1587 3519 Domini
1633 3476 1788 3521 vere
1831 3467 1900 3522 et
1940 3455 2205 3522 realiter
2247 3475 2388 3521 cor-

432 3558 559 3621 pus
605 3545 673 3603 et
715 3539 1103 3620 sanguinem
1131 3538 1384 3605 Christi
1425 3539 1672 3621 adesse,
1717 3562 1867 3607 cum
1912 3562 2082 3625 pane
2122 3550 2191 3607 et
2232 3541 2390 3606 vino

433 3623 736 3689 exbiberi
779 3623 1205 3691 sumentibus.
1274 3623 1409 3692 Sed
1451 3625 1535 3691 ab
1575 3627 1659 3692 iis
1699 3647 1970 3712 prorsus
2014 3627 2392 3711 discrepant

434 3708 638 3776 verba
696 3718 946 3788 vestra,
999 3720 1066 3776 et
1122 3710 1252 3779 nisi
1307 3711 1439 3777 alia
1492 3714 2035 3796 interpretatione
2090 3714 2388 3791 utamini,

432 3817 507 3861 re
550 3797 748 3861 etiam
793 3794 1139 3862 dissentire
1181 3797 1543 3864 credimini.
1631 3800 1862 3883 Itaque
1914 3802 2128 3867 facere
2173 3799 2390 3866 adhuc

435 3879 696 3965 quidem
735 3902 866 3946 non
901 3903 1166 3965 possum
1197 3883 1358 3966 quin
1391 3883 1738 3950 dissidium
1763 3906 2131 3969 agnoscam,
2170 3886 2390 3951 minus

437 3977 658 4034 autem
702 3977 779 4033 ut
818 3968 902 4033 ab
956 3989 1269 4053 expressa
1311 3971 1665 4036 verborum
1699 3971 1950 4038 Christi
1997 3974 2391 4055 proprietate

431 4053 669 4120 abduci
724 4074 833 4120 me
888 4053 1026 4120 ulla
1074 4056 1615 4139 interpretatione
1665 4059 1899 4142 patiar.
1989 4058 2078 4122 Et
2117 4058 2188 4123 id
2245 4059 2390 4141 qui·

439 4138 588 4207 dem
630 4140 795 4205 facio
838 4139 1023 4205 nulla
1064 4141 1169 4208 vel
1213 4143 1591 4208 morositate
1636 4143 1744 4209 vel
1786 4143 2057 4210 alterius
2092 4144 2393 4229 magistri

439 4225 695 4309 placito,
753 4226 870 4291 sed
926 4226 1103 4293 illius
1158 4235 1415 4293 tantum
1460 4230 1809 4296 autoritate
1864 4232 1995 4296 ista
2038 4231 2149 4312 qui
2202 4231 2392 4296 insti-

439 4313 581 4390 tuit,
638 4313 1037 4395 omninoque
1085 4314 1394 4379 existimo
1452 4314 1740 4381 debitam
1792 4315 1891 4380 illi
1949 4336 2115 4395 csse,
2173 4316 2232 4382 si
2289 4316 2394 4382 sui

437 4398 693 4465 censeri
736 4407 807 4464 et
863 4398 1106 4464 salvari
1145 4420 1295 4465 cum
1351 4421 1428 4467 eo
1483 4403 1814 4480 volumus,
1872 4403 2276 4480 servitutem,
2322 4411 2397 4467 ut

437 4486 734 4570 neglecto
804 4505 975 4568 quae
1030 4485 1467 4553 contradictat
1519 4490 1792 4553 rationis
1848 4488 2130 4570 strepitu
2190 4489 2258 4553 iu
2313 4489 2394 4553 iis

436 4592 603 4655 quae
646 4568 826 4635 credi
870 4569 1054 4636 iubet
1096 4572 1235 4655 ipse
1279 4573 1787 4654 acquiescamus,
1830 4585 1900 4639 et
1940 4594 2175 4640 sensus
2216 4575 2393 4656 cogi-

437 4658 786 4734 tationum,
845 4665 919 4721 ut
977 4657 1308 4740 praecipit,
1368 4659 1792 4741 captivemus.
1882 4660 2113 4743 Itaque
2153 4663 2393 4727 condo-

643 4947 706 5008 ὃ)
741 4949 839 5003 ⁸⁸⁹⁶.

644 5015 698 5077 6)
735 5016 1077 5072 Bambotum
1117 5031 1171 5072 a.
1218 5015 1347 5071 1541
1394 5017 1770 5072 mma
1811 5015 2165 5074 declararunt
2219 5033 2275 5073 se
2320 5020 2391 5075 ab

439 5085 509 5138 Δ.
552 5084 610 5138 0.
646 5101 759 5140 non
792 5100 1103 5141 recemum
1137 5085 1342 5156 (Saltu.
1377 5086 1421 5141 1.
1453 5085 1585 5152 546)
1620 5091 1672 5141 et
1710 5084 1987 5154 peculiari
2027 5087 2232 5157 oeripto
2269 5087 2389 5142 Me·

439 5152 784 5208 mathania
818 5155 872 5211 d.
907 5156 962 5210 d.
995 5154 1080 5208 23.
1116 5153 1223 5211 1101.
1254 5157 1549 5224 molestati
1578 5161 1709 5210 sunt
1740 5170 1800 5209 ee
1843 5161 2083 5224 quatuor
2126 5157 2392 5213 αηίοιιῐοε

438 5222 504 5276 ὅσα
554 5222 965 5302 illo-colloquio
1007 5224 1259 5280 conditos
1307 5241 1371 5279 eo
1431 5241 1596 5281 cenea
1642 5226 1890 5294 accipere
1937 5239 2047 5294 quo
2093 5227 2156 5280 in
2202 5227 2389 5283 eadem

436 5289 801 5423 Ἠίῆεεῶο)
850 5294 1070 5362 eiusque
1141 5294 1400 5364 apolom'a
1479 5293 1747 5351 declarato·
1816 5291 2042 5359 finer-int
2141 5294 2383 5361 (Waklo.

1957 425 2480 494 EPLSTOLAE
2521 431 2943 491 2198-2199

4330 429 4456 492 600

2505 615 2692 683 nabis
2725 615 2892 681 mihi
2930 615 2986 681 si
3021 615 3090 680 in
3133 615 3254 681 hoc
3288 628 3541 683 vestrae
3564 637 3697 682 non
3734 614 4036 682 accedam
4071 618 4452 695 sententiae,

2503 722 2626 767 nec
2669 702 2905 768 vestris
2959 702 3364 785 argumentis
3409 711 3672 768 tantum
3720 700 4043 779 deferam,
4095 700 4333 786 quibus
4372 700 4456 768 de

2502 787 2933 872 generalitate
3018 799 3578 854 sacramentorum
3656 797 3723 855 et
3808 788 4081 854 humani
4165 808 4242 853 co
4361 787 4454 854 ris

2504 882 2741 939 natura
2781 874 3161 956 disputatis,
3217 895 3421 957 quum
3466 873 3710 940 diserta
3767 875 4113 941 verborum
4173 809 4453 958 Prffigtio

2501 960 2572 1025 in
2615 960 3024 1026 institutione
3070 959 3151 1025 ad
3199 981 3344 1026 eam
3393 960 3889 1044 generalitatem
3930 982 4002 1026 se
4047 958 4272 1026 reduci
4309 960 4453 1025 sine

2506 1045 2855 1111 violatione
2900 1067 3032 1110 non
3085 1046 3404 1129 patiatur,
3462 1056 3531 1112 et
3588 1046 3716 1112 alia
3757 1046 3945 1111 nulla
3991 1068 4074 1112 ex
4128 1047 4454 1130 scriptura

2502 1132 2764 1198 evincat
2827 1135 3154 1197 sententia
3199 1144 3316 1197 aut
3363 1134 3529 1198 ratio
3576 1153 3775 1217 quaro
3823 1132 3919 1197 ita
3980 1133 4126 1198 fieri
4189 1153 4451 1199 necesse

2501 1218 2618 1284 sit:
2663 1218 2950 1300 corporis
2994 1229 3212 1283 autem
3250 1218 3525 1284 humani
3573 1228 3874 1284 naturam
3907 1220 3979 1284 in
4016 1217 4284 1285 Christo
4318 1240 4451 1283 non

2500 1325 2642 1370 esse
2685 1304 3029 1388 vulgarem
3074 1304 3470 1370 censendum
3516 1305 3619 1377 sit,
3673 1303 3846 1388 quod
3889 1303 4153 1369 divinae
4195 1302 4454 1369 unitam

2500 1391 2821 1456 essentiae
2865 1390 3227 1470 credamus,
3271 1403 3338 1455 et
3373 1393 3442 1456 iu
3479 1392 3601 1457 hoc
3636 1392 3778 1475 ipso
3812 1410 4081 1474 corpore
4116 1411 4156 1455 a
4184 1389 4452 1456 Christo

2500 1476 2798 1541 exhibita
2841 1477 2978 1541 sint
3021 1497 3189 1558 quae
3232 1499 3381 1542 cum
3427 1499 3505 1543 ea
3556 1479 3700 1561 ipsa
3737 1490 3974 1542 natura
4016 1497 4213 1561 quam
4258 1497 4452 1561 urge-

2502 1562 2585 1629 tis
2621 1562 2923 1628 similiter
2956 1582 3315 1646 congruere
3351 1586 3485 1629 non
3522 1564 3777 1648 possint
3809 1575 3877 1628 et
3910 1560 4269 1628 secundum
4304 1582 4451 1628 eam

2499 1657 2658 1713 sunt
2712 1646 3156 1730 impossibilia.
3248 1648 3438 1715 Sicut
3492 1660 3709 1714 autem
3772 1650 3940 1714 bono
3999 1648 4139 1714 zelo
4195 1648 4356 1715 haec
4411 1668 4452 1713 a

2499 1745 2566 1798 te
2622 1734 2839 1799 doceri
2896 1734 3222 1812 existimo,
3291 1737 3384 1800 ita
3440 1748 3503 1798 te
3561 1757 3678 1818 per
3733 1733 4012 1800 eundem
4071 1750 4258 1800 tuum
4313 1735 4453 1799 ani-

2498 1842 2699 1898 mum,
2747 1821 2851 1885 vir
2884 1821 3110 1886 multis
3145 1823 3517 1887 nominibus
3556 1821 3946 1897 venerande,
3983 1841 4144 1905 rogo
4186 1819 4451 1886 obsecro

2499 1916 2565 1970 et
2617 1907 2905 1973 obtestor
2953 1918 3032 1971 ut
3089 1908 3453 1973 etiamnum
3506 1928 3770 1973 causam
3815 1907 3985 1972 hanc
4039 1908 4132 1971 ita
4173 1927 4450 1990 perpen-

2497 1990 2652 2057 dere
2706 1992 2871 2059 velis
2925 2003 3001 2057 ut
3057 1991 3350 2059 debitum
3393 1993 3662 2059 Christo
3715 1993 4027 2058 honorem
4085 1992 4340 2058 deferas
4384 2004 4452 2058 et

2497 2079 2843 2143 veritatem
2889 2078 3363 2144 credendorum
3399 2081 3469 2143 in
3512 2081 3841 2163 scriptura
3887 2100 4020 2144 non
4064 2098 4262 2144 sensu
4305 2099 4449 2144 car-

2495 2164 2629 2229 nali
2676 2164 2790 2231 sed
2827 2164 2978 2229 fidei
3023 2166 3336 2229 firmitate
3380 2166 3692 2231 sustineri
3735 2166 4052 2248 illumque
4096 2165 4251 2229 huic
4296 2164 4448 2230 sub·

2494 2250 2712 2334 iugari
2773 2251 3063 2333 patiaris,
3132 2251 3355 2329 donec,
3422 2273 3590 2334 quae
3643 2254 3712 2316 in
3767 2251 3888 2316 hac
3946 2272 4142 2316 carne
4198 2251 4448 2333 peccati

2495 2357 2627 2401 non
2687 2337 3049 2414 cernimus,
3129 2358 3353 2403 rerum
3411 2338 3483 2402 in
3559 2339 3783 2403 futura
3861 2339 3995 2402 vita
4072 2338 4451 2419 perficiatur

2493 2422 2864 2505 patefactio,
2926 2421 3006 2487 ad
3067 2444 3265 2504 quam
3313 2425 3531 2489 Deum
3589 2424 3845 2489 ardenti
3905 2432 4165 2506 pectore
4222 2443 4450 2507 precor

2495 2518 2572 2573 ut
2615 2517 2680 2574 te
2723 2518 3110 2592 coetumque
3157 2520 3447 2575 vestrum
3485 2509 3727 2595 dirigat
3771 2523 3838 2575 et
3880 2520 4239 2576 conservet.
4323 2509 4450 2573 Er·

2498 2593 2808 2677 phordiae
2847 2603 2907 2661 4.
2954 2595 3118 2660 Maii
3170 2600 3351 2660 1555.

2878 2730 3345 2797 Deditissimus
3389 2732 3819 2799 Hermannus
3864 2732 3943 2797 de
3982 2731 4360 2798 Vechtelde.

3369 3263 3568 3334 2199.

2731 3419 3086 3485 oALvm
3132 3419 3252 3487 Au
3295 3403 3600 3487 SENAT
3633 3419 3764 3486 DE
3805 3418 4140 3485 BERNE.
4171 3425 4219 3495 ι)

2669 3590 3105 3658 Βὲεῖαηιαίἰοπ
3167 3613 3254 3657 au
3319 3593 3480 3675 sajet
3542 3593 3620 3658 de
3677 3592 3741 3657 la
3794 3592 4073 3659 martii-re
4115 3592 4259 3658 dont
4310 3591 4362 3657 il
4405 3614 4447 3656 a

2494 3678 2586 3743 ete}
2628 3676 2883 3744 ᾱὲὂοιιίέ
2923 3678 2999 3744 de
3040 3698 3114 3744 sa
3139 3678 3404 3760 plainte.

2495 3851 2732 3916 (Minute
2777 3851 2921 3904 Bibl.
2969 3850 3038 3903 de
3102 3849 3337 3904 Geneve.
3410 3850 3536 3905 Vol.
3584 3848 3699 3916 107,
3756 3850 3846 3903 fol.
3891 3848 3975 3903 62.
4071 3849 4267 3919 Copies
4315 3850 4446 3904 ibid.

2493 3919 2698 3974 Carton
2738 3918 2906 3973 19⁷·n.
2944 3919 3055 3972 Me.
3095 3918 3213 3974 108.
3246 3920 3337 3974 fol.
3383 3918 3469 3972 45,
3511 3920 3668 3973 Bern.
3717 3919 3855 3988 Epp.
3907 3918 4004 3972 v1.
4042 3918 4165 3973 447.
4246 3921 4446 3973 Simler

2495 3990 2612 4043 Vol.
2647 3988 2735 4042 84.
2791 4019 2854 4027 «-
2903 3987 3192 4057 Imprimee
3237 3989 3449 4044 Ruchat
3495 3988 3612 4044 vn.
3657 3986 3776 4042 322.
3864 3989 4080 4043 Bonnet
4125 3989 4198 4044 Π.
4243 3988 4328 4042 43.
4381 4016 4442 4026 -

3135 4057 3301 4111 Trad.
3341 4059 3484 4127 angl.
3518 4057 3614 4112 111.
3659 4054 3793 4122 1¹26.)

2667 4228 3107 4312 Magnifiques
3149 4241 3219 4294 et
3274 4230 3554 4294 honorez
3597 4230 3956 4313 seigneurs,
4005 4251 4170 4296 vous
4213 4252 4444 4296 scavez

2496 4314 2721 4397 quand
2764 4314 3249 4381 dernierement
3296 4319 3358 4380 ie
3401 4317 3505 4380 fus
3550 4338 3634 4380 en
3692 4324 3907 4381 vostre
3967 4315 4144 4395 ville,
4165 4315 4220 4400 ²)
4278 4337 4446 4399 pour

2501 4420 2662 4466 vous
2704 4402 2883 4484 prier
2926 4400 3006 4467 de
3062 4401 3313 4467 donner
3357 4401 3550 4466 ordre
3606 4423 3738 4468 aux
3791 4401 4082 4467 troubles
4141 4412 4207 4467 et
4254 4424 4446 4469 scan-

2497 4485 2678 4551 dales
2734 4508 2861 4570 que
2915 4485 3169 4554 Sathan
3218 4508 3338 4572 par
3393 4488 3456 4552 le
3512 4508 3754 4572 moyen
3811 4488 3893 4552 de
3947 4488 4259 4571 quelques
4318 4510 4445 4555 uus

2497 4573 2678 4638 avoit
2718 4573 2825 4656 icy
2869 4593 3149 4652 esmeuz,
3203 4574 3501 4640 combien
3551 4595 3678 4658 que
3731 4576 3792 4640 ie
3845 4575 4021 4640 fusse
4072 4576 4306 4641 envoie
4363 4574 4445 4640 de

2498 4658 2564 4723 la
2618 4670 2768 4741 part
2820 4657 2902 4724 de
2958 4681 3099 4725 mes
3154 4662 3498 4744 seigneurs
3555 4671 3623 4725 et
3673 4663 4080 4744 superieurs‚
4135 4662 4446 4727 toutefois

2499 4745 2728 4809 voiant
2767 4766 2941 4829 quen
2985 4754 3210 4812 vostre
3264 4746 3679 4813 ordonnauce
3699 4750 3756 4829 ⁸)
3803 4747 3848 4811 il
3896 4747 4078 4811 avoit
4119 4746 4448 4830 plusieurs

2497 4829 2757 4897 articles
2830 4841 3231 4898 concernant
3306 4853 3415 4897 ma
3493 4854 3816 4917 personne
3832 4883 3847 4910 ,
3924 4833 4083 4898 affin
4150 4833 4291 4916 quil
4357 4854 4445 4898 ne

2493 4915 2808 4983 semblast
2882 4938 3009 5001 que
3084 4919 3148 4984 ie
3222 4938 3330 4984 me
3407 4919 3656 4986 voulois
3733 4919 3996 4988 couvrir
4066 4917 4448 4985 dauthorite

2491 5001 2826 5087 publique‚
2869 5005 2931 5068 ie
2974 5025 3079 5069 me
3123 5015 3477 5091 presentay
3506 5026 3625 5089 par
3667 5005 3910 5072 devant
3955 5026 4115 5072 vous
4158 5026 4241 5071 en
4285 5025 4445 5071 mon

2521 5147 2688 5154 -—-.—--
2739 5145 2903 5153 -—--.—-.-

2492 5191 2669 5284 aleo.
2690 5228 2750 5293 1)
2788 5226 2866 5284 N.
2901 5225 3043 5282 2195
3077 5234 3186 5283 noe.
3226 5229 3309 5282 11.
3355 5227 3604 5284 neema
3639 5231 3685 5285 1.
3720 5229 3839 5285 204.
3911 5229 4198 5284 Eundesh.
4235 5231 4354 5287 294.
4415 5219 4426 5226 ‘

2695 5297 2758 5432 ἒξ
2789 5297 2891 5420 aa:
2901 5304 3360 5421 {camme
3388 5296 3620 5354 d'Avril.
