4850 6200
323 404 443 467 ⁷97

321 591 618 676 Tigurini
664 600 731 658 et
765 591 1164 658 Basilienses
1183 591 1509 659 coniuncti
1547 591 1940 675 legationem
1966 594 2256 671 mittant,

320 686 386 743 et
442 698 515 743 se
571 677 656 744 ad
708 678 1048 743 vitandum
1101 675 1479 744 scandalum
1531 690 1597 742 et
1638 677 1848 743 maius
1892 678 2252 759 periculum

320 764 599 830 arbitros
655 764 1093 847 interponant,
1153 770 1270 829 aut
1327 763 1560 829 saltem
1606 784 1793 828 suam
1829 784 2090 846 operam
2135 786 2254 848 per

316 850 541 916 literas
576 849 870 914 offerant.
960 848 1135 915 Sunt
1179 847 1348 936 [qui]
1366 848 1425 934 ε3)
1462 857 1726 931 sperent
1781 849 2041 930 utrique
2081 853 2249 932 parti

315 934 438 1002 hoc
485 933 675 999 valde
729 944 994 1019 gratnm
1058 934 1373 999 futurum.
1459 936 1562 1000 'Pu
1629 937 1847 1017 itaque
1917 933 2091 1026 [pro]
2137 947 2251 1001 tua

314 1018 666 1105 prudentia
743 1042 893 1087 cum
972 1019 1057 1084 D.
1139 1020 1436 1102 Lafatero
1510 1031 1577 1086 et
1653 1021 1798 1086 aliis
1857 1022 2046 1087 bonis
2091 1022 2248 1087 haec

315 1104 566 1193 co[nfer
585 1102 676 1193 ?],
722 1118 788 1170 et
832 1106 887 1172 si
925 1107 1168 1171 bonum
1205 1105 1531 1173 videbitur
1573 1107 1751 1191 agito
1792 1115 1869 1171 ut
1912 1107 2076 1172 citra
2112 1128 2247 1171 mo-

314 1214 457 1258 ram
494 1191 625 1256 tale
667 1190 824 1275 quid
867 1194 995 1257 fiat.

485 1278 657 1342 Novi
714 1278 876 1343 alias
919 1277 1088 1342 nihil
1140 1277 1471 1343 habemus.
1561 1276 1889 1360 Exspecto
1932 1277 2087 1359 quid
2131 1278 2247 1343 ha-

1989 408 2148 468 1555
2193 402 2646 470 SEPTEMB.

313 1363 466 1430 beas
502 1372 577 1427 tu
622 1362 702 1428 de
736 1364 997 1447 Anglia.
1088 1362 1350 1429 Salutat
1392 1373 1458 1428 te
1501 1362 1849 1428 Musculue.
1938 1363 2250 1429 Mauritio
2297 1340 2304 1431 l

312 1458 386 1516 ut
436 1449 790 1531 aliquando
837 1450 1083 1515 scribas
1138 1456 1204 1513 te
1258 1452 1498 1514 iterum
1558 1470 1731 1532 rogo.
1818 1448 1979 1514 Dixi
2032 1449 2128 1514 illi
2184 1458 2250 1514 te

311 1535 434 1602 hoo
467 1536 824 1601 facturum:
869 1535 982 1599 ille
1014 1555 1171 1600 vero
1214 1555 1285 1599 se
1308 1535 1730 1600 libentissime
1772 1543 1839 1599 te
1882 1556 2001 1618 pro
2045 1539 2250 1601 amico

312 1620 694 1686 habiturum
737 1621 1087 1705 respondit.
1175 1620 1269 1687 Ut
1311 1641 1466 1704 ergo
1528 1619 1723 1685 homo
1781 1629 1899 1701 est,
1963 1623 2056 1685 ita
2110 1642 2246 1686 mo-

311 1728 449 1772 rem
497 1726 689 1792 geras
733 1715 1005 1789 oportet.
1080 1706 1246 1771 Vale
1289 1707 1530 1771 iterum
1565 1729 1710 1772 cum
1754 1707 1882 1772 tuis
1926 1707 2247 1784 omnibus,

350 1814 474 1858 uos
534 1813 680 1857 meo
731 1812 1155 1874 meorumque
1210 1794 1474 1857 nomine
1524 1791 1835 1858 salutabis
1878 1792 2245 1876 diligenter.

493 1898 572 1943 ae
616 1881 717 1942 26.
764 1878 1171 1963 Septembris
1223 1884 1402 1941 1555.

1217 2015 1500 2081 Ioannes
1542 2013 1855 2079 Hallerus
1899 2024 2076 2079 tuus.

1069 2324 1474 2334 ..ι------.

1174 2559 1373 2631 2307.

699 2715 1369 2784 BULLINGERUS
1419 2716 1853 2784 GALVINO.

478 2887 746 2953 Gratias
804 2889 938 2971 ayit
998 2888 1076 2953 de
1127 2887 1427 2954 relatione
1488 2886 1862 2953 Geneveiwis
1912 2887 2237 2954 seditionis

296 2973 425 3039 sibi
443 2974 661 3038 missa.
735 2972 898 3038 Tum
938 2975 1100 3038 serio
1125 2972 1453 3039 Calvinum
1493 2972 1775 3037 hortatur
1794 2977 1863 3037 ut
1888 2973 2238 3039 Beruenses

298 3061 368 3126 ob
415 3059 640 3126 collata
689 3059 760 3125 in
822 3060 1271 3126 Geneveusium
1322 3059 1763 3142 rempublicam
1804 3059 2092 3142 beneficia
2135 3079 2242 3126 ac·

296 3147 564 3212 dimare
603 3145 822 3227 potius
873 3167 1065 3228 quam
1120 3147 1369 3211 invidia
1411 3147 1713 3227 prosequi
1752 3146 1897 3211 velit
1930 3152 1988 3211 et
2018 3166 2243 3226 pacem

297 3232 455 3297 colat
514 3232 686 3297 omui
733 3232 1096 3313 posthabita
1149 3232 1504 3298 inimicitia.
1594 3231 1916 3297 Iudicium
1980 3233 2059 3298 de
2103 3228 2240 3297 Me-

297 3316 662 3384 lammam
720 3318 970 3383 subiicit
1032 3339 1155 3385 non
1229 3320 1397 3383 omui
1469 3337 1546 3383 ea:
1588 3323 1778 3399 parte
1826 3317 2238 3399 splendidum.

298 3404 508 3472 Addit
566 3403 876 3484 quaedam
928 3405 1004 3469 de
1059 3404 1334 3485 formula
1374 3403 1809 3469 iurisiurandi
1849 3424 1976 3484 qua
2020 3402 2242 3469 Helve-

298 3492 378 3557 tii
413 3490 639 3573 foedus
672 3490 919 3555 sancire
948 3495 1385 3556 consueverunt
1424 3490 1744 3556 mutanda.

295 3661 414 3784 3131
461 3659 800 3739 autographo
845 3660 975 3714 Cod.
1010 3658 1215 3713 Gener.
1265 3657 1379 3726 114,
1425 3660 1518 3715 fol.
1561 3658 1647 3713 87.
1718 3660 1977 3715 Simlsrns
2014 3661 2137 3715 Vol.
2172 3659 2242 3713 85

335 3730 592 3799 caci-ipsit
636 3746 703 3782 ex
739 3728 1078 3810 Bibliotheca
1113 3728 1497 3782 Huldericiana
1543 3729 1724 3783 nescio
1775 3730 1868 3781 ubi
1915 3730 2240 3798 quaerenda.

295 3797 1164 3938 ffifl‘l‘ssssss'ifflssffi
1197 3797 1350 3933 ,1,ὲέἷό
1386 3796 2241 3946 ἑζξῶζᾝὲἓςη-ῗίξᾋιῖἑ

295 3937 450 3992 ucis
503 3934 723 3989 inclusit
766 3940 956 4003 utpote
1001 3935 1316 3988 omittenda.
1397 3934 1553 3998 Quod
1596 3953 1694 3990 nos
1741 3951 1954 4005 quoqne
1998 3936 2100 3989 tibi
2148 3951 2239 3988 ex·

964 4004 1268 4057 hibebimus
1302 4002 1595 4070 similiter.)

472 4175 856 4241 Clarissimo
923 4175 1065 4240 viro
1125 4175 1209 4239 D.
1268 4174 1502 4239 Ioanni
1537 4173 1812 4241 Calvino
1857 4175 1985 4240 fido
2023 4174 2239 4241 Gene—

301 4265 525 4329 vensis
575 4260 883 4360 ecclesiae
928 4260 1178 4344 pastori
1226 4259 1489 4325 domino
1538 4260 1916 4326 honorando
1949 4271 2016 4326 et
2053 4261 2241 4326 fratri

300 4368 420 4414 mo
756 4367 812 4412 0.
1852 4431 2070 4498 Genff.

478 4605 550 4669 S.
618 4605 702 4668 D.
770 4603 1060 4669 Multum
1105 4625 1263 4669 sane
1307 4602 1442 4682 tibi,
1487 4601 1748 4667 domine
1791 4602 2243 4669 colendissimo

303 4699 371 4756 et
419 4689 632 4755 frater
673 4690 1028 4766 carissime,
1071 4688 1290 4768 deboc,
1335 4690 1447 4772 qui
1483 4687 1565 4755 ad
1609 4689 1984 4772 petitionem
2029 4708 2242 4753 meam

302 4778 373 4843 in
441 4785 544 4842 tot
619 4777 950 4858 tantisque
1012 4775 1293 4859 negotiis
1358 4775 1491 4841 tuis
1565 4785 1702 4839 tam
1767 4773 2115 4859 diligenter
2179 4786 2245 4840 et

300 4863 562 4947 prolixe
604 4881 869 4926 omnem
910 4860 1174 4928 excitati
1216 4861 1540 4927 tumultus
1582 4860 1925 4926 historiam
1967 4859 2245 4943 descrip-

303 4949 491 5015 seris.
518 4951 571 5026 ¹)
658 4946 988 5012 Maximae
1051 4947 1168 5012 tibi
1226 4967 1344 5030 pro
1407 4948 1540 5012 tuis
1602 4945 1936 5013 laboribus
2000 4945 2247 5030 gratias

304 5055 448 5119 ago.
539 5030 696 5097 Vidi
751 5032 820 5097 in
877 5031 994 5097 illa
1049 5031 1483 5115 descriptione
1540 5032 1713 5115 quod
1767 5032 2004 5114 partim
2048 5041 2250 5096 vexat

513 5251 576 5321 8)
618 5250 823 5309 olima
854 5254 1049 5311 lacera.

308 5325 499 5382 280⁷.
527 5325 583 5388 1)
619 5321 699 5379 N.
733 5321 888 5377 2243.

2295 1874 2303 1933 --

4160 412 4287 474 798

2357 598 2421 655 et
2462 591 2664 675 angit,
2688 594 2927 675 partim
2949 615 3106 658 vero
3128 593 3328 659 afficit
3369 593 3536 658 bene
3569 601 3635 659 et
3662 594 4048 660 consolatur.
4116 597 4284 661 'Pur-

2357 676 2470 741 bat
2526 686 2594 742 et
2646 678 2829 760 angit
2887 677 3055 744 illud
3116 680 3418 755 maxime,
3483 678 3652 761 quod
3695 679 3884 745 video
3929 681 4109 746 vobis
4143 703 4287 748 esse

2356 762 2576 827 hostes
2599 762 2931 845 plurimos,
2974 784 3133 848 quos
3178 774 3396 830 noctes
3440 775 3634 846 atque
3677 766 3815 830 dies
3837 787 4095 831 omnem
4131 788 4283 850 ope-

2353 868 2496 912 ram
2552 849 2958 931 impensuros
3015 858 3248 925 metuo,
3293 862 3366 914 ut
3407 871 3593 915 suam
3636 851 3814 915 illam
3859 852 4171 916 malitiam
4219 860 4287 919 et

2352 952 2616 999 causam
2672 934 3022 1015 pessimam
3077 937 3368 1001 confictis
3419 948 3648 1001 contra
3689 958 3809 1001 vos
3842 937 4184 1003 calumniis
4217 947 4285 1004 et

2351 1019 2765 1084 contumeliis
2798 1020 3268 1103 indignissimis
3307 1042 3586 1105 purgare
3630 1035 3695 1086 et
3736 1043 3969 1087 ornare
4012 1025 4282 1105 possint,

2351 1103 2526 1169 unde
2591 1105 3076 1189 inexplicabilia
3138 1107 3424 1190 pericula
3498 1116 3561 1171 et
3640 1107 3812 1172 mala
3875 1109 4279 1176 exoriantur.

2350 1190 2748 1255 consolatur
2816 1200 3034 1255 autem
3109 1214 3333 1257 rursus
3398 1213 3529 1256 non
3584 1191 3994 1258 mediocriter
4058 1194 4282 1261 divina

2349 1275 2463 1340 illa
2529 1276 2781 1341 bonitas
2833 1278 3292 1361 sapientiaque,
3352 1276 3626 1360 denique
3682 1280 4282 1361 praesentissimum

2351 1360 2624 1427 Domini
2667 1363 2738 1427 in
2783 1373 2964 1428 tanto
2999 1364 3286 1446 periculo
3323 1364 3656 1428 auxilium.
3717 1363 3883 1429 Inde
3929 1365 4105 1428 enim
4148 1365 4280 1431 col-

2349 1448 2483 1532 ligo
2536 1448 2811 1513 eundem
2870 1449 3055 1512 vobis
3103 1451 3317 1531 gratia
3370 1471 3490 1514 sua
3532 1470 3787 1532 semper
3828 1451 4043 1516 affore.
4133 1453 4279 1536 Ago

2349 1533 2447 1597 illi
2512 1534 2757 1613 gratias
2822 1556 2938 1617 pro
3002 1544 3187 1599 tanto
3253 1535 3563 1599 beneficio
3625 1536 3810 1601 vobis
3874 1537 3944 1599 in
3989 1543 4280 1620 tempore

2351 1621 2621 1684 mirifice
2662 1622 2994 1702 praestito,
3040 1641 3275 1702 oroque
3318 1630 3393 1684 ut
3436 1642 3554 1685 vos
3598 1621 3767 1685 tueri
3808 1629 4053 1705 pergat.
4144 1620 4279 1688 Sed

2351 1705 2574 1772 nullus
2597 1705 3060 1788 propemodum
3097 1705 3177 1769 de
3212 1707 3341 1769 illis
3363 1706 3571 1771 turbis
3588 1726 3800 1771 sermo
3840 1717 3939 1772 est
3979 1707 4277 1789 amplius.

2350 1791 2579 1856 Novae
2635 1791 3019 1855 adferuntur
3065 1813 3104 1854 a
3149 1791 3371 1856 multis
3415 1792 3713 1873 querelae
3757 1792 3836 1856 de
3870 1793 4279 1875 quorundam

2349 1876 2764 1953 crudelitate,
2823 1878 2933 1959 qui
2996 1896 3114 1959 per
3162 1885 3485 1940 tormenta
3553 1886 3983 1960 extorqueant
4037 1878 4278 1945 vinctis

2349 1982 2515 2045 quae
2560 1962 2627 2026 hi
2670 1984 2825 2027 mox
2868 1962 2938 2025 in
2982 1961 3313 2045 suppliciis
3356 1972 3681 2027 revocent.
3700 1963 3757 2047 ²)
3805 1961 4000 2049 [Item
4026 1962 4105 2027 de
4132 1962 4271 2029 Gaz-

2348 2049 2488 2112 vini
2541 2047 2689 2113 odio
2742 2048 3136 2129 implacabili
3193 2056 3419 2114 contra
3472 2048 3936 2130 amplissimam
3979 2048 4277 2114 Beruen-

2350 2134 2521 2198 sium
2578 2134 3065 2216 rempublicam,
3086 2135 3140 2210 ⁸)
3196 2153 3389 2216 quam
3448 2155 3622 2199 nunc
3674 2135 3997 2217 suggestis
4038 2134 4280 2217 iniquis

2350 2219 2629 2284 foederis
2669 2218 3055 2302 prorogandi
3099 2220 3412 2301 capitibus
3447 2240 3486 2283 a
3528 2219 3888 2284 clarissima
3929 2221 4278 2286 Geneven-

2349 2305 2525 2370 sium
2582 2303 2910 2387 republica
2962 2305 3267 2369 divellere
3311 2305 3575 2381 nitatur,
3634 2311 3711 2368 ut
3758 2306 3894 2386 ipse
3951 2326 4101 2370 cum
4143 2306 4278 2372 suis

2352 2389 2567 2456 Gallis
2611 2390 2756 2455 urbi
2800 2411 2915 2473 pro
2958 2410 3076 2454 suo
3119 2390 3490 2454 dominetur
3531 2384 3847 2476 arbitrio]
3916 2388 4049 2454 Sed
4082 2391 4278 2456 intel·

2348 2476 2501 2560 ligis
2533 2496 2640 2540 me
2679 2474 2856 2558 loqui
2899 2495 3030 2539 non
3067 2496 3150 2539 ex
3194 2496 3338 2539 mea
3378 2474 3491 2540 sed
3530 2476 3803 2539 aliorum
3861 2476 4076 2556 potius
4130 2496 4278 2541 sen·

2354 2562 2575 2627 tentia.
2662 2561 2930 2626 Interea
2994 2562 3127 2627 scio
3181 2561 3411 2645 quibus
3469 2562 3624 2625 olim
3666 2560 3830 2625 odiis
3873 2559 4099 2625 beatae
4142 2582 4277 2626 me-

2352 2648 2596 2712 moriae
2664 2647 2999 2731 Zuinyliue
3055 2655 3123 2712 et
3173 2654 3325 2712 ante
3379 2645 3634 2712 saecula
3690 2646 3937 2729 aliquot
3988 2645 4275 2729 chryso-

2349 2740 2597 2798 stomus
2639 2743 2706 2797 et
2730 2733 3114 2798 Ambrosius
3145 2734 3419 2816 gravati,
3464 2733 3659 2796 etiam
3703 2731 3784 2796 ab
3819 2731 4279 2814 integrioribus

2349 2817 2613 2884 iudicati
2656 2819 2792 2883 sint
2834 2819 3030 2883 nimis
3071 2838 3213 2883 esse
3275 2818 3509 2883 severi.
3587 2818 3676 2882 Et
3726 2817 3985 2901 quidem
4043 2815 4278 2883 modus

2350 2905 2421 2969 in
2477 2924 2548 2969 re
2590 2904 2824 2986 quavis
2865 2902 3241 2987 probandus
3281 2912 3397 2981 est,
3442 2924 3642 2986 quum
3687 2912 3753 2967 et
3793 2903 4052 2985 sapiens
4095 2901 4277 2967 dixe-

2350 2991 2456 3069 rit,
2505 2989 2779 3054 nimium
2837 2989 3245 3072 emungendo
3312 2989 3456 3052 elici
3522 2989 3925 3072 sanguinem.
4015 2986 4148 3052 Sed
4206 2996 4273 3053 te

2347 3076 2493 3142 istis
2539 3077 2731 3143 rebus
2772 3073 2951 3140 haud
2995 3074 3186 3140 dubie
3230 3094 3363 3141 non
3408 3077 3748 3154 immisces,
3795 3074 4025 3157 quibus
4067 3084 4134 3138 te
4166 3073 4280 3139 isti

2347 3162 2576 3229 ducem
2622 3172 2689 3227 et
2730 3169 3021 3226 autorem
3064 3161 3327 3227 faciunt.
3415 3161 3489 3226 Si
3534 3160 3792 3243 quando
3834 3161 3960 3224 viri
4002 3160 4157 3225 boni
4193 3181 4279 3225 ex

2344 3246 2746 3332 principibus
2801 3247 2920 3313 tibi
2974 3247 3329 3312 familiares
3371 3255 3552 3312 tuam
3595 3253 3828 3330 rogent
3868 3246 4277 3324 sententiam,

2345 3334 2479 3400 ecio
2500 3333 2613 3398 illa
2634 3345 2700 3397 te
2742 3332 2875 3398 illis
2918 3352 3267 3416 suggerere
3289 3354 3454 3416 quae
3476 3333 3735 3414 pietatis
3777 3339 3935 3398 sunt
3965 3351 4040 3397 ac
4081 3331 4277 3415 pacis·

2348 3418 2550 3506 [Nam
2628 3418 2941 3502 intelligis
3006 3418 3361 3482 Dominum
3430 3419 3643 3481 Deum
3713 3427 4005 3480 nostrum
4081 3436 4279 3499 opera

2345 3525 2540 3570 usum
2592 3504 2981 3570 Bernatium
3049 3504 3121 3568 in
3167 3502 3513 3570 asserenda
3552 3501 4012 3585 liberandaque
4054 3502 4276 3568 claris-

2343 3591 2508 3656 sima
2554 3589 3042 3656 Genevensium
3085 3588 3418 3671 republica
3462 3586 3871 3673 atyrannide
3916 3608 4113 3670 quum
4158 3607 4275 3670 pa-

2341 3697 2464 3758 pae
2506 3684 2647 3741 tum
2690 3676 3001 3758 principis
3058 3675 3483 3758 Allobrogum
3540 3673 4017 3754 nobiliumque:
4063 3692 4275 3754 neque

2342 3761 2623 3828 dubium
2687 3769 2785 3825 est
2850 3760 3092 3825 dudum
3147 3761 3291 3824 illos
3334 3769 3744 3842 reparaturos
3786 3759 3987 3823 fuisse
4031 3757 4275 3823 bellum

2341 3847 2474 3911 nisi
2554 3848 2918 3912 Bernatum
2988 3845 3374 3910 metuissent
3437 3846 3808 3928 potentiam.
3929 3842 4034 3907 Ita
4099 3844 4277 3908 enim

2340 3933 2627 3997 Domino
2685 3934 2813 4008 (cui
2873 3932 2993 3996 soli
3054 3929 3462 3995 tribuendum
3507 3943 3608 3995 est
3651 3929 4034 3994 assertionis
4080 3928 4274 3993 bene-

2342 4019 2591 4101 ficium)
2616 4017 2876 4101 placuit,
2915 4019 3261 4081 autoritate
3284 4016 3641 4081 Bernatum
3667 4015 3887 4079 hostes
3907 4014 4275 4079 absterrere

2341 4113 2596 4170 vestros
2630 4103 2984 4186 urbemque
3027 4111 3312 4166 vestram
3357 4104 3547 4166 tueri.
3634 4099 3862 4170 Sicubi
3906 4119 4063 4163 vero
4108 4099 4273 4164 Ber-

2344 4211 2581 4254 uenses
2644 4188 2977 4253 nonnullis
3021 4188 3149 4253 visi
3212 4201 3367 4252 sunt
3408 4188 3817 4270 imperiosius
3832 4191 3890 4261 ⁴)
3955 4183 4273 4266 quaedam

2344 4275 2454 4341 vel
2496 4275 2857 4358 postulasse
2902 4275 3006 4338 vel
3044 4275 3252 4357 egisse
3274 4272 3638 4355 aliquando,
3684 4291 4013 4353 nunquam
4050 4283 4273 4334 tamen

2344 4359 2645 4425 beneficii
2728 4359 2904 4424 illius
2981 4360 3223 4439 accepti
3306 4358 3775 4423 obliviscuntur
3853 4355 4269 4422 cordatiores:

2344 4454 2683 4529 praeterea
2726 4447 3013 4528 cogitant
3068 4444 3189 4508 sibi
3246 4465 3395 4510 cum
3446 4442 3809 4508 hominibus
3878 4461 4021 4504 esse
4076 4461 4276 4523 nego·

2346 4532 2534 4610 tium,
2591 4538 2661 4596 et
2714 4552 2821 4595 res
2862 4530 3182 4595 humanas
3236 4550 3570 4612 nunquam
3634 4530 3727 4592 ita
3782 4537 4088 4609 purgatas
4132 4545 4275 4590 esse

2347 4617 2509 4700 quin
2545 4616 2626 4681 de
2666 4616 2894 4681 multis
2929 4619 3132 4699 queri,
3158 4616 3363 4680 multa
3406 4613 3686 4697 denique
3720 4610 4088 4676 desiderare
4125 4631 4273 4693 pos-

2550 4906 2613 4973 2)
2651 4905 2727 4961 N.
2758 4904 2913 4959 2263.
2946 4903 3099 4958 2286.

2504 5112 2517 5126 ·
2550 4974 2613 5109 P)
2648 4973 3288 5112 ᾗπῗὸἓὸαᾶοἪώκκο
3332 5041 3539 5108 leqatus
3584 5055 3653 5092 m.
3699 5041 3945 5118 Augusto
3989 5039 4276 5105 proponat·

2349 5112 2685 5168 conditiones
2716 5112 2852 5167 tales
2879 5111 3103 5177 fuerunt
3135 5125 3274 5180 quae
3313 5108 3641 5162 Geneveuees
3675 5121 3918 5174 accipere
3946 5113 4275 5177 recusarent,

2350 5187 2403 5237 et
2435 5181 2489 5235 d.
2522 5179 2610 5237 28.
2645 5179 2772 5236 Ian.
2808 5179 2943 5233 1556
2973 5177 3208 5248 prolieie
3237 5178 3413 5232 literis
3444 5176 3884 5231 denonetrarunt
3918 5188 4030 5229 sese
4058 5174 4274 5230 illorum

2343 5251 2642 5319 postulatis
2672 5265 2953 5319 nunquan·
2988 5248 3292 5303 submittere
3325 5262 3380 5299 ee
3411 5259 3579 5313 posse.
3656 5241 3904 5309 (Raetia
3936 5242 4023 5296 VI.
4063 5241 4162 5296 182
4195 5247 4269 5310 c.)

2358 5317 2811 5389 Ofietianquae
2847 5316 3108 5371 Galum}
3146 5309 3847 5374 Dumnacus-fram.
