4850 6200
494 423 625 491 295

494 610 615 677 abs
659 615 723 676 te
757 609 1028 694 pelagus
1052 605 1454 693 Aegyptium
1490 605 1595 674 vel
1630 627 1813 672 mare
1851 604 2142 672 rubrum.
2210 606 2247 670 Ῑ
2359 626 2443 671 ue

493 694 964 780 prospicientes
1041 693 1172 758 iam
1251 689 1528 758 solidum
1592 693 1814 759 orbem
1879 692 2069 758 citius
2179 712 2294 758 erv
2382 711 2445 756 e-

494 802 649 847 mus
718 779 834 847 'reli
880 801 1035 845 uum
1104 777 1316 858 chaos,
1383 786 1459 843 ut
1523 788 1738 845 castra
1797 777 2066 844 tandem
2127 799 2198 842 m
2239 776 2441 856 Elim,

491 867 611 933 ubi
650 875 807 933 sunt
910 864 999 930 Π.
1035 865 1247 930 fontes
1283 883 1600 948 aquarum
1642 871 1710 929 et
1731 861 1953 930 LXX.
1998 862 2255 949 palmae
2297 870 2442 928 ten·

497 951 772 1102 ὼωιξέ.
859 1035 996 1102 Hoc
1061 1053 1237 1116 pane
1314 1038 1369 1100 et
1442 1036 1587 1101 vino
1649 1039 2035 1100 monstratur
2098 1033 2440 1099 communio

737 1142 972 1188 mecum
1024 1120 1275 1187 habetis.
1377 1118 1458 1185 Id
1521 1118 1696 1185 male
1749 1127 2133 1204 excerptum
2192 1124 2293 1184 est
2351 1137 2435 1182 ex

497 1208 662 1275 libro
709 1206 957 1274 calvini
1000 1205 1079 1271 de
1121 1205 1346 1272 Coena
1389 1205 1676 1271 Domini.

668 1296 767 1357 23.
854 1292 982 1360 Hic
1008 1292 1204 1375 panis
1244 1292 1438 1356 datur
1476 1292 1546 1356 in
1577 1290 1920 1375 symbolum
1971 1288 2436 1355 communionis.

499 1377 569 1443 Id
617 1377 973 1444 Inachimus
1027 1375 1349 1460 decerpsit
1404 1396 1442 1441 e
1499 1377 1923 1442 consensione
1980 1375 2437 1441 ministrorum

495 1465 566 1529 in
610 1463 893 1529 ecclesiis
935 1463 1282 1528 Helvetiae
1340 1470 1405 1525 et
1448 1460 1723 1540 Galliae,
1783 1482 1962 1526 more
2020 1481 2167 1539 suo,
2226 1458 2293 1524 id
2337 1468 2438 1524 est

493 1570 704 1634 neque
739 1548 1097 1616 christiana
1130 1568 1342 1631 neque
1363 1547 1738 1632 germanica
1772 1546 1917 1626 fide,
1953 1545 2124 1630 quod
2159 1545 2437 1612 lectores

490 1635 621 1719 ipsi
675 1655 806 1701 non
858 1635 1133 1700 obscure
1186 1640 1472 1700 cernunt
1523 1633 1816 1717 legentes
1871 1632 2066 1716 paulo
2119 1630 2436 1697 attentius

490 1721 706 1807 ipsam
746 1720 1252 1787 consensionem.

666 1809 766 1871 24.
855 1805 992 1870 Hoc
1018 1803 1358 1887 symbolum
1383 1809 1473 1868 est
1505 1802 1849 1884 testificatio
1882 1823 2041 1885 quae
2067 1800 2436 1884 spirituales

488 1892 737 1978 qratia-3
802 1890 1054 1975 fiqurat.
1155 1889 1233 1955 Id
1305 1909 1461 1955 vero
1522 1887 1825 1955 Calvinus
1893 1890 1965 1953 in
2018 1888 2436 1953 Catechismo

491 1975 886 2063 generaliter
928 1976 1186 2059 scripsit
1220 1975 1300 2040 de
1335 1995 1671 2041 sacramen
1680 1974 1778 2040 tis.
1845 1973 1954 2039 Ad
1988 1973 2436 2058 quaestionem

487 2082 796 2146 namque:
844 2060 1022 2143 Quid
1064 2071 1166 2126 est
1206 2058 1739 2126 sacramentum?
1792 2057 2250 2143 respondetur:
2309 2056 2435 2126 Sa-

487 2156 895 2213 cramentum
954 2158 1054 2211 est
1110 2156 1385 2212 externa
1441 2144 1703 2210 divinae
1759 2165 1916 2229 erga
1975 2165 2094 2211 nos
2151 2144 2433 2210 benevo-

486 2233 728 2298 lentiae
802 2232 1171 2297 testificatio
1246 2252 1412 2315 quae
1488 2230 1735 2296 visibili
1807 2232 1994 2314 signo
2060 2230 2433 2314 spirituales

608 2319 734 2383 tias
809 2318 1053 2401 figurat
1128 2317 1208 2382 ad
1289 2316 1724 2401 obsignandas
1803 2316 2106 2382 cordibus
2188 2316 2433 2382 nostris

485 2338 616 2468 ffi
670 2403 1130 2489 promissiones
1186 2424 1314 2487 quo
1358 2423 1582 2468 earum
1630 2402 1872 2467 veritas
1914 2401 2151 2467 melius
2197 2403 2431 2467 confir·

485 2499 718 2556 metur.
783 2488 875 2554 Et
916 2489 1182 2572 reliqua.

657 2579 757 2640 25.
849 2573 1020 2641 Haec
1078 2578 1167 2639 est
1220 2572 1482 2639 soractae
1519 2574 1793 2658 yratuito
1835 2573 2011 2639 nohis
2050 2573 2277 2651 delata,
2332 2575 2436 2639 vis

483 2667 542 2729 et
581 2680 739 2727 usus
780 2661 960 2727 illius·
1001 2661 1072 2724 in
1125 2679 1257 2724 meo
1298 2679 1563 2740 corpore.
1652 2658 1837 2724 Haec
1881 2680 2036 2724 vero
2082 2668 2184 2724 est
2225 2659 2434 2723 inter-

482 2747 760 2832 pretatio
817 2744 1000 2811 verbi
1058 2744 1322 2810 Paulini
1385 2750 1436 2809 l.
1497 2742 1649 2810 Oor.
1693 2745 1781 2811 X.
1839 2753 2116 2808 κοινωνία
2176 2752 2240 2809 et
2298 2765 2433 2809 non

482 2833 836 2900 verborum
861 2831 1132 2896 Domini
1175 2831 1256 2896 de
1291 2848 1521 2895 coena:
1589 2830 1738 2896 Hoc
1774 2841 1876 2895 est
1908 2851 2145 2915 corpus
2186 2850 2429 2895 meum.

482 2918 701 2986 Etiam
763 2918 1048 3000 reliquae
1106 2917 1466 2980 sententiae
1510 2915 1622 2981 vel
1663 2917 2030 2998 opiniones,
2088 2924 2166 2981 ut
2222 2914 2433 2981 bellus

481 3006 610 3071 iste
653 3003 999 3087 farraginis
1043 3010 1237 3078 sator,
1283 3020 1548 3078 messor,
1588 3012 1943 3085 congestor,
1988 3022 2232 3086 pronus
2275 3022 2433 3068 eon-

485 3088 608 3157 dns
658 3098 876 3168 vocat,
935 3087 1082 3172 pari
1139 3086 1267 3152 fide
1324 3107 1406 3151 ex
1460 3086 1647 3154 libris
1691 3088 1771 3152 D.
1817 3087 2086 3154 Ioannis
2142 3111 2185 3155 a
2231 3087 2433 3155 Lasco

487 3176 798 3258 decerpta
838 3182 1009 3239 sunt.
1066 3172 1138 3238 Is
1181 3193 1297 3256 pro
1340 3194 1462 3238 sua
1503 3173 1763 3257 pietate,
1806 3173 1934 3240 fide
1978 3175 2048 3238 in
2085 3173 2427 3240 Christum

484 3269 554 3326 et
609 3259 968 3338 ecclesiam,
1024 3257 1371 3337 modestia,
1431 3257 1750 3338 doctrina,
1811 3261 2074 3344 ingenio
2121 3259 2429 3326 Ioachimi

482 3346 680 3412 huius
725 3365 990 3430 operam
1050 3343 1421 3411 aestimabit
1475 3353 1543 3409 et
1597 3345 1766 3428 quod
1809 3367 1917 3411 res
1973 3344 2261 3429 postulat
2315 3347 2426 3423 ita,

480 3452 839 3517 speramus,
907 3431 1119 3498 faciet.
1206 3429 1365 3497 Ideo
1421 3429 1744 3515 reliquum
1817 3431 2161 3513 Westphazi
2227 3430 2427 3498 chaos

479 3516 980 3602 pervolabimus.

653 3606 753 3668 26.
843 3602 1021 3669 Haec
1081 3606 1172 3668 est
1229 3603 1573 3669 communio
1647 3603 1717 3667 in
1771 3622 2023 3686 corpore
2082 3622 2230 3681 nnec,
2291 3622 2424 3667 non

481 3692 671 3756 iuxta
712 3687 1148 3755 substantiam
1191 3708 1378 3754 suam
1423 3687 1793 3754 naturalem
1837 3688 1953 3754 sed
1996 3689 2185 3754 iuxta
2226 3688 2424 3753 meri·

481 3784 627 3842 tum
661 3774 982 3859 passionis
1016 3787 1083 3838 et
1117 3774 1345 3839 mortis
1380 3794 1565 3839 meae
1599 3781 1667 3839 et
1700 3774 1975 3859 gloriam
2004 3772 2425 3840 admirandae

482 3881 666 3928 meae
710 3859 1224 3927 resurrectionis.

654 3951 755 4011 27.
847 3945 1021 4011 Haec
1069 3950 1158 4010 est
1208 3945 1486 4027 qualitas
1526 3946 1648 4010 mei
1684 3946 1965 4027 corporis
2004 3944 2178 4012 vobis
2217 3945 2427 4012 delata

485 4055 526 4099 a
569 4031 804 4116 quibus
849 4031 1287 4099 substantiam
1331 4031 1616 4113 corporis
1661 4032 1894 4114 accepi.

655 4122 756 4184 28.
847 4117 1021 4184 Haec
1061 4121 1152 4182 est
1181 4136 1397 4183 coenae
1428 4117 1716 4183 instituta
1750 4119 1976 4200 forma,
2023 4119 2428 4184 caeremonia

483 4206 753 4291 ipsaque
797 4211 1106 4270 externae
1151 4223 1392 4268 coenae
1437 4203 1623 4268 aetio.

654 4294 755 4356 29.
847 4289 982 4355 Hoc
1023 4294 1211 4355 totum
1252 4289 1414 4371 quod
1469 4309 1634 4353 nunc
1674 4289 1959 4366 instituo,
2018 4309 2232 4373 nempe
2276 4289 2428 4356 haec

480 4397 664 4444 coena
717 4380 804 4441 est
860 4395 1080 4459 corpus
1131 4396 1336 4441 meum
1376 4374 1418 4437 i.
1461 4394 1514 4438 e.
1571 4374 1878 4453 societas,
1938 4374 2078 4440 sive
2136 4396 2425 4442 commu-

480 4463 694 4528 nionis
737 4471 995 4527 nostrae
1034 4467 1518 4528 sacramentum
1560 4460 1632 4525 in
1676 4480 1947 4544 corpore
1989 4481 2149 4526 mec.

655 4551 755 4614 30.
847 4548 1019 4613 Haec
1084 4552 1171 4612 est
1238 4546 1582 4613 communio
1623 4567 1736 4612 seu
1779 4548 1886 4612 ius
1947 4547 2244 4613 donatum
2285 4567 2425 4612 mea

479 4639 667 4701 Μανία
710 4635 778 4699 in
820 4653 1066 4715 corpore
1106 4654 1253 4698 meo.

655 4724 754 4785 31.
846 4718 1021 4784 Haec
1071 4723 1158 4784 est
1211 4717 1484 4786 visibilis
1536 4724 1823 4785 extemae
1882 4717 2214 4784 voluntatis
2256 4738 2426 4784 meae

480 4807 851 4871 mastatio.

650 4890 874 4957 Habes
917 4910 1090 4975 ergo,
1149 4889 1491 4966 Ioachime,
1551 4889 1843 4957 tabulam
1883 4895 1951 4954 et
1993 4889 2192 4954 chaos
2235 4895 2423 4953 tuum

482 4975 712 5041 maiori
794 4975 903 5041 dili
953 4976 1130 5042 entia
1203 4987 1272 5041 et
1353 4974 1481 5041 fide
1560 4975 1961 5059 explicatum
2025 4994 2219 5058 quam
2285 4974 2425 5057 ipse

481 5061 834 5159 scripseris.
903 4997 1080 5143 &uid
1121 5081 1277 5126 vero
1319 5083 1542 5128 censes
1583 5082 1778 5145 porro
1821 5060 2188 5126 faciendum
2236 5058 2425 5126 esse?

483 5144 630 5210 Nisi
674 5144 973 5229 displicet
1017 5148 1152 5224 tibi,
1198 5147 1506 5230 Neptuno
1543 5147 1649 5213 vel
1691 5147 1909 5231 potius
1946 5146 2098 5213 Iesu
2134 5144 2423 5228 Christo,

481 5233 802 5297 servatori
837 5240 1075 5313 nostro,
1112 5234 1222 5316 qui
1259 5234 1455 5298 verbo
1490 5233 1889 5317 compescuit
1922 5254 2189 5299 saevum
2225 5253 2425 5313 mare,

479 5316 774 5384 tabulam
811 5317 984 5384 banc
1002 5321 1291 5385 votivam
1326 5319 1798 5403 suspendamus
1832 5327 1898 5385 et
1931 5320 2060 5385 iam
2099 5318 2429 5404 paulisper

1994 412 2522 486 EPISTOLAE
2565 415 2991 484 2035—2038

4356 415 4487 479 296

2544 606 2618 671 in
2659 603 2923 672 coelesti
2964 603 3119 685 solo,
3177 624 3296 688 per
3336 603 3603 703 Elysios
3643 622 3908 689 campos
3946 622 4191 701 perque
4206 689 4221 703 ·
4234 601 4487 669 eoelum

2543 710 2926 777 empyreum
2968 691 3438 791 sententiarum
3473 687 3826 790 solidarum
3868 694 3937 755 et
3970 695 4485 755 certissimarum

2544 776 2626 843 de
2668 798 2869 844 coena
2912 774 3184 843 Domim
3228 777 3675 861 spatiabimus.

3400 1303 3601 1376 2⁰3⁶.

2946 1456 3614 1526 BULLINGERUS
3658 1454 4092 1524 OALVINO.

2716 1628 2918 1695 Mittit
2982 1630 3042 1694 ei
3104 1630 3540 1695 Tur-{censium
3610 1629 3851 1696 iudicia
3918 1635 3976 1695 et
4041 1628 4487 1702 motatione-⁹,

2527 1717 2913 1799 pracsertim
2965 1713 3368 1795 Biblicndri‚
3422 1715 3732 1798 huiusque
3782 1713 4077 1795 tabulam,
4137 1715 4349 1781 omnia
4402 1714 4487 1780 ad

2540 1800 2983 1883 Defensionem
3030 1798 3378 1867 Consensus
3407 1801 3811 1883 pertinentia.

2540 1972 2653 2039 (Ex
2700 1970 3034 2042 autographo
3071 1972 3234 2025 Arch.
3272 1972 3449 2026 Turio.
3491 1971 3633 2027 Plut.
3669 1971 3772 2027 v1.
3810 1971 3937 2028 Vol.
3967 1968 4087 2038 129,
4132 1970 4263 2025 olim
4307 1970 4484 2026 Seria.

2760 2041 2820 2095 B.
2858 2042 3000 2111 Epp.
3038 2039 3191 2095 Tom.
3229 2039 3314 2105 30,
3352 2041 3441 2094 fol.
3477 2039 3597 2094 300.
3636 2068 3701 2079 —
3736 2039 3946 2096 Simler.
3978 2039 4097 2095 Vol.
4131 2038 4246 2108 83.)

2709 2211 2778 2278 S.
2835 2213 2920 2279 D.
3009 2213 3353 2278 Brevitate
3430 2213 3740 2296 temporis
3806 2212 4110 2279 exclusus
4177 2221 4243 2277 et
4310 2212 4481 2279 mole

2538 2299 2952 2382 negotiorum
3005 2318 3350 2382 oppressus
3409 2297 3777 2382 afflictaque
3820 2296 4197 2364 valetudine
4254 2296 4484 2363 debili-

2537 2392 2717 2449 tatus
2758 2403 2891 2448 non
2935 2404 3196 2467 possum
3252 2385 3470 2449 omnia
3513 2403 3678 2467 quae
3720 2384 3869 2448 volo
3914 2394 4129 2450 tecum
4173 2384 4482 2449 conferre.

2536 2470 2645 2534 Ex
2687 2469 2914 2552 paucis
2957 2489 3140 2553 ergo,
3200 2490 3314 2551 pro
3360 2478 3477 2534 tua
3518 2467 3883 2553 prudentia,
3930 2468 4337 2535 existimabis
4377 2490 4485 2535 re-

2536 2554 2731 2638 liqua.
2813 2554 3126 2639 Magnam
3168 2554 3372 2620 iniisti
3413 2556 3695 2639 gratiam
3738 2555 3913 2638 apud
3957 2574 4187 2621 omnes
4226 2566 4485 2622 nostros

2536 2640 2781 2723 scripta
2850 2642 3280 2723 responsione.
3382 2641 3820 2724 Agnoscimus
3883 2661 4111 2706 omnes
4175 2660 4298 2705 nos
4362 2641 4485 2708 tibi

2536 2725 2816 2790 multum
2872 2724 3123 2791 debere.
3211 2727 3303 2791 Et
3353 2726 3613 2809 quidem
3673 2747 3791 2808 pro
3846 2726 3961 2791 illa
4014 2735 4239 2791 nostra
4291 2727 4364 2791 in
4418 2739 4485 2792 te

2536 2811 2774 2877 fiducia
2830 2810 3001 2877 bona
3056 2813 3380 2877 mittimus
3452 2811 3533 2878 ad
3592 2821 3656 2876 te
3715 2812 4138 2896 cogitationes
4204 2820 4480 2890 nostras,

2535 2907 2797 2962 orantes
2873 2906 2950 2962 ut
3023 2898 3181 2962 boni
3255 2897 3572 2964 consulas.
3683 2894 3958 2964 Sincere
4021 2899 4198 2963 enim
4262 2900 4483 2965 animo

2536 2983 2878 3048 scribimus
2936 2982 3098 3048 haec
3156 3005 3320 3066 quae
3377 2984 3578 3049 vides.
3676 2984 3997 3049 Maiorem
4056 2993 4312 3068 partem
4361 3004 4485 3069 ego

2536 3090 2618 3136 ex
2663 3068 2989 3135 sententia
3029 3089 3230 3152 quum
3273 3090 3418 3136 mea
3460 3076 3605 3136 tum
3651 3070 3927 3136 aliorum
3971 3071 4260 3137 exaravi.
4350 3071 4483 3137 Ea-

2534 3155 2683 3221 dem
2744 3163 2845 3221 est
2899 3156 3072 3220 enim
3131 3156 3423 3220 omnium
3494 3164 3790 3222 nostrum
3852 3157 4196 3222 sententia.
4298 3155 4486 3222 Iuvit

2531 3262 2639 3307 me
2699 3241 2782 3307 D.
2831 3239 3260 3316 Moru-3¹)
3316 3262 3396 3306 ex
3455 3242 3787 3308 communi
3844 3261 4098 3326 quoque
4154 3243 4488 3309 sententia

2532 3326 2824 3393 scribens
2880 3345 3045 3408 quae
3096 3324 3283 3393 vides
3338 3329 3480 3392 eius
3531 3348 3735 3393 manu
3795 3336 4078 3394 exarata.
4166 3328 4276 3393 Ita
4316 3348 4478 3394 vero

2530 3410 2996 3478 festinavimus
3038 3421 3115 3476 ut
3157 3433 3290 3477 non
3327 3412 3588 3479 licuerit
3623 3412 4006 3480 describere.
4074 3413 4287 3479 Valde
4321 3434 4481 3499 ergo

2531 3506 2598 3562 te
2640 3518 2771 3575 oro,
2811 3497 2904 3562 mi
2940 3497 3210 3578 domine
3252 3507 3321 3563 et
3354 3499 3573 3576 frater,
3619 3508 3695 3564 ut
3734 3507 4081 3584 postquam
4119 3519 4196 3564 eo
4240 3500 4484 3583 scripto

2532 3604 2691 3649 usus
2734 3583 2937 3649 fueris
2977 3584 3291 3650 remittas.
3381 3584 3682 3651 Placeret
3724 3585 3896 3652 hanc
3939 3585 4235 3651 tabulam
4280 3606 4484 3652 manu

2537 3669 2845 3736 Theodori
2907 3678 3263 3734 exaratam·
3308 3675 3377 3735 et
3443 3671 3605 3736 alias
3667 3673 3756 3748 (si
3817 3672 3914 3737 ita
3970 3670 4091 3736 tibi
4143 3671 4485 3758 videatur)

2528 3757 2888 3840 praefigere
2957 3754 3380 3822 declarationi
3446 3764 3706 3822 nostrae
3764 3756 4256 3835 consensionis,
4322 3778 4484 3824 mox

2528 3849 2677 3926 post
2718 3842 3063 3925 epistolam
3121 3840 3204 3906 ad
3256 3842 3595 3908 ministros
3637 3843 4056 3909 ecclesiarum
4102 3842 4484 3920 Helvetica-

2528 3949 2706 4008 rnm,
2764 3927 2895 3994 nisi
2950 3927 3119 3993 alius
3174 3927 3293 3992 tibi
3354 3929 3655 3993 videatur
3711 3929 3893 3995 locus
3952 3930 4396 4012 opportunior.
4419 3931 4480 4015 2)

2528 4014 2731 4078 Forte
2774 4013 2896 4079 sub
2952 4015 3150 4079 finem
3168 4064 3182 4091 ,
3240 4023 3387 4097 post
3430 4016 3902 4099 expositionem
3947 4015 4297 4081 verborum
4340 4015 4482 4081 Do-

2527 4099 2712 4164 mini.
2800 4098 3024 4177 Vides,
3068 4101 3161 4164 mi
3206 4100 3427 4178 frater,
3473 4122 3591 4167 nos
3630 4122 3713 4166 ex
3755 4101 3977 4166 animo
4020 4121 4283 4184 operam
4328 4120 4483 4167 nos·

2529 4194 2701 4250 tram
2744 4183 2865 4249 tibi
2908 4186 3321 4269 coniungere.
3410 4187 3511 4251 Tu
3555 4187 3708 4252 vide
3750 4207 3835 4251 ne
3880 4184 3992 4251 diu
4036 4184 4319 4265 differas,
4363 4187 4482 4253 sed

2530 4271 2752 4336 omnia
2819 4280 3048 4354 parata
3103 4282 3363 4337 mature
3420 4274 3739 4338 remittas.
3837 4271 4246 4339 Gonabimur
4303 4271 4481 4357 apud

2529 4357 2904 4422 Beruenses
2924 4358 2981 4440 ⁸)
3040 4357 3356 4441 primum,
3430 4357 3663 4424 deinde
3719 4357 3893 4444 apud
3957 4357 4120 4423 alias
4170 4358 4479 4425 ecclesias

2529 4442 2811 4507 fideliter
2936 4464 3062 4509 ere.
3120 4444 3465 4522 Fortassis,
3510 4466 3711 4528 quum
3742 4465 3860 4528 pro
3895 4446 4221 4510 sententia
4253 4454 4481 4511 nostra

2529 4527 3007 4612 responderint,
3064 4528 3187 4594 tibi
3229 4537 3450 4613 partes
3494 4530 3828 4596 dabuntur
3870 4529 4107 4615 agendi
4151 4549 4305 4597 cum
4341 4530 4478 4596 tuis

2529 4623 2597 4679 et
2654 4613 2904 4680 vicinis.
2982 4615 3343 4682 Metuimus
3387 4617 3799 4683 Basilienscs.
3824 4621 3878 4692 ⁴)
3957 4615 4033 4682 Si
4083 4617 4193 4700 qui
4250 4623 4479 4682 tamen

2528 4721 2600 4765 se
2665 4701 3121 4783 separaverint
3197 4703 3707 4769 consultabimus
3785 4703 3856 4767 in
3936 4722 4312 4781 commune,
4392 4724 4480 4768 ne

2529 4989 2718 5046 2086.
2737 4991 2794 5059 1)
2832 4991 3172 5047 Bibliauder.

2732 5059 2793 5126 2)
2836 5058 3101 5115 Calvinus
3135 5076 3250 5115 eam
3284 5075 3397 5114 non
3430 5062 3646 5128 wespa.

2611 5202 2622 5212 ,
2731 5127 2791 5196 3)
2834 5129 3008 5211 Quod,
3036 5138 3214 5212 tamen
3254 5144 3368 5182 non
3411 5129 3658 5194 recenant
3698 5136 3747 5186 et
3795 5127 4067 5196 Defmio
4111 5127 4258 5183 edita
4301 5136 4382 5184 m
4414 5136 4485 5187 ωε

2519 5214 2642 5350 Ρη,
2731 5265 2794 5331 4)
2829 5197 3269 5350 φισῗιᾳᾝῦοιὲΐίὶ
3306 5265 3599 5338 Myconius
3633 5282 3793 5338 acore
3840 5267 4041 5323 tulerat
4074 5280 4130 5321 se
4162 5266 4224 5322 ἀι
4255 5266 4352 5323 ιἸῙο
4383 5283 4481 5324 ne-

2524 5342 2674 5407 qoem
2701 5341 3065 5406 praetentum
3096 5336 3286 5400 lause.
