4850 6200
329 407 448 469 79⁷

327 593 625 678 Tigurini
670 602 737 659 et
770 593 1169 661 Basilienses
1188 594 1514 661 coniuncti
1553 593 1944 678 legationem
1973 596 2261 675 mittant,

326 688 392 745 et
446 700 521 745 se
577 679 662 745 ad
714 680 1052 746 vitandum
1105 679 1484 746 scandalum
1537 692 1602 745 et
1644 679 1854 745 maius
1898 682 2256 763 periculum

326 766 605 831 arbitros
661 767 1098 850 interponant,
1159 774 1276 832 aut
1334 765 1566 831 saltem
1612 787 1799 832 suam
1835 785 2099 849 operam
2141 790 2260 852 per

321 851 546 918 literas
581 852 877 918 offerant.
966 850 1139 918 Sunt
1186 850 1354 939 [qui]
1372 851 1430 937 8)
1467 863 1731 934 sperent
1786 852 2046 933 utrique
2087 856 2257 935 parti

321 936 445 1004 hoc
491 936 681 1002 valde
735 946 1000 1021 gratum
1063 937 1379 1002 futurum.
1465 939 1570 1002 'Pu
1633 939 1852 1020 itaque
1922 936 2096 1029 [pro]
2143 949 2257 1004 tua

319 1021 672 1107 prudentia
749 1044 899 1089 cum
978 1022 1063 1087 D.
1144 1023 1441 1105 Lafatero
1515 1033 1583 1088 et
1658 1023 1804 1088 aliis
1861 1024 2052 1090 bonis
2095 1025 2255 1090 haec

320 1106 571 1195 co[nfer
591 1106 681 1195 ἢ,
729 1121 794 1173 et
838 1110 895 1174 si
931 1110 1174 1174 bonum
1209 1108 1538 1174 videbitur
1578 1110 1757 1193 agito
1799 1118 1875 1173 ut
1917 1110 2082 1175 citra
2117 1131 2254 1174 mo·

319 1216 462 1260 ram
500 1194 631 1259 tale
673 1192 830 1278 quid
873 1196 1000 1259 fiat.

491 1281 662 1345 Novi
719 1281 882 1345 alias
925 1279 1091 1345 nihil
1146 1280 1477 1346 habemus.

317 1366 471 1432 beas
508 1373 583 1430 tu
628 1365 708 1431 de
742 1366 1002 1450 Anglia.
1093 1366 1355 1432 Salutat
1398 1378 1463 1431 te
1506 1365 1855 1431 Masculus.
1945 1366 2257 1432 Mauritio

316 1460 392 1518 ut
443 1451 796 1534 aliquando
843 1453 1089 1518 scribas
1145 1460 1210 1516 te
1265 1454 1505 1517 iterum
1564 1473 1736 1535 roge.
1825 1450 1984 1516 Dixi
2038 1453 2134 1517 illi
2190 1462 2256 1517 te

316 1538 439 1604 hoc
473 1538 830 1604 facturum:
875 1537 988 1603 ille
1020 1559 1177 1603 vero
1220 1538 1737 1604 selibentissime
1779 1545 1845 1602 te
1887 1559 2007 1621 pro
2050 1542 2256 1603 amico

317 1623 700 1689 habiturum
743 1623 1093 1708 respondit.
1182 1624 1274 1690 Ut
1317 1644 1472 1707 ergo
1534 1623 1730 1688 homo
1787 1632 1904 1703 est,
1969 1626 2062 1688 ita
2116 1645 2253 1689 mo-

315 1731 456 1775 rem
502 1729 694 1795 geras
738 1718 1009 1793 oportet.
1085 1709 1252 1774 Vale
1294 1710 1536 1774 iterum
1571 1732 1718 1775 cum
1759 1711 1887 1774 tuis
1931 1710 2252 1786 omnibus,

355 1816 479 1861 uos
540 1816 685 1860 meo
737 1815 1160 1877 meorumque
1215 1796 1480 1859 nomine
1529 1794 1841 1861 salutabis
1884 1795 2250 1879 diligenter.

415 1900 576 1947 rnae
621 1883 722 1945 26.
769 1880 1178 1966 Septembris
1229 1886 1407 1944 1555.

1223 2018 1506 2083 Ioannes
1548 2016 1861 2082 Hallerus
1905 2027 2081 2083 tuus.

1565 1280 1894 1364 Exspecto
1937 1280 2094 1362 quid
2138 1280 2254 1346 ha·

1073 2327 1480 2337 -—-—--—-

1178 2563 1379 2634 23⁰7.

705 2718 1375 2788 BULLINGERUS
1424 2719 1859 2786 CALVINO.

483 2890 751 2955 Gratias
810 2891 944 2973 ayit
1004 2890 1081 2956 de
1132 2890 1433 2957 relatione
1494 2890 1868 2956 Genevevms
1917 2889 2242 2957 seditionis

299 2974 429 3041 sobi
448 2977 666 3040 missa.
741 2974 904 3040 Tum
944 2977 1106 3040 serio
1131 2975 1457 3042 calvinum
1499 2975 1780 3039 hortatur
1798 2981 1869 3041 ui
1893 2976 2243 3042 Beruenses

301 3063 378 3128 ab
422 3061 645 3128 collata
693 3061 766 3126 in
827 3062 1277 3128 Genevensium
1328 3061 1769 3144 rempublicam
1809 3062 2098 3145 beneficia
2140 3082 2246 3129 ae-

299 3149 570 3214 stimare
607 3149 826 3229 potius
879 3169 1071 3230 quam
1127 3149 1375 3213 invidia
1417 3149 1718 3230 prosequi
1758 3150 1902 3213 velit
1936 3155 1994 3214 et
2023 3168 2248 3228 pacem

299 3233 460 3300 eolat
519 3234 691 3299 omni
739 3234 1102 3315 posthabita
1154 3235 1510 3300 inimicitia.
1599 3233 1924 3300 Iudicium
1987 3236 2065 3300 de
2109 3231 2245 3300 Me-

299 3319 668 3386 lanehthone
725 3320 975 3386 subiicit
1037 3341 1161 3387 non
1234 3320 1404 3385 omni
1474 3340 1552 3385 ex
1592 3325 1783 3401 parte
1831 3319 2243 3402 splendidum.

301 3406 513 3473 Addit
571 3405 882 3487 quaedam
933 3407 1009 3471 de
1064 3406 1340 3488 formula
1380 3406 1815 3472 iurisiurandi
1855 3426 1983 3487 qua
2026 3405 2247 3472 Helve-

301 3493 387 3559 tii
420 3493 645 3574 foedus
678 3492 924 3558 sanein
954 3497 1390 3558 consueverunt
1430 3493 1750 3558 mutanda.

333 3663 420 3717 Ex
465 3662 806 3742 autographo
851 3663 980 3716 God.
1015 3662 1221 3716 Gener.
1270 3660 1386 3729 114,
1432 3663 1524 3717 fol.
1567 3661 1654 3715 87.
1725 3663 1983 3718 Simlcrns
2019 3663 2142 3717 Vol.
2177 3662 2246 3715 85

345 3732 598 3802 escripsit
641 3748 707 3784 ex
745 3732 1084 3812 Bibliotheca
1119 3731 1504 3785 Huldericiana
1550 3733 1730 3786 nescio
1779 3732 1872 3785 ubi
1959 3732 2244 3785 naerenda.

299 3800 1170 3950 &aestimasset
1203 3799 1357 3938 ὲὲὲῑε,
1392 3798 1958 3933 affixae..
1998 3800 2246 3950 ..3¹31ss

299 3940 456 3993 uncis
509 3938 728 3991 inclusit
771 3943 962 4006 utpote
1008 3938 1322 3991 omittenda.
1404 3938 1559 4002 Quod
1601 3956 1700 3992 noe
1745 3954 1960 4007 quoque
2003 3939 2105 3992 tlbl
2153 3954 2243 3990 ex·

970 4007 1275 4060 bibebimus
1309 4006 1601 4072 similiter.)

478 4178 862 4243 Clarissimo
929 4178 1072 4243 viro
1131 4177 1215 4242 D.
1275 4177 1506 4242 Ioanni
1542 4176 1818 4242 Calvino
1861 4177 1990 4243 fido
2027 4178 2244 4243 Gene—

305 4266 530 4330 vensis
581 4263 889 4362 ecclesiae
934 4263 1183 4347 pastori
1233 4262 1495 4328 domino
1541 4263 1921 4328 honorando
1956 4273 2022 4329 et
2058 4263 2246 4328 fratri

307 4370 427 4416 suo
461 4368 818 4414 carissimo.
1858 4433 2077 4501 Genffi

484 4609 555 4671 S.
625 4607 708 4671 D.
776 4605 1068 4671 Multum
1112 4627 1269 4671 sane
1311 4605 1448 4684 tibi,
1493 4604 1754 4671 domine
1798 4604 2249 4671 colendissime

307 4702 374 4759 ct
425 4692 638 4757 frater
679 4691 1034 4769 carissime,
1077 4691 1296 4770 deboc,
1341 4694 1452 4774 qui
1488 4688 1571 4757 ad
1614 4693 1990 4775 petitionem
2035 4711 2248 4755 meam

307 4781 375 4846 in
447 4785 550 4844 tot
624 4778 957 4859 tantisque
1019 4778 1299 4862 negotiis
1364 4777 1497 4844 tuis
1571 4787 1706 4841 tam
1773 4776 2122 4861 diligenter
2185 4789 2250 4842 et

306 4865 567 4949 prolixe
609 4883 875 4929 omnem
917 4863 1180 4930 excitati
1222 4863 1546 4929 tumultus
1588 4862 1928 4929 historiam
1973 4862 2251 4945 descrip-

308 4952 497 5019 seris.
525 4954 576 5028 ι)
663 4948 995 5015 Maximas
1058 4949 1176 5014 tibi
1232 4970 1351 5032 pro
1413 4950 1546 5015 tuis
1608 4947 1941 5014 laboribus
2006 4948 2252 5032 gratias

310 5058 454 5123 ago.
545 5033 702 5099 Vidi
756 5035 828 5100 in
884 5034 1001 5099 illa
1056 5033 1489 5117 descriptione
1545 5032 1720 5118 quod
1773 5035 2010 5117 partim
2054 5045 2256 5099 vexat

313 5176 478 5186 .-

519 5254 583 5324 8)
624 5253 1057 5313 amabam.

317 5327 590 5392 aao'm)
626 5323 895 5381 nm.

1995 411 2154 471 1555
2198 404 2651 473 SEPTEMB.

4166 414 4293 477 ⁷98

2362 601 2427 658 et
2469 594 2670 678 angit,
2692 596 2933 678 partim
2954 617 3112 660 vcro
3134 595 3334 661 afficit
3374 595 3541 660 bene
3574 605 3640 661 et
3668 596 4053 663 consolatur.
4121 598 4289 664 'Pur-

2363 680 2475 743 bat
2531 689 2598 746 et
2652 681 2835 764 angit
2894 680 3057 745 illud
3121 681 3423 758 maxime,
3489 682 3659 764 quod
3703 681 3890 747 video
3935 684 4115 748 vobis
4149 705 4292 751 esse

2360 763 2582 831 hostes
2603 766 2937 848 plurimos,
2980 787 3139 850 quos
3184 776 3401 833 noctes
3446 778 3639 849 atque
3683 768 3821 833 dies
3843 790 4100 834 omnem
4137 791 4289 853 ope-

2359 872 2502 915 ram
2558 852 2963 934 impensuros
3021 861 3255 928 metuo,
3296 863 3370 917 ut
3413 875 3599 918 suam
3643 854 3820 918 illam
3865 855 4177 919 malitiam
4224 862 4293 921 et

2358 955 2622 1002 oausam
2677 938 3028 1019 pessimam
3083 939 3374 1004 confictis
3426 950 3653 1003 contra
3696 961 3814 1003 vos
3848 939 4191 1006 calumniis
4223 950 4290 1007 et

2357 1022 2772 1088 contumeliis
2804 1023 3274 1106 indignissimis
3312 1045 3592 1108 purgare
3636 1038 3702 1089 et
3742 1047 3975 1090 ornare
4019 1027 4288 1108 possint,

2356 1106 2532 1172 unde
2598 1108 3081 1191 inexplicabilia
3143 1109 3429 1193 pericula
3503 1120 3568 1174 et
3646 1110 3818 1175 mala
3881 1112 4284 1179 exoriantur.

2357 1192 2754 1259 Consolatur
2822 1203 3039 1259 autem
3114 1217 3339 1260 rursus
3401 1216 3534 1260 non
3590 1194 4002 1261 mediocriter
4065 1196 4289 1264 divina

2355 1279 2469 1343 illa
2534 1278 2787 1344 bonitas
2839 1281 3297 1363 sapientiaque,
3358 1280 3632 1363 denique
3686 1283 4289 1364 praesentissimum

2357 1364 2630 1429 Domini
2674 1367 2743 1429 in
2788 1376 2969 1429 tanto
3005 1367 3291 1447 periculo
3329 1367 3661 1431 auxilium.
3722 1367 3888 1432 Inde
3935 1368 4111 1432 enim
4154 1369 4286 1434 col·

2355 1451 2489 1534 ligo
2541 1451 2814 1515 eundem
2876 1452 3060 1515 vobis
3108 1454 3322 1534 gratia
3375 1474 3493 1517 sua
3537 1473 3793 1534 semper
3834 1453 4049 1517 affore.
4138 1456 4286 1538 Ago

2355 1537 2453 1600 illi
2518 1537 2763 1617 gratias
2826 1559 2943 1620 pro
3008 1547 3192 1601 tanto
3258 1538 3568 1602 beneficio
3630 1537 3815 1603 vobis
3880 1539 3949 1602 in
3994 1547 4285 1623 tempore

2355 1624 2627 1687 mirifice
2669 1624 2999 1705 prasente,
3045 1644 3281 1705 oroque
3323 1634 3398 1687 ut
3441 1644 3559 1687 vos
3604 1624 3771 1687 tueri
3813 1633 4059 1708 pergat.
4150 1624 4285 1691 Sed

2355 1708 2580 1773 nullus
2601 1708 3065 1791 propemodum
3103 1707 3182 1772 de
3217 1709 3346 1773 illis
3367 1710 3576 1774 turbis
3592 1729 3805 1776 sermo
3845 1718 3944 1775 est
3985 1709 4284 1792 amplius.

2355 1794 2584 1859 Novae
2641 1794 3026 1858 adferuntur
3071 1815 3111 1857 a
3153 1794 3377 1859 multis
3420 1795 3719 1877 querelae
3762 1795 3841 1859 de
3876 1794 4284 1878 quorundam

2301 1872 2308 1939 l
2355 1879 2770 1957 crudelitate,
2830 1882 2939 1961 qui
3001 1900 3119 1961 per
3167 1889 3490 1944 tormenta
3558 1889 3987 1963 extorqueant
4044 1881 4284 1947 vinctis

2354 1986 2521 2047 quae
2564 1965 2633 2028 hi
2675 1987 2832 2029 mox
2872 1965 2944 2029 in
2988 1966 3319 2048 suppliciis
3360 1974 3686 2031 revocent.
3705 1965 3762 2050 ²)
3810 1963 4004 2052 [Item
4030 1964 4111 2030 de
4138 1965 4276 2032 Gaz-

2354 2052 2492 2115 vini
2547 2050 2695 2116 odio
2748 2051 3142 2132 implacabili
3199 2059 3424 2117 contra
3478 2051 3941 2134 amplissimam
3984 2051 4282 2117 Bernen-

2356 2137 2529 2200 sium
2584 2137 3071 2218 rempublicam,
3092 2138 3146 2213 ⁸)
3202 2157 3395 2219 quam
3453 2158 3627 2202 nunc
3680 2138 4002 2220 suggestis
4044 2138 4285 2220 iniquis

2355 2222 2634 2288 foederis
2675 2222 3061 2306 prorogandi
3105 2223 3418 2304 capitibus
3453 2244 3492 2285 a
3534 2222 3893 2288 clarissima
3934 2222 4283 2288 Geneven-

2354 2309 2530 2373 sium
2587 2307 2916 2390 republica
2967 2308 3273 2372 divellere
3315 2308 3581 2385 nitatur,
3640 2315 3716 2371 ut
3762 2309 3899 2390 ipse
3956 2328 4107 2372 cum
4148 2309 4283 2375 suis

2357 2392 2572 2459 Gallis
2616 2393 2762 2458 urbi
2804 2415 2921 2476 pro
2964 2414 3081 2457 suo
3124 2393 3496 2457 dominetur
3537 2387 3851 2479 arbitria]
3921 2391 4055 2457 Sed
4087 2394 4282 2459 intel-

2353 2478 2506 2563 ligis
2539 2500 2645 2543 me
2686 2478 2862 2561 loqui
2906 2498 3035 2542 non
3074 2498 3155 2542 ex
3200 2498 3344 2542 mea
3383 2476 3498 2542 sed
3535 2479 3809 2542 aliorum
3865 2479 4080 2560 potius
4134 2500 4283 2544 sen-

2358 2565 2582 2630 tentia.
2667 2564 2936 2629 Interea
2999 2565 3133 2630 scio
3186 2564 3417 2646 quibus
3474 2564 3631 2628 olim
3672 2563 3835 2629 odiis
3876 2562 4104 2628 beatae
4146 2585 4283 2629 me-

2356 2652 2601 2716 moriae
2668 2650 3005 2734 Zuinylius
3060 2658 3127 2714 et
3178 2658 3329 2715 ante
3384 2649 3640 2715 saecula
3695 2648 3942 2732 aliquot
3992 2648 4281 2733 Chryso-

2354 2743 2602 2801 stomus
2644 2744 2710 2800 et
2736 2736 3119 2802 Ambrosius
3150 2737 3425 2819 gravati,
3470 2736 3663 2799 etiam
3708 2735 3789 2799 ab
3823 2734 4284 2818 integrioribus

2353 2821 2619 2887 iudicati
2661 2822 2798 2886 sint
2840 2821 3035 2885 nimis
3077 2841 3218 2887 esse
3282 2821 3514 2887 severi.
3592 2821 3682 2884 Et
3732 2819 3991 2903 quidem
4048 2818 4282 2885 modus

2353 2908 2426 2972 in
2482 2927 2553 2972 re
2596 2907 2829 2989 quavis
2871 2906 3247 2990 probandus
3288 2915 3404 2984 est,
3446 2927 3645 2989 quum
3691 2915 3758 2970 et
3798 2906 4058 2988 sapiens
4099 2904 4281 2970 dixe-

2354 2995 2462 3071 rit,
2510 2992 2785 3057 nimium
2842 2992 3251 3075 emungendo
3317 2993 3462 3056 elici
3527 2992 3930 3074 sanguinem.
4020 2989 4153 3055 Sed
4210 2998 4277 3056 te

2352 3079 2497 3145 istis
2544 3079 2736 3146 rebus
2778 3077 2957 3144 haud
3000 3077 3192 3143 dubie
3236 3097 3369 3142 non
3412 3079 3753 3156 immisces,
3799 3077 4029 3161 quibus
4071 3088 4138 3141 te
4171 3077 4285 3142 isti

2353 3164 2583 3231 ducem
2629 3174 2695 3230 et
2736 3176 3027 3230 autorem
3070 3165 3331 3230 faciunt.
3419 3163 3495 3229 Si
3539 3163 3797 3246 quando
3841 3163 3965 3228 viri
4009 3163 4162 3227 boni
4198 3184 4283 3228 ex

2349 3250 2752 3335 principibus
2807 3251 2926 3316 tibi
2980 3250 3334 3315 familiares
3375 3257 3557 3314 tuam
3600 3257 3834 3333 rogent
3874 3250 4281 3327 sententiam,

2349 3337 2483 3403 scio
2506 3337 2619 3401 illa
2640 3349 2706 3401 te
2749 3336 2881 3401 illis
2924 3356 3272 3419 suggerere
3294 3356 3459 3418 quae
3480 3336 3740 3417 pietatis
3783 3341 3939 3400 sunt
3970 3354 4045 3399 ac
4084 3334 4281 3417 pacis·

2353 3420 2556 3509 [Nam
2635 3422 2946 3504 intelligis
3010 3421 3366 3485 Dominum
3435 3421 3649 3484 Deum
3716 3427 4010 3483 nostrum
4086 3441 4283 3502 opera

2350 3529 2546 3573 usum
2599 3508 2987 3573 Bernatium
3054 3508 3126 3571 in
3172 3504 3517 3572 asserenda
3558 3505 4017 3588 liberandaque
4058 3505 4281 3571 claris-

2347 3594 2515 3659 sima
2558 3592 3046 3659 Genevensium
3089 3591 3423 3674 republica
3466 3612 3505 3655 a
3525 3589 3876 3675 tyrannide
3920 3611 4117 3673 quum
4162 3610 4279 3673 pa-

2346 3700 2469 3762 pae
2512 3687 2653 3744 tum
2696 3678 3006 3761 principis
3065 3677 3488 3761 Allobrogum
3544 3676 4021 3757 nobiliumque:
4068 3696 4279 3757 neque

2347 3764 2627 3830 dubium
2692 3772 2792 3828 est
2856 3762 3096 3828 dudum
3151 3763 3296 3827 illos
3340 3773 3749 3845 reparaturos
3791 3762 3992 3825 fuisse
4037 3761 4280 3826 bellum

2346 3850 2480 3914 nisi
2560 3850 2923 3915 Bernatum
2994 3850 3379 3912 metuissent
3442 3849 3812 3930 potentiam.
3935 3845 4039 3910 Ita
4103 3846 4281 3912 enim

2348 3935 2632 4001 Domino
2690 3937 2818 4012 (cui
2878 3934 2998 3998 soli
3058 3933 3466 3998 tribuendum
3513 3946 3613 3998 est
3656 3932 4038 3997 assertionis
4084 3931 4280 3996 bene-

2347 4021 2596 4105 ficium)
2620 4021 2881 4103 placuit,
2920 4022 3265 4084 autoritate
3288 4020 3647 4084 Bernatum
3670 4017 3891 4082 hostes
3912 4017 4279 4084 absterrere

2346 4116 2601 4172 vestros
2635 4106 2989 4189 urbemque
3032 4115 3319 4169 vestram
3362 4106 3551 4168 tueri.
3639 4101 3866 4169 Sicubi
3910 4122 4067 4167 vero
4112 4103 4277 4167 Ber-

2349 4213 2585 4257 uenses
2650 4189 2981 4256 nonnullis
3024 4192 3153 4256 visi
3217 4203 3371 4255 sunt
3412 4190 3821 4272 imperiosius
3837 4193 3894 4263 ⁴)
3960 4187 4277 4269 quaedam

2349 4277 2458 4343 vel
2500 4277 2862 4361 postulasse
2910 4276 3011 4340 vel
3048 4277 3256 4360 egisse
3278 4275 3643 4357 aliquando,
3690 4293 4022 4355 nunquam
4055 4287 4277 4336 tamen

2349 4362 2649 4427 beneficii
2733 4361 2908 4426 illius
2986 4362 3231 4442 accepti
3310 4360 3781 4425 obliviscuntur
3858 4358 4274 4424 cordatiores:

2348 4457 2688 4531 praeterea
2729 4449 3016 4530 cogitant
3072 4447 3194 4511 sibi
3251 4468 3401 4512 cum
3448 4445 3813 4511 hominibus
3883 4463 4026 4508 esse
4081 4464 4280 4526 nego-

2352 4534 2541 4612 tium,
2597 4541 2665 4599 et
2719 4554 2826 4598 res
2864 4533 3187 4598 humanas
3241 4552 3574 4614 nunquam
3638 4531 3732 4594 ita
3786 4541 4093 4612 purgatas
4136 4549 4280 4593 esse

2353 4620 2515 4702 quin
2551 4618 2632 4684 de
2671 4619 2899 4684 multis
2934 4622 3136 4701 queri,
3161 4618 3368 4682 multa
3411 4615 3690 4700 denique
3725 4613 4093 4679 desiderare
4130 4634 4278 4696 pos-

2555 4909 2618 4974 2)
2657 4908 2733 4964 N.
2764 4907 2918 4963 2263.
2951 4906 3104 4961 2286.

2510 5115 2521 5128 ⁹
2554 4977 2619 5112 23
2655 4976 2962 5115 ἔᾶοιῖὃοθςυαο.
2949 4975 3293 5112 ΞΒῇἓρώκυε
3336 5044 3544 5110 leqaaeue
3590 5057 3658 5095 nn.
3704 5043 3951 5120 Aequam·
3994 5042 4281 5108 proponet·

2354 5114 2691 5171 eondittones
2721 5115 2856 5170 tales
2885 5113 3109 5178 fuerunt
3140 5128 3280 5183 quas
3318 5111 3647 5165 Genecenses
3680 5124 3923 5177 accipere
3952 5115 4280 5180 recusarent,

2356 5189 2407 5239 et
2441 5183 2495 5239 d.
2528 5182 2615 5239 28.
2651 5181 2777 5238 Ian.
2814 5180 2947 5236 1556
2978 5180 3213 5252 proliaeie
3243 5181 3417 5235 liter-⁸⁰0
3449 5179 3889 5234 demonstrarunt
3923 5192 4036 5232 sese
4064 5178 4279 5233 diorum

2348 5253 2647 5322 postulatis
2677 5267 2958 5321 nunquam
2993 5251 3297 5306 submittere
3330 5265 3384 5302 se
3416 5263 3584 5317 posse.
3661 5244 3910 5312 (fluctuat
3942 5246 4030 5300 VI.
4070 5245 4167 5299 182
4201 5249 4274 5312 e.)

2364 5313 3851 5390 Gfietianquanalv.adBu11.habetinfta2829.
