4850 6200
384 396 501 457 645

379 582 548 647 tanti
593 582 944 666 porrigere,
991 579 1111 645 tibi
1153 602 1236 645 ne
1279 600 1643 646 moerorem
1685 580 1956 645 afferam
1999 599 2328 662 exponere

379 689 509 733 non
574 665 799 733 audeo.
891 665 1004 733 Sic
1082 676 1305 732 tamen
1370 667 1598 749 paucis
1664 667 1913 748 accipe:
1973 684 2176 747 quum
2223 686 2328 731 me

376 755 841 837 impugnarent
875 753 1066 837 pauci
1089 751 1467 831 nebulones,
1505 752 1800 817 omnium
1845 749 1978 816 fere
2023 749 2329 817 ordinum

377 840 596 904 favore
638 838 717 903 ad
766 860 872 904 me
906 837 1409 921 opprimendum
1449 837 1651 903 fuisse
1694 837 1970 914 adiutos,
2017 857 2124 901 me
2169 858 2327 903 vero

377 926 509 991 fere
542 925 624 989 ab
661 924 968 990 omnibus
1006 926 1285 1007 turpiter
1310 923 1658 989 desertum.
1728 921 1880 1003 Quo
1925 921 2070 1004 plus
2116 921 2328 990 laudis

378 1022 667 1077 meretur
709 1011 1112 1077 incredibilis
1146 1010 1456 1075 ecclesiae
1493 1010 1987 1075 Lausannensis
2022 1018 2328 1074 constan·

379 1098 484 1173 tia,
523 1117 689 1180 quae
711 1096 984 1164 ducibus
1009 1097 1235 1163 amicis
1280 1097 1522 1161 nostris
1556 1094 1809 1160 duobus
1832 1097 1884 1173 ⁸)
1928 1114 2064 1158 non
2109 1096 2327 1161 minus

376 1182 635 1250 cordate
694 1192 903 1249 totum
962 1184 1280 1265 impetum
1334 1184 1619 1266 suscepit
1663 1200 1861 1264 quam
1898 1181 1952 1245 si
1999 1201 2143 1245 meo
2188 1181 2326 1246 loco

374 1269 616 1353 singuli
679 1270 970 1335 fuissent.
1060 1269 1324 1334 Interea
1378 1267 1609 1332 urbem
1655 1267 1827 1331 hanc
1871 1265 2186 1331 intestina
2225 1289 2327 1332 se-

373 1354 533 1419 ditio
555 1359 608 1432 ⁹)
670 1354 1132 1438 propemodum
1194 1356 1394 1418 exitio
1454 1352 1650 1419 dedit.
1742 1353 1844 1416 De
1909 1372 2039 1434 qua
2103 1362 2327 1418 tamen

371 1442 581 1506 fusius
638 1440 921 1508 scribere
976 1441 1385 1525 supersedeo,
1444 1441 1596 1523 quia
1655 1461 1694 1504 a
1748 1436 1929 1503 Besa
1977 1446 2201 1503 nostro
2248 1439 2328 1505 de

372 1548 631 1593 summa
690 1527 1016 1593 redditum
1086 1527 1288 1593 fuisse
1342 1529 1688 1593 certiorem
1750 1522 2047 1588 arbitror.
2138 1524 2325 1603 Vale,

374 1614 929 1696 praestantissime
975 1614 1110 1687 vir,
1172 1626 1237 1676 et
1294 1613 1458 1678 mihi
1502 1634 1588 1678 ex
1632 1612 1850 1676 animo
1912 1630 2170 1693 semper
2212 1612 2325 1676 ob-

374 1699 713 1765 servande.

1145 1994 1553 2003 ——-————-—-

1251 2230 1446 2300 2221.

904 2386 1310 2453 VIRETUS
1357 2385 1794 2452 CALVINO.

551 2559 684 2639 Quo
740 2561 948 2642 mayis
1012 2557 1289 2624 Satanas
1334 2559 1499 2639 furit
1551 2563 1607 2622 et
1648 2557 1924 2639 improbi
1964 2555 2330 2636 oon-spiram

368 2666 432 2711 eo
473 2647 685 2728 mayis
728 2646 1054 2710 tenendum
1096 2645 1289 2710 illud.-
1329 2650 1399 2708 ια
1440 2665 1517 2710 ne
1555 2645 1693 2709 aede
1725 2643 1920 2709 malis
1961 2643 2072 2708 sed
2115 2646 2329 2708 contra

366 2732 697 2797 auderatior
740 2732 842 2808 ito,
892 2731 1024 2796 Deo
1066 2732 1336 2795 iuvante.

661 2904 771 2967 (Ex
808 2903 1146 2973 autographo
1182 2902 1314 2955 cod.
1351 2902 1556 2956 Genev.
1598 2899 1737 2967 111⁸,
1775 2902 1867 2954 fol.
1905 2898 2049 2965 193.)

538 3075 1118 3142 Praestantissimo
1150 3074 1400 3141 Christi
1445 3096 1638 3141 servo
1672 3075 1754 3139 D.
1778 3070 2012 3139 Ioanni
2048 3071 2327 3140 Calvino

365 3162 678 3228 ecclesiae
701 3161 1115 3229 Genevensis
1152 3162 1285 3227 fido
1309 3162 1554 3246 pastori
1589 3162 1775 3226 fratri
1811 3173 1879 3227 et
1923 3169 2327 3245 symmystae

364 3250 917 3316 coniunctissimo.

1815 3333 2151 3399 Genevae.

540 3505 611 3572 S.
686 3505 935 3573 Accidit
999 3504 1220 3588 aliqua
1283 3527 1365 3571 ex
1431 3513 1614 3588 parte
1682 3504 1858 3588 quod
1924 3502 2324 3589 suspicabar,

362 3596 498 3660 fore
544 3592 793 3659 scilicet
853 3602 926 3655 ut
995 3592 1386 3657 domesticae
1448 3600 1707 3657 vestrae
1752 3592 1981 3656 turbae
2016 3611 2250 3656 causae
2273 3594 2325 3666 ¹)

364 3677 927 3747 incommodarent
969 3679 1157 3744 cuius
1193 3679 1448 3743 exitum
1472 3678 2028 3760 exspectabamus.
2075 3675 2209 3741 Sed
2254 3678 2324 3740 in

364 3768 487 3833 hoc
536 3787 669 3831 uno
708 3764 916 3830 falsus
960 3786 1106 3829 sum
1151 3765 1322 3846 quod
1348 3773 1478 3829 tam
1527 3784 1761 3846 parum
1807 3783 2045 3845 aequos
2089 3762 2323 3827 habui-

363 3875 533 3930 mus,
559 3871 724 3935 quos
748 3851 1176 3934 sperabamus
1198 3850 1334 3915 fore
1357 3850 1648 3916 omnium
1667 3851 2106 3932 aequissimos.
2174 3849 2325 3913 Etsi

362 3940 528 4006 haec
572 3959 681 4002 me
744 3946 944 4002 urunt
988 3936 1427 4011 vehementer,
1476 3937 1695 4000 minus
1740 3949 1960 4001 tamen
2007 3935 2320 4012 cruciant,

361 4036 715 4109 propterea
778 4022 950 4106 quod
1052 4021 1262 4086 ridem
1320 4021 1516 4087 didici
1573 4041 1780 4105 pauca
1823 4020 1905 4086 ab
1949 4019 2322 4085 hominibus

363 4131 634 4195 sperare
690 4130 854 4192 quae
917 4131 951 4174 c
1040 4116 1155 4173 ant
1212 4129 1295 4172 ex
1355 4107 1555 4172 animi
1605 4107 1949 4173 sententia.
2041 4105 2188 4187 Quo
2246 4108 2325 4171 fit

365 4206 438 4262 ut
482 4197 708 4262 minus
727 4215 1147 4261 commovear
1182 4196 1380 4259 etiam
1419 4195 1676 4260 nunciis
1710 4192 2126 4259 tristioribus.
2209 4190 2324 4259 Sic

363 4294 523 4349 sunt
572 4294 885 4365 tempora.
976 4280 1053 4346 Si
1099 4298 1552 4359 cessassemuS‚
1610 4279 2129 4346 adscriberemus
2175 4299 2323 4344 nos·

365 4380 508 4435 trae
532 4367 884 4436 cessationi
924 4367 1199 4449 culpam.
1281 4366 1675 4448 Quanquam
1701 4388 1828 4430 non
1874 4365 2324 4448 praestitimus

365 4454 539 4539 quod
608 4452 987 4520 debuimus:
1056 4452 1278 4535 aliqua
1336 4463 1558 4517 tamen
1603 4474 1685 4517 ex
1818 4460 1920 4517 rte
1965 4451 2158 4533 culpa
2202 4471 2324 4516 nos

360 4540 815 4618 liberavimus,
881 4559 1048 4622 quac
1103 4539 1312 4604 maior
1368 4541 1500 4604 iam
1558 4539 1625 4603 in
1684 4537 1707 4601 i
1759 4538 1819 4603 is
1840 4542 1895 4613 ²)
1940 4537 2169 4602 haeret
2212 4537 2325 4620 qui

363 4629 559 4694 toties
627 4625 941 4691 admoniti
1025 4644 1146 4690 nos
1211 4625 1404 4691 toties
1468 4646 1643 4690 vana
1707 4645 1821 4706 spe
1886 4623 2320 4690 lactaverunt.

360 4713 511 4797 Ego
579 4732 774 4794 saepe
828 4712 1076 4777 invitus
1122 4710 1203 4775 ad
1260 4711 1377 4775 illa
1419 4709 1664 4776 recurri
1712 4709 1976 4786 auxilia,
2023 4711 2324 4792 quamvis

573 4987 637 5054 8)
684 4987 869 5042 Vis-eto
902 4992 954 5040 a
986 4985 1156 5040 Besa.

396 5128 408 5141 ·
573 5056 643 5140 9).
674 5056 829 5110 Haec
861 5057 1002 5110 satis
1037 5069 1220 5110 recens
1250 5053 1427 5136 faisse
1461 5053 1691 5119 videtur,
1737 5053 1817 5106 ita
1860 5057 1922 5106 ut
1966 5052 2082 5107 ian
2125 5051 2322 5107 nam-

362 5124 1494 5275 mm.‘f;⁶‘3.¹53„1*0}2.553f’⁸2·.t.”m‘·
1456 5229 1511 5273 ο.
1659 5260 1672 5273 .
1961 5261 1971 5272 ,

575 5265 637 5334 2)
676 5280 752 5317 cm
788 5263 854 5317 de
888 5270 1157 5316 mantum
1188 5261 1564 5316 Rev-nonestus
1609 5259 1772 5325 ducat,
1819 5266 1879 5314 tu
1914 5259 2115 5315 oedeao.
2190 5257 2323 5328 Ipso

363 5334 582 5404 quidem
622 5332 888 5389 calvinus
924 5347 1014 5385 eos
1049 5332 1111 5385 in
1145 5334 1263 5384 suis
1295 5330 1472 5384 literis
1504 5330 1723 5383 minime
1758 5337 2033 5397 suspectos
2066 5329 2238 5383 habet.

2188 394 2346 455 1555
2393 392 2577 461 l'UN.

4268 399 4395 462 6⁴6

2428 578 2591 646 illud
2636 582 3026 649 tentandum
3083 602 3228 648 esse
3270 582 3650 660 iudicarem,
3721 603 3849 647 non
3896 590 4033 647 tam
4077 580 4398 651 adductus

2427 689 2543 750 spe
2587 667 2807 751 aliqua
2843 689 3180 735 successus
3222 668 3530 734 felicioris
3574 690 3770 751 quam
3815 690 3900 733 ne
3943 676 4167 734 nostro
4211 668 4397 736 vide-

2428 775 2652 818 remur
2676 754 2929 818 muneri
2968 752 3268 819 defuisse.
3336 754 3479 818 Iam
3505 754 3830 820 Dominus
3862 754 4076 838 palam
4102 754 4398 821 declarat

2427 859 2500 904 se
2534 839 2664 905 alia
2707 841 2959 905 ratione
3002 839 3422 905 constituisse
3465 839 3570 904 his
3613 840 3805 905 malis
3850 840 4115 905 mederi.
4197 840 4398 922 Quod

2431 924 2686 989 utinam
2745 947 2880 991 non
2937 925 3134 992 faciat
3190 925 3496 991 remediis
3559 938 3691 990 tam
3740 928 3993 992 acerbis
4032 947 4226 1010 quam
4275 949 4398 994 nos

2428 1031 2658 1076 omnes
2722 1012 3106 1089 meruimus,
3170 1012 3453 1076 maxime
3516 1033 3668 1076 vero
3735 1012 3832 1076 illi
3888 1021 4028 1076 tum
4076 1013 4190 1094 qui
4234 1020 4398 1079 sunt

2429 1098 2778 1163 turbarum
2842 1108 3125 1176 autores,
3179 1108 3318 1162 tum
3369 1099 3477 1182 qui
3543 1097 3851 1182 frigidam
3896 1096 4288 1163 suffundunt
4329 1108 4400 1164 et

2429 1196 2644 1267 pestes
2704 1183 3003 1249 exitiales
3055 1184 3366 1250 ecclesiae
3425 1184 3666 1248 fovent.
3754 1183 3851 1250 Ut
3905 1184 3986 1249 ab
4021 1182 4400 1251 hominibus

2432 1270 2884 1349 destituamur,
2949 1290 3082 1334 non
3146 1268 3356 1335 deerit
3404 1290 3640 1335 causae
3700 1291 3857 1335 suae
3901 1270 4227 1335 Dominus
4273 1290 4396 1337 nec

2429 1376 2655 1421 eorum
2680 1375 2906 1420 curam
2927 1356 3189 1422 abiiciet
3210 1356 3320 1438 qui
3346 1377 3429 1420 ex
3453 1353 3673 1420 animo
3697 1356 4005 1421 ecclesiae
4026 1355 4220 1420 saluti
4244 1375 4399 1421 con-

2431 1441 2683 1507 sultum
2706 1442 2999 1523 cupiunt.
3057 1441 3196 1506 Nos
3219 1464 3376 1526 erg-o
3412 1462 3494 1505 ne
3530 1441 3876 1506 stationem
3900 1451 4192 1505 nostram
4214 1442 4397 1507 dese-

2431 1548 2673 1604 ramus,
2699 1528 2814 1610 qui
2837 1527 3158 1593 vindicem
3184 1526 3500 1592 habemus
3526 1528 3595 1591 in
3619 1527 3837 1592 coelis.
3883 1527 4095 1593 Unius
4120 1526 4395 1594 huiusce

2428 1633 2662 1678 causae
2696 1614 2863 1679 actio
2900 1616 3059 1679 satis
3083 1613 3292 1679 multa
3310 1612 3615 1696 exempla
3650 1623 3719 1677 et
3751 1613 4129 1678 testimonia
4162 1614 4396 1679 afferet

2431 1698 2516 1764 ad
2550 1700 3069 1765 confirmandam
3114 1699 3299 1765 nobis
3343 1700 3555 1781 magis
3602 1709 3795 1782 atque
3842 1701 4051 1783 magis
4098 1698 4394 1764 divinam

2431 1784 2914 1870 providentiam
2953 1785 3023 1850 in
3047 1806 3177 1868 qua
3199 1786 3551 1851 asserenda
3589 1785 3980 1850 laboramus.
4051 1783 4182 1865 Qui
4217 1786 4395 1851 hanc

2432 1871 2672 1937 nolunt
2713 1872 2976 1954 scriptis
3020 1880 3088 1935 et
3130 1871 3540 1936 sermonibus
3582 1871 3654 1934 in
3691 1870 3976 1935 medium
4022 1870 4314 1953 proferri,
4338 1872 4394 1957 8)

2432 1978 2551 2022 suo
2607 1965 2901 2040 tempore
2955 1957 3137 2022 illam
3195 1957 3384 2023 nobis
3431 1958 3706 2039 privatis
3750 1970 3816 2021 et
3858 1957 4231 2022 domesticis
4276 1977 4394 2022 ex-

2431 2043 2663 2126 emplis
2709 2042 2969 2109 abunde
3006 2043 3511 2121 confirmabunt,
3559 2052 3755 2125 atque
3792 2044 4045 2106 utinam
4091 2064 4223 2107 non
4269 2064 4390 2109 suo

2435 2150 2670 2213 magno
2695 2129 2886 2194 malo.
2976 2129 3106 2193 Hic
3130 2128 3393 2194 morbus
3417 2151 3545 2212 quo
3583 2128 3819 2211 ubique
3843 2128 4094 2193 laborat
4120 2129 4393 2194 ecclesia

2432 2216 2594 2280 alios
2638 2216 2915 2297 requirit
2958 2214 3243 2279 medicos
3283 2236 3480 2297 qnam
3525 2215 3844 2279 homines.
3926 2214 4156 2298 Virgis
4199 2216 4392 2280 casti-

2433 2302 2575 2384 gari
2624 2311 2693 2367 et
2712 2300 2993 2384 flagellis
3031 2312 3285 2383 oportet
3319 2302 3429 2383 qui
3452 2301 3670 2366 verbis
3695 2322 3827 2365 non
3873 2309 4389 2365 commoventur.

2434 2387 2570 2452 Nos
2636 2396 3098 2453 convertamur
3161 2387 3244 2452 ad
3312 2387 3675 2451 Dominum
3741 2387 3952 2451 securi
4014 2387 4083 2448 in
4129 2406 4390 2451 omnem

2370 2510 2377 2529 ‹
2434 2487 2765 2538 eventum.
2857 2472 2962 2537 Ad
3000 2473 3306 2538 ecclesiae
3353 2492 3538 2536 arma
3572 2491 4006 2550 recurramus,
4051 2491 4280 2554 preces
4323 2480 4392 2537 et

2433 2560 2779 2643 lacrymas.
2868 2557 3138 2623 Interea
3194 2580 3324 2623 non
3388 2556 3766 2622 desinamus
3809 2557 3976 2622 bene
4020 2578 4300 2639 sperare.

2606 2645 2839 2709 Nescio
2896 2644 3050 2727 quid
3108 2645 3215 2710 hic
3272 2645 3553 2709 nuncius
3612 2643 3695 2708 ad
3744 2663 3858 2707 vos
3905 2642 4153 2707 afferat.
4245 2643 4390 2726 Ego

2435 2730 2601 2795 nihil
2639 2731 2896 2795 ominor
2929 2730 3101 2795 boni.
3162 2729 3482 2796 Gaudebo
3528 2730 3583 2793 si
3629 2749 3777 2793 mea
3815 2729 4122 2811 opinione
4166 2743 4233 2792 et
4275 2750 4392 2793 ex-

2433 2817 2831 2901 spectatione
2889 2815 3094 2881 falsus
3153 2816 3351 2881 fuero.
3442 2815 3517 2880 Si
3578 2814 3871 2880 nondum
3917 2835 4035 2879 nos
4080 2814 4240 2878 satis
4284 2835 4392 2879 co-

2435 2903 2650 2986 laphis
2686 2901 2964 2987 angelus
3005 2900 3295 2968 Satanae
3331 2900 3582 2977 cecidit,
3620 2900 3925 2965 maxillas
3961 2901 4392 2983 praebeamus

2433 2989 2750 3072 quamdiu
2804 2987 2910 3054 his
2965 2988 3252 3053 stimulis
3295 3008 3414 3054 nos
3456 2987 3660 3071 pungi
3717 2986 4043 3052 Dominus
4087 2986 4278 3065 volet,
4326 2996 4395 3051 et

2432 3087 2806 3142 saturemur
2849 3075 3149 3159 gloriosis
3205 3074 3354 3139 istis
3398 3072 3568 3157 apud
3610 3073 3955 3139 Christum
3999 3073 4389 3159 opprobriis.

2429 3162 2664 3227 Facito
2728 3162 2942 3227 lactus
3008 3160 3180 3244 quod
3243 3160 3421 3240 facis,
3482 3181 3615 3224 non
3678 3160 3950 3243 ignarus
3992 3159 4103 3224 cui
4146 3158 4392 3223 milites

2433 3248 2714 3325 dominc,
2762 3270 2802 3312 a
2845 3269 2971 3332 quo
3014 3248 3311 3312 laborum
3370 3254 3637 3312 tuorum
3694 3244 4081 3323 mercedem,
4127 3265 4259 3309 non
4306 3245 4389 3310 ab

2434 3332 2826 3411 hominibus,
2863 3343 3221 3417 exspectas.
3309 3333 3460 3414 Quo
3509 3331 3729 3396 minus
3775 3330 3937 3396 mihi
3983 3331 4064 3396 ab
4111 3329 4393 3394 homini-

2431 3419 2550 3485 bus
2609 3440 2798 3504 spero
2865 3418 3128 3496 auxilii,
3197 3440 3272 3484 eo
3335 3418 3546 3501 magis
3612 3417 3900 3482 Domino
3941 3415 4216 3494 confido,
4276 3417 4392 3500 qui

2426 3516 2688 3589 praeter
2708 3525 2893 3588 spem
2917 3505 3213 3570 omnium
3256 3503 3603 3569 testabitur
3624 3524 3775 3568 suos
3798 3504 3921 3568 sibi
3944 3523 4140 3569 curae
4161 3501 4390 3568 fuisse.

2429 3592 2597 3658 Vale
2641 3591 2887 3676 optime
2923 3601 2987 3657 et
3023 3591 3407 3655 diutissime.
3459 3591 3858 3655 Lausannae
3886 3595 3940 3653 5.
3977 3588 4156 3652 Iunii
4204 3593 4391 3652 1555.

3407 3712 3588 3793 Tuus
3634 3729 3876 3794 Petrus
3922 3729 4214 3793 Viretus.

3305 4361 3501 4431 2222.

2948 4531 3354 4600 VIRETUS
3402 4531 3862 4598 FARELLO.

2601 4705 2702 4771 De
2734 4706 3005 4771 tumultu
3032 4705 3373 4771 Gemma-2·
3408 4710 3463 4770 et
3491 4703 3756 4767 Perrino
3791 4704 3861 4767 in
3883 4702 4164 4768 absentia
4197 4703 4390 4768 dam-

2426 4799 2587 4858 nato.
2683 4792 2931 4857 Turbae
2967 4790 3210 4873 ababuc,
3259 4789 3564 4856 Calvinus
3603 4790 3675 4852 in
3714 4789 4044 4872 anqustiis.

3759 4967 4002 5013 aetorum
4040 4961 4390 5017 Neocomen·

2423 4966 2786 5034 (Exuet-ptum
2821 4980 2889 5017 ex
2926 4969 3055 5017 auto
3094 4962 3263 5031 rapho
3302 4961 3675 5014 Bibliothecae
3826 5028 3932 5094 12)

2834 5033 2990 5098 sium,
3080 5049 3169 5102 pp.
3205 5031 3388 5082 Vix-eti
3422 5030 3549 5083 fasc.
3589 5029 3684 5083 lx.

2630 5257 2685 5324 3)
2729 5256 2964 5311 Senatus
2998 5254 3301 5312 comam·
3334 5253 3553 5308 vetabat
3586 5252 3872 5306 doctrinae
3893 5250 3961 5306 de
3988 5253 4404 5320 praedestina—

2423 5330 2571 5383 tione
2604 5327 2999 5382 tractationem.
3865 5405 3963 5459 41·
