4850 6200
342 424 464 490 761
2024 430 2187 492 1555
2231 426 2689 498 ΒΕΡΤΕΜῙΒ.
4229 432 4354 500 ⁷62

338 615 419 681 de
462 616 590 682 hac
631 637 705 682 re
749 616 1046 682 laborare
1089 616 1409 683 debuisse.

338 703 498 767 nino
552 704 622 767 in
683 723 792 767 me
847 703 1089 782 iudicii,
1147 712 1333 768 tuum
1392 703 1685 768 animum
1734 713 1872 768 tam
1926 703 2294 786 perspicere

335 787 565 853 videor
600 809 798 871 quam
835 808 1003 871 quae
1046 789 1250 855 oculis
1284 802 1652 854 cernuntur
1690 789 1991 854 maxime.
2071 789 2294 871 Neque

337 875 512 939 enim
559 895 848 957 unquam
902 875 972 940 in
1021 884 1309 941 mentem
1347 877 1552 952 venit,
1598 897 1722 953 me,
1770 876 2025 939 tametsi
2074 876 2295 940 nullus

337 981 500 1038 sum,
539 962 634 1025 ita
668 959 786 1026 abs
830 970 897 1025 te
931 961 1199 1045 negligi.
1246 972 1322 1026 ut
1359 961 1543 1026 nulla
1586 982 1860 1044 prorsus
1902 962 2110 1025 nostri
2156 983 2291 1026 me-

334 1047 542 1111 moria
586 1047 703 1112 tibi
749 1062 1136 1131 superesset.
1228 1050 1653 1129 Compertum
1718 1046 2037 1131 siquidem
2084 1047 2293 1112 habeo

333 1142 396 1197 te
417 1132 619 1198 Pauli
640 1133 942 1218 vestigiis
963 1133 1440 1218 ingredientem
1466 1133 1845 1216 quotidiana
1869 1134 2290 1198 ecclesiarum

332 1239 489 1284 cura
547 1218 844 1284 distrahi.
925 1220 1039 1285 Me
1094 1232 1311 1283 autem
1380 1220 1707 1301 privatim,
1778 1239 1913 1283 non
1958 1240 2103 1283 meo
2150 1220 2290 1301 qui-

331 1303 479 1369 dem
516 1306 755 1370 merito
792 1304 905 1370 sed
942 1328 1060 1388 pro
1098 1320 1213 1370 tua
1235 1306 1557 1389 singulari
1594 1304 2027 1381 humanitate,
2075 1305 2290 1371 locum

329 1390 611 1473 aliquem
669 1391 993 1457 amicitia(-
1048 1392 1219 1475 apud
1269 1404 1333 1455 te
1378 1391 1695 1457 obtinere.
1789 1390 1988 1455 Cuius
2031 1391 2291 1455 illustre

327 1473 810 1557 documentum,
871 1479 1039 1561 quod
1100 1478 1512 1543 suavissimis
1574 1478 1705 1543 tuis
1750 1477 1961 1542 literis
2035 1478 2291 1561 consig-

326 1584 487 1627 nare
543 1564 867 1643 volueris,
947 1565 1228 1647 gratiam
1310 1565 1519 1629 habeo
1582 1574 1649 1629 et
1726 1561 2067 1628 habiturus
2146 1585 2291 1628 sum

327 1648 638 1734 quamdiu
676 1650 900 1715 vivam
947 1649 1407 1716 immortalem.
1504 1649 1777 1715 Gratias
1820 1649 1978 1713 item
2037 1670 2160 1733 ago
2216 1648 2298 1714 de

326 1736 669 1803 seditionis
708 1736 1124 1802 Genevensis
1175 1735 1466 1801 historia.
1494 1735 1551 1819 ²)
1588 1756 1751 1818 quae
1795 1735 1961 1800 mibi
2008 1737 2137 1799 iam
2177 1734 2294 1800 ali-

322 1823 587 1906 quoties
649 1823 807 1888 usui
863 1823 985 1886 fuit
1044 1824 1122 1886 acl
1186 1843 1451 1886 errones
1515 1820 1834 1904 quosdam
1902 1820 2294 1886 refellendos

322 1909 436 1992 qui
498 1907 1072 1991 impudentissime
1118 1907 1530 1985 asserebant,
1588 1908 1816 1973 Gallos
1861 1908 2141 1971 civitate
2180 1929 2296 1991 per

328 1997 466 2060 vim
504 2004 821 2078 occupata
856 1996 1036 2060 cives
1072 2014 1301 2058 omnes
1347 1995 1510 2059 urbe
1561 1996 1876 2079 exegisse.
1942 1994 2293 2058 Caeterum

333 2079 505 2164 quod
559 2084 629 2145 iu
686 2091 751 2145 te
808 2081 1083 2145 huiusce
1143 2080 1238 2145 rei
1299 2081 1636 2145 confertur
1698 2078 1970 2157 invidia,
2030 2081 2187 2157 im0,
2235 2081 2290 2143 si

333 2166 488 2250 quid
548 2187 826 2249 usquam
883 2167 1302 2250 increpuerit,
1357 2168 1427 2231 in
1488 2179 1555 2230 te
1620 2168 1842 2231 statim
1890 2166 2292 2248 improbissi-

322 2275 477 2318 mus
545 2255 822 2335 quisque
889 2274 1009 2318 sua
1073 2253 1206 2317 tela
1269 2254 1609 2327 convertit,
1678 2272 1799 2336 pro
1844 2273 1920 2317 eo
1964 2273 2039 2317 ac
2086 2250 2288 2316 debeo

322 2340 616 2424 graviter
659 2339 1059 2423 molesteque
1116 2338 1272 2403 fero.
1361 2339 1532 2404 Nam
1579 2359 1771 2420 quem
1819 2339 2287 2420 aequissimum

322 2436 464 2491 erat
507 2445 631 2509 pro
674 2425 994 2510 singulari
1043 2446 1201 2509 erga
1247 2422 1590 2490 Christum
1649 2425 1917 2507 eiusque
1977 2444 2286 2509 sponsam

323 2511 536 2577 officio
598 2510 707 2575 vel
774 2510 954 2575 omni
1035 2510 1501 2576 beneficiorum
1572 2510 1967 2593 honorisque
2045 2530 2288 2594 genere

323 2598 653 2680 prosequi,
715 2598 824 2662 vel
870 2614 1044 2663 certe
1070 2598 1362 2679 quietum
1411 2596 1797 2679 relinquere,
1839 2596 2017 2661 hunc
2063 2606 2291 2661 contra

321 2682 583 2748 malunt
626 2682 1001 2766 petulanter
1037 2685 1405 2765 exagitare:
1454 2684 1767 2747 nimirum
1812 2695 1891 2747 ut
1935 2684 2114 2747 sanis
2151 2702 2284 2747 om-

322 2768 517 2835 nibus
576 2778 890 2852 appareat
944 2770 1088 2834 illos
1148 2770 1517 2834 emissarios
1575 2788 1717 2833 esse
1773 2767 2012 2834 diaboli
2073 2769 2284 2832 mani·

324 2855 541 2920 festos.
629 2855 765 2920 Per
817 2854 962 2920 illos
1010 2855 1072 2920 id
1117 2855 1230 2920 1116
1275 2855 1545 2920 molitur
1588 2854 1910 2938 quomodo
1956 2853 2283 2938 simplices

325 2950 391 3007 et
423 2941 727 3007 infirmos
750 2941 1003 3006 animos
1027 2963 1066 3005 a
1089 2940 1384 3006 doctrina
1408 2941 1707 3006 veritatis
1736 2939 2078 3017 deterreat,
2117 2954 2182 3005 et
2217 2948 2284 3004 te

326 3035 513 3093 tanta
546 3027 994 3092 molestiarum
1041 3028 1211 3092 mole
1255 3028 1488 3092 obruat
1533 3039 1608 3091 ut
1644 3028 1711 3091 in
1757 3027 1960 3091 otium
2000 3048 2039 3091 a
2085 3046 2282 3111 nego-

324 3116 417 3180 tio
466 3113 960 3198 pernecessario
1015 3114 1334 3180 traducat.
1425 3114 1561 3180 Sed
1622 3112 1703 3179 de
1764 3125 1878 3179 tua
1954 3113 2280 3198 singulari

326 3201 531 3267 animi
575 3201 948 3266 constantia
984 3200 1202 3265 Deum
1249 3200 1468 3278 adoro,
1512 3198 2111 3283 incredibiliterque
2147 3198 2281 3263 lae-

324 3297 429 3353 tor
491 3293 559 3350 te
625 3285 707 3352 ad
775 3287 935 3352 haec
990 3288 1210 3351 omnia
1253 3307 1520 3369 prorsus
1569 3286 1964 3352 occalluisse.
2056 3286 2283 3369 Neque

325 3374 503 3440 enim
541 3373 753 3439 nescis
788 3372 920 3438 ista
962 3374 1033 3437 iu
1076 3373 1285 3439 oculis
1330 3373 1604 3437 Domini
1647 3374 1857 3437 nostri
1904 3373 2061 3456 geri,
2098 3373 2282 3438 cuius

323 3458 744 3544 providentia
778 3459 871 3523 ita
907 3471 1144 3525 cuncta
1182 3458 1577 3536 moderatur,
1636 3469 1710 3524 ut
1759 3459 1985 3523 talium
2028 3473 2282 3543 tragoe-

326 3545 585 3611 diarum
621 3545 1056 3628 catastrophe,
1102 3545 1648 3627 quemadmodum
1687 3546 2097 3611 sanctissimo
2142 3542 2280 3610 cui-

324 3652 451 3716 que
517 3631 712 3708 laeta,
769 3631 864 3697 sic
921 3631 1239 3713 improbis
1297 3632 1559 3697 funesta
1602 3652 1742 3696 esse
1788 3631 2010 3697 soleat.
2102 3627 2281 3711 Quid

324 3727 425 3784 est
457 3717 663 3802 igitur
694 3716 866 3801 quod
902 3727 968 3782 te
1013 3718 1239 3783 horter
1274 3728 1349 3782 ut
1383 3718 1610 3782 eadem
1657 3717 1860 3781 animi
1894 3716 2282 3782 celsitudine

321 3823 582 3888 pergas,
628 3824 831 3886 quum
867 3812 933 3867 te
977 3817 1359 3869 curaturum
1402 3824 1544 3868 esse
1588 3802 1752 3867 nihil
1813 3802 2103 3868 dubitem
2150 3823 2277 3885 quo

324 3890 558 3973 primis
601 3889 839 3954 ultima
884 3888 1340 3972 respondeant,
1398 3911 1609 3972 neque
1654 3890 2159 3954 commissurum
2206 3899 2279 3953 ut

324 3985 664 4042 extremus
708 3984 913 4053 actus,
960 3983 1271 4058 tauquam
1319 3977 1398 4040 ab
1444 3975 1638 4040 inerti
1686 3987 1893 4058 poeta,
1943 3975 2279 4059 neglectus

326 4082 364 4127 a
404 4073 471 4126 te
518 4082 660 4127 esse
703 4060 1028 4127 videatur.

499 4146 604 4211 De
670 4147 1275 4232 Montbelgardensi
1325 4147 1594 4212 ecclesia
1651 4148 1723 4211 in
1767 4169 1948 4229 spem
1994 4147 2279 4230 aliquam

325 4253 735 4310 veneramus,
774 4232 913 4298 fore
950 4243 1024 4298 ut
1057 4253 1256 4317 opera
1290 4232 1479 4298 Erbii
1512 4233 1837 4299 medicina
1871 4233 2089 4316 aliqua
2131 4253 2278 4316 pos-

325 4336 423 4384 set
466 4319 705 4383 afferri.
737 4323 790 4394 ³)
858 4319 992 4384 Sed
1036 4320 1132 4383 ita
1186 4321 1410 4385 evenit
1452 4328 1527 4384 ut
1560 4320 1617 4385 is
1666 4320 2088 4384 vanissimam
2135 4339 2278 4385 sus·

324 4407 664 4489 picionem,
710 4426 907 4488 quam
955 4405 1036 4470 de
1079 4405 1266 4471 nobis
1308 4415 1713 4489 conceperat,
1761 4426 1878 4471 uos
1922 4404 2092 4471 bono
2140 4406 2279 4471 viro

324 4492 561 4557 falsum
597 4491 848 4555 crimen
894 4492 1242 4569 intentare,
1290 4491 1508 4556 missis
1544 4491 1625 4556 ad
1655 4492 2007 4557 Tossanum
2052 4512 2279 4574 accep-

326 4579 538 4661 tisque
574 4577 799 4653 literis,
858 4578 1001 4660 ipse
1057 4576 1178 4642 sibi
1225 4579 1642 4661 persuaserit.
1732 4578 1831 4643 Ac
1880 4598 2001 4661 pro
2056 4587 2278 4643 nostro

325 4683 483 4747 erga
528 4662 708 4726 illam
753 4662 1096 4729 ecclesiam
1142 4663 1360 4729 studio
1404 4664 1690 4745 iurisque
1734 4664 2064 4746 petitione,
2109 4663 2279 4728 hauc

326 4750 405 4814 D.
477 4748 795 4824 Fanum,
863 4751 945 4814 D.
1016 4749 1503 4815 Dommartinus
1560 4761 1752 4832 atque
1818 4770 1938 4834 ego
1998 4753 2278 4833 gratiam

326 4835 673 4900 retulimus
732 4849 804 4900 ut
849 4836 1099 4900 strenui
1158 4836 1663 4901 calumniatores
1723 4847 1788 4899 et
1832 4836 2276 4920 sycophantae

326 4921 542 5003 palam
578 4931 643 4986 et
677 4921 749 4985 in
795 4942 907 4987 ore
951 4921 1307 4987 aulicorum
1354 4922 1667 5005 principis
1704 4923 2013 5006 appellati
2050 4924 2274 4986 simus.

1498 616 1671 682 Nam
1716 617 1775 682 si
1817 615 1973 699 quid
2017 628 2118 682 est
2154 638 2294 681 om-

530 5160 586 5224 2)
622 5161 839 5215 Eadem
875 5163 987 5216 scil.
1025 5167 1187 5232 atque
1220 5178 1284 5216 ea
1320 5178 1460 5231 quae
1507 5163 1667 5216 etiam
1703 5161 1779 5216 ad
1814 5162 2191 5232 Bullinyerum
2231 5169 2279 5218 et

326 5231 658 5284 Blaeso-erum
692 5233 863 5284 missa
894 5233 1095 5293 fuerat.

2397 617 2545 702 Ego
2589 639 2747 683 vero
2783 619 2852 683 in
2899 627 3154 683 tantam
3196 617 3516 684 invidiam
3541 616 3861 685 adductus
3898 640 4046 685 sum
4085 628 4163 686 ut
4207 620 4353 688 bre·

2398 704 2672 770 vissime
2737 724 3025 788 augurer
3090 704 3303 770 solum
3390 704 3559 769 mihi
3637 725 3781 771 esse
3860 705 4273 773 vertendum.
4295 712 4353 787 ⁴)

2399 788 2590 871 Quae
2633 791 2856 855 omnia
2885 791 3208 856 Dominus
3241 791 3416 856 bene
3453 798 3686 869 vertat,
3732 792 4160 876 inprimisque
4203 814 4353 875 pre·

2398 897 2509 941 cor
2562 884 2638 940 ut
2691 876 3336 961 Montbelgardensis
3390 877 3699 943 ecclesiae
3732 879 4167 960 patrocinium
4211 901 4355 946 sus-

2398 963 2616 1045 cipiat,
2650 961 2820 1027 hanc
2855 983 3015 1027 vero
3051 972 3346 1028 nostram
3383 982 3512 1045 qua
3544 963 3773 1029 solitus
3808 971 3908 1028 est
3940 963 4355 1048 indulgentia

2398 1056 2854 1131 prosequatur.
2944 1050 3050 1113 De
3104 1068 3236 1131 qua
3294 1048 3571 1113 feliciter
3613 1069 3697 1113 an
3741 1068 3931 1115 secus
3987 1052 4354 1133 speraveri-

2398 1155 2549 1198 mus
2593 1134 2777 1200 brevi
2824 1134 3016 1200 credo
3062 1135 3416 1218 apparebit.
3484 1134 3761 1200 Libellis
3804 1137 3984 1200 enim
4042 1137 4354 1221 supplici-

2401 1221 2540 1300 bus,
2576 1240 2737 1303 quos
2772 1219 2868 1290 Do
2909 1219 3294 1303 Rapsa-stein
3319 1224 3369 1296 ὅ)
3391 1220 3922 1304 principibusque
3958 1223 4355 1308 evangelicis

2399 1307 2512 1389 qui
2557 1303 2642 1371 ad
2676 1306 2994 1456 grincipis
3033 1305 3679 1401 yontbelgardensis
3714 1307 3977 1389 nuptias
4030 1327 4354 1374 convene-

2397 1398 2569 1469 rant,
2636 1413 2674 1456 0
2721 1391 3009 1469 tulimus,
3087 1412 3404 1474 responsa
3467 1392 3536 1456 in
3605 1393 3801 1458 horas
3878 1403 4351 1477 exspectamus

2395 1477 2568 1543 Vale
2623 1478 2865 1560 optime
2922 1498 3071 1542 cum
3132 1490 3242 1542 tua
3300 1477 3589 1555 ecclesia,
3634 1488 3821 1562 pater
3857 1481 3927 1544 in
3968 1479 4201 1546 Chrito
4246 1500 4354 1545 co-

2394 1564 2796 1637 lendissimo,
2864 1575 2932 1628 et
2990 1577 3246 1629 nostras
3312 1566 3591 1647 ineptias
3658 1565 3812 1629 boni
3870 1566 4151 1631 consule.
4241 1567 4350 1632 Ex

2396 1650 2742 1717 Altebiura
2762 1652 2815 1732 ⁰)
2871 1656 2963 1713 ll.
3011 1649 3420 1731 Septembris
3477 1657 3652 1716 1555.

3233 1787 3627 1852 Franciscus
3674 1788 4076 1854 Morellanus

3027 1871 3201 1938 filius
3236 1872 3350 1936 tibi
3398 1871 3883 1940 addictissimus
3918 1886 3985 1939 et
4027 1873 4111 1940 ad
4153 1895 4349 1941 omne

3205 1959 3587 2041 obsequium
3632 1961 4108 2042 paratissimus.

3273 2542 3464 2614 2291.

2848 2697 3322 2766 OALVINUS
3370 2697 3794 2767 SPI'PEKO.
3837 2704 3888 2774 ¹)

2562 2869 2936 2936 Exhortatio
2976 2871 3063 2937 ad
3106 2871 3516 2936 constantiam
3557 2870 3627 2934 in
3671 2869 3997 2953 evanqelio.

2385 3042 2579 3113 (Manu
2615 3043 2822 3113 scripta
2856 3059 2964 3097 nou
3016 3047 3214 3097 exstat.
3285 3041 3477 3095 Edidit
3511 3041 3657 3094 Besa
3692 3039 3896 3095 Geuev.
3934 3058 3989 3111 p.
4029 3039 4145 3105 159,
4181 3040 4341 3095 Laus.

2537 3130 2592 3184 p.
2628 3112 2750 3178 356,
2789 3114 3003 3168 Hanov.
3041 3130 3094 3183 p.
3132 3111 3257 3179 398,
3295 3111 3508 3167 Chouet
3541 3128 3596 3181 p.
3630 3109 3749 3177 215,
3787 3112 3963 3165 Amet.
3995 3128 4048 3181 p.
4085 3109 4194 3178 99.)

2385 3285 2642 3351 Illustri
2688 3306 2763 3350 ac
2807 3285 3156 3369 magnifico
3197 3283 3505 3357 Domino,
3553 3283 3633 3348 D.
3683 3282 3960 3366 Spiteko
4015 3282 4261 3350 Iordan
4306 3305 4347 3350 a

2385 3370 2723 3438 Zakliczin
2796 3380 2865 3436 et
2929 3372 3001 3436 in
3063 3370 3326 3436 Melstin
3384 3368 3681 3449 haeredi,
3741 3369 4116 3435 Castellano
4171 3369 4346 3436 San-

2473 3457 2789 3537 deczensi,
2832 3453 3061 3541 Regni
3093 3456 3410 3522 Poloniae
3452 3475 3760 3538 supremo
3796 3455 4256 3521 Thesaurario.

2561 3627 2788 3709 Quum
2855 3628 2928 3692 in
2995 3626 3118 3692 hoc
3182 3628 3487 3692 fortunae
3550 3626 3946 3710 honorisque
4001 3627 4346 3710 splendore

2385 3715 2811 3798 praecipuum
2858 3713 2975 3777 tibi
3021 3712 3219 3779 decus
3283 3723 3554 3790 statuas,
3622 3712 3913 3778 Illustris
3971 3732 4047 3778 ac
4089 3715 4346 3799 magni-

2386 3802 2509 3867 fice
2574 3800 2880 3878 Domine,
2947 3801 3124 3864 inter
3187 3799 3475 3864 sinceros
3542 3798 3668 3863 Dei
3737 3798 4018 3864 cultores
4072 3801 4344 3878 censeri,

2384 3886 2583 3970 idque
2626 3887 2761 3952 tuis
2805 3885 3032 3962 literis,
3074 3906 3237 3967 quas
3257 3885 3425 3949 mihi
3448 3884 3865 3950 venerandus
3887 3886 4090 3950 frater
4123 3896 4349 3952 noster

2383 3972 2464 4038 N.
2487 3977 2545 4047 ²)
2612 3972 2694 4037 ad
2733 3993 2804 4038 se
2867 3973 3143 4054 scriptas
3210 3970 3516 4047 ostendit,
3578 3970 3837 4037 abunde
3893 3974 3981 4036 sis
4045 3980 4341 4049 testatus,

2385 4060 2520 4124 imo
2607 4059 2920 4141 privatim
2980 4077 3236 4140 quoque
3290 4057 3649 4140 asperseris
3705 4056 4056 4122 iucundam
4105 4059 4344 4122 amoris

2385 4164 2545 4229 erga
2585 4164 2705 4210 nos
2749 4144 2850 4209 tui
2891 4143 3324 4209 mentionem:
3373 4142 3540 4207 mihi
3593 4151 4002 4224 supervacua
4060 4165 4202 4209 esse
4243 4144 4342 4207 vi-

2591 4400 2653 4468 4)
2689 4406 2873 4470 utpote
2890 4399 3112 4457 Far-elli
3138 4407 3328 4469 partes
3360 4407 3553 4456 contra
3584 4401 3884 4455 rossanum
3912 4401 4163 4467 amplexo
4194 4399 4341 4455 ideo-

2384 4487 2488 4541 que
2526 4470 2725 4527 Gonia·
2756 4477 3018 4539 suspecto.

2592 4538 2654 4607 5)
2694 4538 3097 4609 Rappolmein,
3138 4536 3550 4606 Ribeaupierre.

2592 4610 2653 4672 6)
2691 4609 2934 4674 Aubure,
2972 4608 3199 4676 Altwyr,
3246 4608 3306 4660 in
3349 4607 3557 4662 ditione
3595 4605 3990 4661 Richovillensi
4021 4607 4082 4659 in
4117 4604 4342 4660 Alsatia

2384 4678 2684 4800 Zupffiwff’
2729 4676 3362 4800 qmlzgfflohrfftophorus
3408 4677 3523 4798 άαὲτ
3564 4675 3764 4800 Clobqpiti
3812 4674 4068 4797 Gefloiryiql
4084 4676 4342 4808 postiae

2390 4785 2508 4870 C'oll
2550 4786 2562 4799 ⁶
2614 4747 3515 4882 esgrsso'nisoevgcsgnyebataegi
3549 4830 3656 4883 quo
3681 4760 4026 4867 Bergan-igme
4047 4759 4341 4882 rffigzerat

2384 4883 2907 5019 (21ἔ9ἓ.ῗ)4)1νωω
2954 4953 3245 5022 recipimus
3294 4967 3331 5004 a
3379 4950 3531 5003 Beza
3582 4952 4025 5019 superscriptum.
4114 4948 4341 5005 Constat

2384 5040 2512 5078 vero
2546 5024 2632 5079 vel
2663 5038 2728 5077 ea·
2764 5025 2889 5091 ipsa
2926 5020 3151 5076 Calvina·
3194 5021 3372 5074 inseri
3407 5023 3552 5073 tione
3598 5021 3743 5074 hunc
3788 5020 3962 5073 virum
4003 5035 4123 5072 eum
4157 5020 4338 5087 ipsum

2380 5094 2558 5160 fuis-w
2602 5093 2704 5162 qui
2744 5107 2920 5161 supra
2967 5091 3042 5144 N.
3077 5086 3216 5142 2276
3262 5103 3318 5142 se
3407 5129 3417 5139 .
3463 5088 3650 5142 Pitsch
3698 5088 3896 5141 Iordan
3945 5087 4013 5140 de
4059 5088 4336 5142 Zahlicain

2381 5162 2707 5285 fflffi‘a.
2717 5155 4337 5295 marm-afflvastarat-zamma...

528 5298 587 5365 3)
630 5301 709 5364 Cf.
750 5301 823 5353 N.
863 5300 1000 5353 2268
1035 5307 1143 5354 noe.
1182 5299 1230 5353 3.
1310 5300 1650 5354 Mos-ollamus
1697 5300 1797 5355 hoc
1840 5305 2074 5367 tempore
2113 5301 2282 5356 Erbie·
2326 5295 2332 5360 ἶ
2383 5301 2459 5353 ad
2494 5300 2719 5353 eundem
2756 5299 2807 5350 d.
2847 5299 2899 5350 d.
2936 5296 3020 5349 29.
3059 5295 3190 5350 Dec.
3236 5293 3385 5348 1555.

324 5373 537 5424 viciam
574 5375 625 5422 et
654 5369 1008 5437 probabiliter
1044 5370 1215 5423 eidem
1250 5377 1313 5423 ut
1346 5369 1816 5438 super-intendenti
1851 5369 2115 5425 subditus,

2328 5399 2333 5410 ι

2589 5367 2650 5432 2)
2691 5365 3053 5422 Lanuuinus
3067 5364 3097 5417 ,9
