4850 6200
369 402 499 469 66⁶

369 585 632 675 publica
671 589 982 656 concione
1024 585 1317 674 graviter
1358 584 1816 671 exagitaverat
1863 584 2046 654 illius
2086 583 2328 654 doctri·

372 696 530 743 nam
572 672 654 740 de
708 670 1324 758 praedestinatione,
1379 692 1728 756 suppresso
1785 682 2005 739 tamen
2060 672 2329 739 nomine

376 764 533 828 dus.
654 758 932 827 Occulta
1007 767 1236 826 tamen
1749 760 1969 844 ipsum
2056 759 2331 825 notavit.

478 848 493 863 ‘
549 848 604 911 ‘t
640 848 845 913 etiam
889 844 1270 913 Zebedm:
1323 844 1512 930 Ignis
1569 844 1846 930 gallicus
1891 845 2051 911 vicit
2105 846 2330 931 ignem

430 935 445 949 '
569 933 794 999 uicum
829 929 1216 1016 (Servetum
1263 930 1597 1011 innuens),
1642 929 1759 997 sed
1801 931 1977 1017 ignis
2009 932 2139 998 Dei
2185 931 2331 997 vin·

380 1032 484 1087 cst
535 1020 759 1105 ignem
819 1013 1186 1106 gallicum]
1219 1016 1273 1100 ⁸)
1358 1015 1650 1101 Amans
1689 1018 1761 1083 in
1818 1017 2078 1101 publico
2133 1016 2330 1085 collo·

381 1110 530 1191 quio
594 1106 931 1173 occasione
1007 1110 1270 1187 sumpta
1504 1104 1913 1188 expositione
1979 1104 2332 1169 verborum

381 1192 585 1260 Hebr.
647 1191 728 1256 V.
797 1190 920 1274 (Et
974 1189 1326 1257 exauditus
1390 1200 1494 1255 eat
1558 1210 1677 1273 pro
1742 1190 2116 1256 reverentia
2180 1187 2333 1274 etc.)

381 1278 723 1345 manifeste
766 1276 1168 1343 haereticum
1223 1277 1446 1359 ipsum
1489 1275 1893 1342 vocitaverat
1931 1297 2009 1342 eo
2050 1273 2222 1359 quod
2263 1275 2333 1340 in

383 1387 504 1433 sua
541 1363 661 1430 illa
702 1361 1112 1447 expositione
1155 1361 1490 1429 videretur
1547 1360 1745 1429 nimis
1802 1381 2124 1430 evacuare
2165 1359 2334 1427 divi-

385 1452 652 1518 nitatem
711 1447 983 1528 Christi,
1042 1446 1172 1525 vel,
1226 1455 1306 1514 ut
1359 1445 1565 1531 ipsius
1625 1446 1841 1514 verbis
1902 1456 2078 1526 utar,
2137 1446 2338 1513 nimis

385 1536 568 1603 illum
612 1537 826 1603 facere
869 1532 1226 1599 hominem.
1302 1532 1729 1618 Hieronymus
1770 1533 1956 1599 illum
2001 1554 2133 1600 non
2179 1532 2336 1598 hae·

392 1626 660 1691 rsticum
729 1618 920 1687 modo
985 1628 1339 1687 vocaverat
1408 1616 1527 1685 sed
1589 1628 1657 1685 et
1723 1619 2207 1686 Antichristum
2272 1629 2340 1684 et

391 1709 606 1776 nescio
669 1728 836 1791 quae
895 1704 1041 1771 alia.
1129 1702 1236 1769 De
1293 1702 1396 1769 his
1453 1714 1527 1770 ut
1589 1714 2097 1790 conquereretur
2161 1701 2337 1788 apud

391 1806 690 1862 senatum
735 1794 933 1858 veuit

563 1879 863 1945 Alterum
894 1883 950 1954 ⁴)
993 1876 1230 1944 deinde
1274 1887 1417 1943 erat
1451 1875 1624 1961 quod
1659 1878 1885 1961 paucis
1922 1888 2076 1944 ante
2113 1876 2339 1943 diebus

390 1969 700 2050 scriptum
747 1966 1020 2030 missum
1073 1964 1292 2028 fuerat
1334 1984 1373 2027 a
1426 1971 1662 2029 senatu
1704 1972 1928 2029 nostro
1971 1961 2054 2029 ad
2109 1982 2340 2029 omnes

391 2053 745 2137 praefectos
767 2048 1176 2117 Sabaudicac
1212 2048 1492 2127 ditionis,
1539 2069 1670 2132 quo
1703 2047 2140 2115 mandabatur
2181 2049 2340 2133 ipsis

390 2150 462 2204 ut
523 2138 956 2204 observarent
1020 2157 1133 2201 eos
1197 2136 1329 2219 qui,
1394 2135 1476 2201 iis
1542 2133 1770 2200 diebus
1836 2133 2073 2219 quibus
2137 2154 2341 2202 coena

389 2223 662 2290 Domini
716 2222 1088 2290 celebratur
1145 2223 1213 2287 iu
1259 2220 1550 2288 ecclesiia
1590 2221 1853 2299 nostris,
1915 2220 2158 2288 relictis
2203 2222 2342 2288 suis

389 2311 519 2376 illis
560 2309 850 2375 eeclesiis
892 2329 1047 2376 cum
1080 2309 1316 2391 quibus
1352 2306 1659 2376 habitant
1697 2306 2043 2373 Geuevam
2078 2327 2151 2375 se
2185 2327 2340 2374 con-

389 2397 636 2461 ferrent
682 2394 764 2461 ad
810 2392 1428 2461 communicandum
1464 2414 1615 2460 cum
1655 2394 1786 2460 ista
1820 2393 2094 2459 ecclesia
2134 2404 2203 2458 et
2246 2393 2340 2459 sio

390 2484 797 2548 offenderent
830 2500 986 2546 suos
1017 2502 1166 2547 cum
1194 2481 1430 2565 quibua
1450 2479 1844 2556 habitarent,
1889 2479 2074 2563 quasi
2111 2479 2343 2544 melior

389 2578 500 2632 aut
542 2567 800 2652 plenior
853 2566 992 2634 illie
1034 2586 1235 2632 coena
1278 2571 1453 2632 esset
1494 2585 1693 2649 quam
1736 2562 1915 2650 apud
1956 2585 2114 2630 nos:
2172 2578 2241 2630 et
2283 2564 2342 2631 si

389 2673 550 2737 quos
616 2650 1214 2737 deprehenderent,
1289 2653 1346 2717 si
1427 2651 1755 2736 peregrini
1822 2658 2043 2718 essent
2106 2650 2342 2718 exsilio

387 2741 800 2815 mulctarent,
836 2739 892 2805 si
927 2736 1296 2823 indigenae,
1332 2737 1462 2804 huo
1495 2736 1580 2803 ad
1614 2747 1917 2803 senatum
1951 2736 2340 2823 relegarent.

387 2826 533 2891 Hoc
576 2825 938 2899 consilium,
982 2825 1284 2908 quamvis
1326 2843 1446 2907 per
1489 2844 1560 2887 se
1603 2844 1738 2888 non
1782 2824 2056 2901 malum,
2120 2833 2341 2887 tamen

388 2909 695 2977 nonnihil
735 2910 1068 2975 indultum
1113 2924 1255 2975 erat
1311 2908 1680 2985 affectibuS‚
1739 2929 1938 2991 quum
1998 2909 2173 2974 inter
2215 2908 2345 2973 alia

389 2996 590 3063 verba
637 2996 887 3063 Caluini
929 3016 1171 3061 nomen
1215 3004 1440 3080 aperte
1495 3002 1852 3072 taxaretur,
1909 3003 1975 3059 et
2013 3015 2343 3062 caeremo-

388 3086 535 3150 niae
593 3082 905 3150 ecclesiae
950 3082 1368 3150 Genevensis
1424 3079 1871 3149 calvinistieae
1931 3090 2340 3149 vocarentur.

389 3175 557 3237 Acta
611 3180 768 3236 sunt
825 3169 990 3235 baec
1033 3171 1274 3247 omnia,
1332 3179 1406 3234 ut
1448 3168 1757 3253 pleraque
1800 3168 1947 3244 alia,
2006 3167 2195 3234 nobis
2236 3168 2338 3232 in—

390 3258 552 3325 sciis.
643 3256 966 3321 Praefecti
1013 3265 1276 3339 accepto
1323 3254 1448 3320 hoc
1501 3254 1745 3338 scripto
1777 3255 1936 3344 ‘suis
1991 3254 2191 3319 etiam
2236 3253 2340 3318 in-

391 3343 646 3409 dulsere
690 3342 1050 3418 affectibus,
1110 3347 1309 3424 prout
1362 3341 1635 3424 quisque
1689 3361 1849 3425 erga
1896 3338 2232 3409 Οαῑυίπιιηι
2274 3349 2342 3403 et

390 3429 817 3496 Genevenses
853 3427 957 3494 vel
1003 3428 1167 3493 bene
1204 3426 1306 3491 vel
1342 3426 1514 3492 male
1558 3437 1699 3492 erat
1744 3427 2036 3493 affectus.
2065 3431 2117 3502 ³)
2183 3427 2343 3491 Pro-

388 3516 773 3600 mulgarunt
816 3515 990 3579 enim
1035 3515 1106 3578 in
1140 3512 1413 3577 modum
1456 3512 1782 3598 generalis
1825 3512 2018 3579 edicti
2063 3524 2131 3578 et
2173 3512 2343 3595 quis-

387 3621 510 3685 que
585 3599 838 3665 addidit
903 3600 1105 3665 verba
1168 3619 1334 3681 quae
1396 3599 1626 3663 voluit.
1740 3596 1933 3682 Apud
2001 3598 2343 3682 plerosque

388 3707 544 3753 vero
609 3687 681 3751 in
748 3686 920 3751 hanc
983 3687 1261 3751 formam
1330 3693 1433 3750 est
1490 3684 1906 3770 promulgata
1958 3695 2031 3749 ut
2092 3681 2343 3750 Calvini

389 3794 627 3839 nomen
686 3770 952 3858 egregie
1007 3769 1480 3857 flagellaretur,
1556 3779 1624 3836 et
1682 3768 1983 3836 omuibus
2041 3769 2341 3835 indiscri-

385 3861 688 3926 minatim
733 3859 912 3922 omni
960 3858 1417 3923 communione
1461 3877 1612 3921 cum
1657 3856 1925 3923 ecclesia
1961 3854 2342 3922 Genevensi

383 3946 905 4010 interdiceretur.
977 3943 1155 4009 Alibi
1190 3964 1228 4007 e
1263 3963 1388 4027 sug
1435 3943 1686 4008 estibus
1722 3942 2140 4025 praelectum,
2188 3942 2345 4007 alibi

385 4032 643 4116 publice
689 4033 758 4096 in
803 4031 941 4096 foro
987 4030 1278 4096 affixum.
1412 4028 1634 4094 ononii
1680 4028 1998 4108 minister,
2046 4028 2157 4111 qui
2204 4026 2346 4094 Cal-

385 4119 522 4183 vini
585 4137 826 4182 nomen
893 4116 1260 4200 suppressit
1326 4136 1444 4180 nec
1509 4114 1727 4199 legere
1786 4113 2013 4192 voluit,
2079 4121 2342 4179 tantum

385 4225 515 4269 non
573 4225 779 4288 grave
837 4201 1201 4287 periculum
1262 4200 1556 4266 incurrit.
1653 4199 2105 4284 Promulgatis
2164 4199 2345 4265 hisce

385 4291 613 4356 ardere
651 4297 792 4354 tota
828 4288 1008 4372 regio
1030 4287 1558 4353 contentionibus
1594 4295 1662 4352 et
1696 4286 2089 4353 clamoribus
2111 4286 2342 4369 coepit,

384 4375 924 4443 insolescentibus
971 4372 1224 4441 Caluini
1267 4372 1586 4452 hostibus,
1649 4371 1874 4438 amicis
1923 4394 2076 4437 vero
2118 4370 2343 4437 dolen-

384 4463 574 4527 tibus.
683 4459 1098 4526 Intolerabile
1159 4459 1279 4526 hoc
1337 4460 1556 4525 visum
1623 4471 1723 4524 est
1783 4457 2253 4533 Generatibus,
2286 4461 2343 4534 ⁸)

385 4548 552 4632 quod
597 4547 985 4612 viderentur
1029 4569 1068 4611 a
1111 4546 1358 4610 nostris
1418 4545 1604 4629 quasi
1666 4543 2234 4619 excommunicati,
2280 4551 2347 4609 et

385 4636 653 4719 gravius
697 4632 962 4718 quidem
1005 4653 1203 4716 quam
1247 4631 1561 4716 papistae,
1604 4629 1926 4715 siquidem
1973 4630 2084 4713 qui
2126 4630 2345 4714 papis-

385 4720 585 4786 ticam
625 4721 894 4786 missam
940 4717 1221 4783 audierit
1278 4716 1502 4785 decem
1561 4727 1819 4782 tantum
1877 4715 2061 4782 libris
2104 4715 2345 4781 multa-

386 4815 521 4884 tur,
588 4808 702 4889 qui
758 4814 981 4871 autem
1039 4825 1190 4872 cum
1248 4804 1409 4889 ipsis
1465 4804 1978 4871 communicaret
2041 4804 2346 4888 graviora

387 4900 816 4977 exspectaret.
918 4891 1181 4958 Venere
1238 4911 1397 4976 ergo
1454 4890 1587 4957 huc
1647 4887 1903 4976 syndici
1962 4909 2215 4973 quoque
2273 4897 2349 4953 ut

595 5355 655 5422 6)
698 5356 783 5421 Cf.
821 5356 902 5412 N.
933 5355 1091 5412 2186.
1123 5354 1282 5411 2164.

2129 399 2295 464 1555
2340 396 2653 466 APRrL.

4260 404 4390 470 56⁶

2431 585 2517 655 de
2568 586 2688 654 illa
2737 586 2981 654 iniuria
3021 596 3601 673 conquererentur.
3688 589 3953 657 Venere
4005 588 4237 657 eodem
4279 588 4393 657 die

2432 673 2664 742 classis
2695 672 3196 741 Lausannensis
3238 673 3459 761 legati,
3516 675 3789 757 Virdus,
3811 677 3869 754 ⁷)
3912 676 4199 743 Ioannes
4238 676 4393 744 Tor·

2432 760 2743 840 samse,
2797 771 2874 825 ut
2914 768 2982 826 et
3039 758 3120 826 de
3174 759 3281 829 his
3334 770 3402 827 et
3457 760 3539 830 de
3597 761 3746 829 aliis
3799 761 4190 847 quibusdam
4230 783 4388 830 con·

2433 853 2873 931 quererentur
2926 856 2998 913 et
3046 845 3191 932 ipsi.
3275 846 3623 915 Venerunt
3674 857 3744 916 et
3796 847 4000 935 legati
4040 869 4124 915 ex
4178 847 4392 917 classe

2435 932 2857 1001 musuniensi.
2965 931 3174 999 Venit
3250 932 3448 999 etiam
3532 934 4001 1002 Neoccmensis
4077 934 4392 1002 ecclesiae

2434 1017 2707 1085 nomine
2765 1017 3280 1103 Ohristophorus
3343 1017 3568 1098 Faber,
3590 1023 3644 1101 ⁸)
3709 1019 3823 1105 qui
3882 1040 4073 1088 suam
4130 1040 4392 1106 qnoque

2441 1103 2704 1171 calvino
2747 1104 2950 1170 ferret
2988 1123 3200 1188 opem.
3286 1105 3621 1172 Maximus
3663 1107 3934 1173 omnino
3987 1115 4131 1173 erat
4171 1117 4392 1173 motus

2436 1197 2507 1256 et
2546 1190 2886 1276 negotium
3052 1190 3411 1258 vissimum.
3500 1191 3696 1276 Quod
3753 1193 4079 1278 posterius
4132 1192 4390 1272 attinet,

2439 1277 2757 1360 seriptum
2822 1274 3071 1343 scihcet
3140 1284 3407 1345 senatus
3426 1329 3443 1359 ,
3522 1286 3793 1346 senatus
3869 1300 3940 1346 sc
4014 1278 4395 1346 excusavit:

2440 1370 2702 1448 praeter
2759 1361 3167 1429 voluntatem
3239 1383 3428 1430 suam
3492 1363 3618 1430 hoc
3675 1386 3819 1431 esse
3881 1363 4396 1451 promulgatum,

2440 1449 2803 1534 praefectos
2838 1447 2948 1515 hic
2982 1467 3300 1532 peccasse,
3344 1471 3417 1516 se
3460 1458 3717 1516 tantum
3752 1448 4081 1518 declinare
4108 1450 4400 1518 voluisse

2441 1533 2908 1601 offendiculum
2972 1533 3142 1619 quod
3209 1531 3476 1602 daretur
3545 1535 3878 1622 indigenis
3940 1538 3996 1603 si
4061 1535 4400 1622 peregrini

2443 1619 2690 1688 relictis
2734 1619 2873 1687 suis
2916 1618 3208 1688 ecclesiis
3243 1620 3471 1689 diebus
3518 1622 3894 1690 solennibus
3928 1621 4275 1688 Genevam
4319 1643 4396 1688 se

2442 1706 2819 1774 conferrent
2894 1705 2979 1771 ad
3055 1706 3545 1792 percipiendam
3621 1708 3755 1776 illic
3829 1708 4390 1776 communionem:

2443 1791 2595 1859 aliis
2636 1793 2816 1859 enim
2850 1791 3081 1859 diebus
3094 1844 3110 1872 ,
3170 1792 3406 1876 quibus
3462 1791 3639 1879 apud
3696 1803 3953 1861 nostros
4007 1812 4213 1861 coena
4253 1812 4393 1859 non

2443 1880 2580 1955 flat,
2636 1900 2706 1945 se
2750 1899 2881 1944 non
2935 1877 3328 1945 interdicere
3370 1880 3478 1946 cui
3521 1899 3676 1946 uam
3731 1901 3998 1947 suorum
4044 1879 4398 1963 quominus

2444 1986 2595 2032 cum
2650 1963 2785 2030 illis
2841 1962 3236 2048 participent
3278 1972 3401 2031 etc.
3557 1986 3900 2048 espousum
3962 1963 4224 2049 quidem
4267 1963 4397 2032 hoo

2443 2048 2598 2129 illis,
2643 2047 2760 2116 sed
2801 2048 3055 2115 interea
3090 2050 3566 2133 praefectorum
3601 2051 3866 2118 licentia
3908 2050 4200 2135 impunis
4234 2048 4400 2116 abiit

2445 2144 2512 2203 et
2555 2157 2689 2202 non
2734 2134 2864 2201 nisi
2906 2134 3034 2202 alio
3079 2135 3324 2222 scripto
3359 2137 3617 2220 privato
3651 2144 3942 2205 correcta
3984 2143 4103 2203 est.
4169 2136 4397 2202 Habe-

2447 2223 2610 2289 bant
2671 2230 2894 2287 autem
2951 2220 3331 2289 Genevates
3395 2228 3675 2307 quatuor
3739 2222 3935 2290 edicti
3999 2221 4404 2307 promulgati

2444 2307 2762 2374 formulas
2815 2328 2897 2373 ex
2957 2315 3240 2391 quatuor
3290 2309 3716 2393 praefecturis
3770 2327 3992 2376 secum
4038 2307 4401 2392 plurimum

2446 2395 2619 2460 inter
2661 2414 2733 2460 sc
2776 2390 3245 2477 discrepantes,
3289 2403 3503 2479 prout,
3548 2395 3719 2461 sicut
3762 2414 3963 2480 supra
4004 2391 4164 2472 dixi,
4208 2411 4401 2478 prae-

2446 2480 2595 2547 fecti
2639 2494 2831 2545 eraut
2872 2499 3033 2580 erga
3073 2480 3248 2565 ipsos
3290 2479 3526 2547 affecti.

2620 2563 2815 2646 Quod
2873 2587 3057 2651 prius
3100 2575 3321 2633 autem
3366 2567 3620 2645 attinet,
3679 2565 3986 2650 quoniam
4032 2586 4163 2632 non
4207 2572 4406 2631 erant

2450 2660 2832 2737 praesentes
2890 2650 3243 2719 lebedum
3301 2660 3371 2718 et
3425 2650 3776 2738 complices
3832 2651 3970 2731 sui,
4028 2650 4244 2718 dictus
4300 2658 4406 2717 est

2448 2737 2579 2804 illis
2623 2758 2877 2821 quoque
2918 2736 3056 2803 dies
3099 2737 3181 2803 ad
3240 2737 3543 2804 ultimam
3591 2737 3813 2804 Martii
3858 2746 3932 2803 ut
3986 2736 4094 2803 hic
4138 2757 4403 2821 compa-

2448 2834 2689 2890 rerent.
2755 2821 3128 2889 Redierunt
3161 2844 3232 2889 er
3279 2846 3316 2889 o
3353 2846 3428 2890 eo
3474 2823 3581 2890 die
3613 2821 3931 2908 praedicti
3954 2822 4403 2891 Genevenses.

2447 2909 2803 2975 Venerunt
2877 2909 3071 2976 etiam
3141 2909 3207 2976 Z
3342 2930 3495 2977 aeus
3572 2920 3640 2975 et
3703 2909 4002 2994 Anydus.
4113 2907 4404 2976 Senatus

2447 2995 2846 3080 peculiarem
2882 2995 3221 3062 constituit
3263 2995 3435 3062 diem
3515 3016 3600 3061 uo
3634 3015 3902 3061 causam
3938 2995 4110 3061 hauc
4147 2991 4407 3061 audiret

2447 3092 2514 3149 et
2558 3080 2935 3162 discuteret,
2989 3081 3351 3149 secundam
3395 3082 3465 3149 vi
3512 3082 3705 3150 elioet
3745 3080 4015 3167 Aprilis.
4105 3080 4210 3148 Ibi
4255 3100 4408 3165 gra-

2447 3169 2620 3235 viter
2678 3167 3142 3253 disceptatum,
3208 3178 3277 3236 et
3334 3168 3507 3254 quod
3568 3168 3762 3235 timui
3826 3189 4085 3253 semper
4149 3165 4406 3233 accidit.

2445 3253 2675 3322 Facile
2718 3256 2894 3320 euim
2939 3252 3230 3340 praevidi
3276 3255 3433 3341 quid
3492 3256 3788 3321 futurum
3845 3254 4031 3331 foret,
4093 3254 4150 3319 si
4191 3253 4409 3319 utrin-

2448 3362 2574 3425 que
2618 3339 3007 3407 audirentur
3049 3339 3266 3418 simul,
3324 3350 3392 3407 et
3433 3341 3623 3409 facile
3665 3341 3986 3424 potuisset
4028 3347 4239 3405 totum
4285 3338 4409 3406 boe

2447 3426 2681 3505 averti,
2726 3426 2785 3493 si
2830 3435 3056 3493 nostra
3097 3425 3372 3494 consilia
3414 3426 3696 3510 aliquem
3740 3425 3954 3494 locum
4001 3425 4405 3491 habuissent.

2448 3514 2823 3595 Antequam
2884 3518 3103 3578 autem
3159 3511 3243 3576 ad
3299 3522 3633 3579 certamen
3690 3521 3962 3578 ventum
4016 3521 4218 3590 esset,
4274 3511 4412 3578 iam

2447 3598 2631 3683 prius
2689 3597 2895 3663 animi
2948 3609 3319 3663 senatorum
3379 3598 3462 3664 ab
3520 3597 3897 3664 adversaria
3947 3604 4141 3681 parte
4184 3607 4414 3662 contra

2453 3683 2785 3751 Calvinum
2829 3693 3020 3749 erant
3063 3685 3339 3761 accensi,
3383 3682 3563 3750 unde
3606 3684 3871 3749 nonnisi
3914 3704 4066 3748 eum
4102 3682 4413 3748 maximis

2448 3768 2866 3853 praeiudiciis
2901 3770 3121 3838 omnia
3159 3779 3317 3834 sunt
3351 3777 3513 3835 aeta.
3577 3769 3937 3852 Postquam
3982 3781 4207 3834 tamen
4249 3767 4414 3835 satis

2451 3854 2887 3940 digladiatum
2947 3855 3180 3920 fuisset
3244 3855 3586 3939 utrinque,
3654 3856 3982 3921 sententia
4045 3854 4210 3921 haee
4276 3853 4415 3921 lata

2450 3954 2579 4008 est:
2613 3946 2667 4022 ⁹)
2746 3949 2820 4006 ut
2896 3941 3177 4007 invicem
3243 3963 3470 4008 omnes
3542 3942 4037 4008 remitterentur
4102 3942 4406 4020 iniuriae,

2450 4028 2729 4112 quisque
2785 4028 2889 4092 vir
2946 4027 3152 4091 bonus
3209 4035 3539 4107 maneret,
3599 4036 3668 4094 et
3725 4027 4034 4111 deinceps
4092 4025 4176 4092 ab
4232 4029 4409 4092 eius-

2450 4114 2628 4180 modi
2694 4113 3262 4179 criminationibus
3326 4115 3748 4181 abstinerent.
3855 4113 4217 4198 Iudignum
4287 4111 4408 4176 hoc

2452 4209 2688 4284 putare
2736 4197 3055 4280 Calvinus,
3104 4219 3220 4265 nec
3264 4199 3373 4284 agi
3418 4199 3527 4264 hic
3562 4199 3642 4265 dc
3676 4199 3956 4283 privatis
4000 4207 4258 4263 tantum
4305 4197 4408 4260 in-

2450 4286 2638 4351 iuriis
2678 4284 2792 4351 sed
2837 4285 3054 4369 potius
3098 4283 3180 4349 de
3220 4283 3548 4353 doctrina:
3608 4285 3789 4350 illam
3850 4306 3992 4350 esse
4052 4283 4408 4350 discutien-

2452 4370 2623 4451 dam,
2670 4369 2777 4437 vel
2818 4392 2935 4454 per
2970 4392 3090 4437 nos
3127 4371 3480 4451 ministros,
3526 4370 3637 4436 vel
3671 4391 3789 4454 per
3831 4368 4157 4456 synodum
4203 4369 4412 4435 ecole-

2450 4459 2699 4523 siarum
2744 4455 3235 4536 helveticarum,
3295 4466 3414 4524 aut
3466 4457 3597 4523 alia
3651 4457 3870 4541 aliqua
3911 4457 4182 4521 ratione.
4270 4454 4411 4518 Ita-

2450 4565 2578 4628 que
2632 4564 2940 4628 responso
2998 4542 3151 4608 dato
3209 4564 3341 4609 non
3398 4552 3748 4609 contentus
3792 4541 3875 4606 ad
3929 4550 4231 4607 senatum
4277 4559 4414 4605 una

2451 4652 2598 4696 cum
2643 4632 2780 4696 suis
2823 4628 3037 4696 redire
3083 4629 3308 4696 voluit.
3397 4629 3534 4695 Nos
3580 4648 3754 4707 vero,
3813 4637 3887 4692 ut
3927 4628 4413 4710 susciperemus

2450 4715 2620 4781 hanc
2663 4736 2926 4782 causam
2967 4736 3183 4781 coram
3234 4725 3465 4782 senatu
3504 4714 3845 4800 agendam,
3892 4713 4184 4797 graviter
4219 4732 4413 4796 urge-

2450 4803 2579 4868 bat.
2669 4802 2817 4867 Hoc
2882 4801 3074 4868 nobis
3127 4815 3270 4867 erat
3334 4801 3615 4868 difficile.
3705 4800 4120 4865 Accessimus
4189 4807 4412 4864 tamen

2451 4895 2755 4954 senatum
2811 4899 2875 4953 et
2934 4897 3136 4954 totam
3197 4908 3461 4953 causam
3506 4885 3764 4953 senatui
3809 4885 4163 4970 diligenter
4206 4883 4418 4968 expli-

2688 5081 2729 5086 ..-
2762 5080 2861 5087 -Ή-

2655 5211 2716 5274 7)
2754 5211 2831 5267 Ν.
2864 5209 3021 5266 2160.

2654 5281 2716 5418 3))
2745 5280 3001 5404 §thina
3035 5345 3175 5401 2176
3216 5346 3351 5416 Req.
3391 5347 3469 5402 aa
3509 5345 3724 5401 Coma
3762 5346 3850 5401 ιι.
3880 5345 4060 5485 seusa
