4850 6200
476 433 600 495 683

472 616 777 693 Ducenti‚
823 636 1098 698 quorum
1136 613 1528 698 praeiudicio
1571 613 1850 680 confossi
1894 620 2070 687 sunt.
2105 632 2243 678 non
2286 612 2422 677 siut

471 725 558 768 ex
602 702 871 768 civibus.
961 699 1166 782 Quasi
1211 700 1480 766 collecto
1522 702 1817 765 exercitu
1854 700 2113 783 expulsi
2156 698 2419 763 fuerint.

471 787 683 870 Quasi
725 787 925 872 plebs,
970 789 1025 852 si
1069 786 1469 870 intelligeret
1529 785 1853 851 libertatis
1918 806 2075 851 suae
2118 794 2422 867 patronos

472 874 829 940 crudeliter
885 873 1185 956 opprimi,
1251 881 1507 937 tantam
1550 872 1853 937 iniuriam
1916 890 2189 954 passura
2231 878 2421 935 esset.

475 960 657 1041 Quin
704 962 917 1043 potius
960 980 1183 1023 eorum
1231 957 1518 1024 discessu
1563 958 1954 1040 compositae
1998 966 2153 1021 sunt
2194 976 2423 1021 omnes

478 1046 734 1111 turbae:
781 1045 1073 1111 discussa
1116 1045 1239 1109 fuit
1282 1064 1478 1126 quam
1518 1043 1918 1108 induxerant
1969 1043 2198 1126 calig0,
2244 1042 2422 1126 leges

474 1134 921 1214 reviguerunt,
946 1129 1196 1196 reddita
1218 1129 1340 1194 fuit
1385 1128 1531 1194 urbi
1569 1129 2025 1212 tranquillitas.
2093 1127 2424 1192 Viderunt

473 1230 651 1284 certe
714 1217 913 1301 legati
972 1216 1347 1282 Beruenses
1366 1218 1456 1289 ²⁹)
1524 1216 1636 1298 qui
1701 1215 1965 1279 illorum
2031 1224 2258 1298 rogatu
2340 1212 2423 1277 ad

476 1301 954 1387 deprecandum
1018 1316 1356 1378 venerant,
1416 1324 1550 1366 non
1597 1301 1872 1367 diversis
1919 1300 2152 1365 studiis
2193 1300 2421 1364 urbem

474 1392 741 1455 scissam
788 1410 948 1465 esse,
991 1409 1112 1453 nec
1154 1387 1310 1451 ullis
1364 1387 1891 1452 contentionibus
1945 1387 2260 1470 flagrare:
2308 1384 2423 1449 sed

471 1475 727 1559 placido
761 1476 1054 1539 omnium
1120 1494 1441 1538 consensu
1494 1472 1753 1555 probari
1796 1474 2120 1538 decretam
2166 1473 2234 1535 in
2276 1471 2424 1535 illos

474 1583 768 1645 poenam.
859 1560 950 1626 Ut
1004 1581 1260 1623 summa
1313 1559 1722 1641 impudentia
1758 1559 2035 1641 praediti
2071 1572 2242 1633 sunt,
2290 1577 2421 1620 non

473 1648 667 1713 modo
711 1655 1074 1712 extenuant
1108 1645 1464 1709 admissum
1505 1644 1776 1719 facinus,
1824 1645 1937 1708 sed
1979 1643 2271 1707 futilibus
2316 1664 2423 1708 ca·

474 1734 648 1799 villis
690 1733 939 1799 crimen
984 1734 1051 1797 in
1088 1753 1159 1796 se
1193 1730 1272 1796 de
1308 1730 1512 1795 nihilo
1546 1732 1896 1796 conflatum
1921 1730 2124 1795 fuisse
2158 1732 2423 1795 iactant.

475 1818 663 1901 Quae
707 1830 927 1883 tamen
973 1815 1222 1881 diluere
1246 1838 1371 1881 non
1399 1816 1658 1881 difficile
1702 1828 1817 1880 est.
1899 1814 2246 1881 Probabile
2280 1836 2423 1879 esse

475 1916 739 1990 negant,
783 1925 985 1986 quum
1037 1905 1157 1967 sub
1203 1925 1400 1966 manu
1443 1902 1759 1986 haberent
1796 1924 2101 1985 magnam
2146 1901 2422 1978 turbam,

473 2002 721 2055 temere
787 1991 962 2073 ipsos
1028 1990 1168 2054 sine
1222 1988 1434 2053 valido
1499 1989 1821 2072 praesidio
1888 1988 1968 2052 ad
2037 2010 2219 2052 arma
2273 2008 2424 2069 pro-

476 2078 750 2159 rupisse.
799 2076 1007 2156 Quasi
1054 2095 1208 2139 vero
1245 2094 1469 2138 rarum
1513 2075 1601 2138 sit
1644 2075 1745 2139 vel
1793 2074 2169 2156 infrequens
2203 2095 2423 2138 exem·-

475 2163 676 2245 plum,
722 2160 1052 2244 improbos
1097 2162 1386 2225 amentia
1426 2180 1649 2226 caecos
1694 2172 1761 2224 et
1815 2159 2201 2243 praecipites
2245 2159 2420 2224 ferri.

475 2247 674 2313 Certe
706 2246 1016 2329 quidquid
1058 2245 1432 2323 obtendant,
1479 2247 1821 2311 manifesta
1865 2245 2078 2310 rabies
2101 2267 2304 2310 uuum
2342 2265 2425 2308 ex

474 2333 736 2399 cohorte
779 2331 1043 2415 impulit
1083 2342 1160 2397 ut
1199 2334 1333 2398 ictu
1360 2331 1594 2415 lapidis
1616 2332 1948 2396 homiuem
1986 2331 2305 2407 deiiceret,
2334 2332 2424 2406 ³⁰)

476 2420 649 2483 unde
706 2430 972 2484 exortus
1031 2423 1135 2484 est
1192 2419 1454 2484 clamor.
1544 2418 1796 2483 Eadem
1849 2438 2103 2499 quoque
2147 2416 2424 2482 duorum

474 2507 749 2570 fratrum
781 2506 867 2581 θ’)
914 2507 1224 2581 caecitas,
1281 2505 1432 2568 dnm
1494 2503 1727 2588 gladiis
1769 2502 2033 2568 nudatis
2078 2505 2145 2567 in
2192 2503 2424 2587 vigiles

474 2603 759 2656 armatos
814 2591 1135 2672 impetum
1192 2590 1505 2656 feceruut.
1595 2591 1736 2654 Iam
1804 2610 1958 2654 vero
2002 2589 2420 2673 syndicorum

471 2678 767 2761 imperia,
807 2677 1042 2759 quibus
1082 2698 1215 2741 nou
1253 2696 1481 2760 parere
1518 2697 1776 2759 semper
1813 2676 2089 2760 capitale
2128 2675 2265 2753 fuit,
2311 2696 2422 2757 pe-

474 2763 763 2828 tulanter
809 2772 877 2827 et
911 2783 1058 2827 cum
1104 2762 1382 2827 ludibrio
1405 2783 1730 2843 spernere,
1769 2782 1900 2827 non
1938 2760 2154 2825 solum
2199 2782 2426 2843 repen-

471 2851 592 2913 tini
652 2850 909 2927 furoris,
976 2848 1090 2914 sed
1146 2861 1497 2929 conceptae
1552 2849 1734 2930 prius
1788 2846 2116 2923 audaciae,
2184 2846 2425 2930 diuque

471 2936 650 2999 inter
710 2938 885 3018 ipsos
944 2944 1289 3000 concoctae
1306 2936 1394 3013 ⁸²)
1452 2935 1711 3016 signum
1766 2942 1867 2998 est
1910 2934 2180 2998 minime
2217 2933 2424 2997 ambi-

518 3042 693 3086 uum.
764 3020 1031 3085 Clamor
1077 3019 1322 3084 adhaec
1364 3019 1540 3084 inter
1582 3021 1760 3103 ipsos
1805 3040 2033 3084 omues
2075 3039 2423 3090 consonus.

469 3042 555 3172 {e
590 3108 754 3172 urbe
790 3128 829 3170 a
873 3106 1088 3172 Gallis
1113 3105 1383 3188 prodita,
1428 3105 1605 3171 uude
1647 3107 1779 3171 nisi
1812 3126 1895 3170 ex
1939 3105 2426 3171 coniuratione?

471 3193 617 3258 Nisi
674 3195 849 3257 enim
909 3213 992 3257 ex
1049 3202 1385 3275 compacto
1442 3190 1612 3256 hanc
1669 3203 1981 3258 tesseram
2026 3192 2148 3256 sibi
2201 3205 2428 3258 mutuo

474 3279 825 3355 dedissent,
872 3279 983 3360 qui
1028 3280 1169 3342 fieri
1214 3279 1442 3360 potuit,
1503 3291 1578 3342 ut
1633 3280 1859 3342 statim
1917 3279 1986 3342 iu
2032 3278 2192 3344 locis
2234 3278 2428 3362 longe

472 3366 645 3429 inter
687 3385 758 3428 se
803 3363 1212 3441 distantibus,
1259 3385 1389 3428 vox
1428 3364 1546 3428 illa
1586 3363 1667 3430 de
1710 3364 1916 3429 nihilo
1959 3367 2233 3430 conficta
2275 3379 2428 3429 con·-

473 3449 784 3534 grueret?
837 3450 1011 3514 Nam
1050 3461 1116 3514 et
1156 3449 1354 3527 illius,
1391 3471 1582 3534 quem
1618 3449 1774 3528 dixi,
1825 3450 2116 3516 Vandelii
2151 3472 2317 3515 uxor
2335 3453 2428 3533 88)

471 3556 894 3618 quoscunque
958 3556 1114 3602 suae
1178 3537 1479 3601 factionis
1535 3538 1672 3601 fore
1736 3535 2045 3621 sperabat
2066 3586 2083 3612 ,
2139 3537 2431 3601 ostiatim

472 3623 730 3696 accinit,
764 3625 853 3705 ⁸⁴)
896 3621 1130 3688 Gallos
1165 3622 1549 3706 proditionis
1602 3624 1931 3687 incusans.
2019 3624 2268 3687 Verum
2306 3623 2429 3687 hoc

473 3719 576 3772 est
610 3709 875 3785 scilicet,
920 3707 1088 3791 quod
1135 3709 1469 3774 confessus
1506 3718 1605 3773 est
1638 3708 1903 3791 quidam
1951 3708 2209 3775 Pern'm‘
2251 3729 2427 3774 asse-

473 3793 592 3870 cla,
648 3803 714 3858 et
758 3816 882 3877 quo
927 3814 1119 3858 nemo
1163 3793 1263 3858 illi
1306 3794 1516 3877 magis
1572 3794 1912 3861 familiaris
1966 3806 2126 3873 erat,
2194 3816 2428 3878 nempe

475 3879 639 3944 duos
676 3879 820 3944 illos
857 3879 1195 3946 seditionis
1228 3881 1554 3963 principes
1576 3889 1855 3963 quatuor
1887 3893 2042 3946 ante
2076 3881 2181 3945 vel
2204 3881 2428 3964 paucis

472 3964 701 4029 diebus
767 3965 859 4030 sic
925 3966 1097 4031 inter
1159 3987 1228 4030 se
1283 3964 1610 4049 loquutus:
1649 3965 1827 4048 Quid
1869 3987 2198 4033 cessamus
2240 3966 2428 4031 brevi

472 4051 775 4135 ignaviae
823 4062 1083 4118 nostrae
1126 4072 1366 4134 poenas
1405 4051 1661 4117 daturi?
1718 4052 1863 4117 Iam
1905 4053 2263 4119 triennium
2306 4062 2425 4130 est,

473 4159 556 4202 ex
635 4157 764 4220 quo
850 4138 920 4201 in
975 4136 1240 4204 caedem
1304 4145 1595 4204 nostram
1675 4138 2131 4222 conspirarunt
2184 4137 2423 4204 hostes.

472 4223 730 4303 (Porro,
775 4223 940 4288 mihi
976 4223 1048 4287 in
1072 4223 1184 4288 illo
1227 4223 1518 4310 catalogo
1538 4224 1827 4307 primum
1869 4224 2087 4291 locum
2129 4223 2426 4306 dabant.)

472 4309 654 4394 Ergo
712 4317 1205 4375 antevertamus
1275 4330 1537 4390 necesse
1587 4318 1708 4376 est.
1797 4308 2146 4395 Speciosus
2204 4320 2424 4376 autem

475 4417 650 4461 nuuc
693 4394 949 4460 oblatus
1009 4405 1109 4460 est
1167 4394 1358 4461 color.
1449 4395 1765 4462 Dicemus
1821 4419 1857 4463 e
1915 4396 2246 4481 republica
2290 4417 2420 4461 non

643 4735 737 4802 29)
776 4737 939 4806 legati
974 4736 1275 4790 Beruenses
1309 4751 1411 4790 om.
1449 4735 1570 4790 edd.

644 4804 741 4872 80)
780 4804 1071 4860 Bonivard
1104 4805 1234 4860 145.-
1270 4806 1376 4860 hes
1406 4803 1722 4874 Compar-ets
1759 4807 1861 4860 mis
1896 4823 1929 4860 a
1962 4807 2017 4860 la
2048 4812 2260 4860 tortura
2295 4822 2422 4859 con-

470 4879 739 4932 resserent
775 4891 880 4945 que
918 4875 967 4929 le
995 4875 1159 4943 jeune
1177 4873 1481 4927 Berthelier
1512 4881 1649 4939 (not.
1687 4873 1770 4927 26.
1807 4874 1899 4941 28)
1936 4875 2124 4928 haroit
2159 4874 2335 4927 donne
2372 4875 2422 4927 le

471 4962 574 5014 cop
608 4945 677 4999 de
711 4945 896 5013 pierre
931 4948 988 4996 et
1023 4943 1243 4996 deffraie
1278 4944 1333 4995 la
1369 4943 1560 5000 heudo.
1628 4943 1740 4999 Hic
1775 4944 1921 4999 [dib.
1958 4945 2068 4998 Iul.
2104 4945 2165 4997 in
2199 4942 2423 4997 υἰπαιὶα

470 5017 744 5070 coniectus
778 5019 874 5067 est.

644 5081 741 5148 31)
777 5088 889 5136 not.
928 5079 1009 5134 19.

643 5149 739 5215 32)
775 5157 1067 5219 conceptae
1100 5147 1221 5202 cdd.

644 5218 741 5282 33)
778 5219 868 5273 De
900 5235 967 5272 ea
999 5224 1051 5272 ct
1083 5219 1283 5272 maneo
1329 5218 1622 5287 (capitsiue
1656 5217 1727 5270 du
1766 5218 1948 5288 Bonrg
1992 5220 2061 5271 de
2096 5218 2262 5285 Four)
2299 5218 2422 5271 vide

480 5287 766 5342 Bom‘oard
799 5285 915 5340 141.

644 5355 738 5422 34)
772 5355 969 5410 accivit
1000 5353 1123 5409 cdd.

1974 422 2499 491 EPISTOLAE
2543 426 2968 489 2243-2245

4343 427 4469 488 684

2525 635 2686 693 esse,
2721 622 2861 678 tam
2893 611 3134 677 multos
3168 612 3438 678 civitate
3472 610 3723 677 donari.
3771 611 3952 677 Nihil
3973 613 4472 697 impetrabimus

2526 721 2646 765 nec
2687 700 2755 764 in
2798 698 3055 764 minore
3097 710 3332 764 senatu
3377 717 3496 763 nec
3539 697 3713 781 apud
3771 699 4124 765 Ducentos.
4207 698 4312 763 Ad

2523 785 2754 869 pulum
2819 783 3336 867 provocabimus.
3425 782 3783 849 Advolabit
3842 784 4214 864 multitudo,
4271 785 4468 850 etim

2525 871 2755 936 invitis
2808 869 3116 954 syndicis.
3203 872 3426 936 Partis
3482 882 3749 935 nostrae
3794 870 4091 936 homines
4154 870 4470 937 suborna-

2526 958 2742 1022 bimus
2784 968 2863 1021 ut
2895 957 3251 1021 tumultum
3290 957 3633 1022 concitent.
3704 956 3785 1020 In
3832 955 4137 1022 tollendis
4172 956 4471 1023 hostibus

2525 1042 2696 1107 nihil
2731 1043 2854 1107 erit
2898 1044 3156 1126 negotii.
3214 1041 3698 1108 Tantummodo
3732 1042 4108 1107 audendum
4150 1052 4284 1109 est:
4318 1045 4472 1126 quia

2526 1129 2607 1194 de
2652 1128 2924 1194 victoria
2965 1129 3175 1193 securi
3219 1149 3462 1193 sumus.
3533 1129 3679 1194 Hoc
3711 1128 3825 1193 ille
3873 1128 4140 1194 Perrim
4178 1130 4470 1203 intimus.

2527 1223 2594 1280 et
2634 1218 2770 1279 fere
2812 1212 3154 1278 individua
3187 1215 3329 1279 eius
3365 1214 3615 1293 umbra,
3659 1223 3890 1297 quater
3931 1216 4259 1297 repetivit.
4337 1215 4471 1279 Ne-

2527 1311 2685 1385 gent
2718 1321 2789 1366 se
2831 1301 2973 1366 iure
3017 1300 3361 1365 damnatos
3403 1322 3563 1377 esse,
3601 1300 3841 1383 quibus
3882 1302 3956 1365 iu
4001 1300 4214 1366 medio
4247 1301 4471 1385 populi

2527 1396 2857 1452 conventu
2903 1394 2970 1450 et
3016 1385 3154 1451 loco
3211 1396 3437 1452 sancto
3480 1386 3641 1451 duos
3685 1407 3766 1451 ex
3811 1387 4120 1469 syndicis,
4156 1387 4472 1470 quosdam

2527 1485 2877 1547 senatores,
2944 1493 3024 1536 ex
3089 1472 3347 1538 civibus
3404 1473 3683 1555 optimos
3748 1493 4054 1555 quosque,
4109 1493 4335 1537 omues
4369 1474 4474 1537 in·

2527 1559 2758 1623 noxios
2823 1558 3150 1623 trucidare
3210 1561 3613 1641 propositum
3677 1558 3819 1623 fuit.
3910 1559 4013 1623 De
4090 1580 4195 1623 me
4271 1570 4471 1635 taceo,

2527 1665 2722 1727 quem
2765 1642 2890 1708 sibi
2934 1644 3139 1728 gratis
3179 1644 3519 1710 inimicum
3563 1656 3999 1727 sumpserunt.
4085 1645 4258 1710 Nam
4300 1643 4474 1728 quod

2528 1751 2634 1795 me
2669 1730 2933 1795 caedem
2976 1730 3211 1807 moliri,
3258 1730 3608 1796 obtendere
3633 1732 3810 1813 ipsos
3852 1752 3985 1795 non
4008 1730 4260 1814 puduit,
4301 1732 4472 1813 puti-

2528 1814 2676 1880 dius
2720 1826 2822 1880 est
2866 1836 3061 1897 quam
3127 1828 3202 1880 ut
3256 1817 3675 1881 excusatione
3727 1816 4037 1900 indigeat.
4118 1818 4210 1882 Et
4251 1826 4472 1881 tamen

2527 1901 2820 1967 noudum
2844 1900 3086 1967 iudicio
3124 1902 3495 1967 Vandelium
3517 1914 3947 1985 persequutus
3969 1913 4070 1968 est
4089 1906 4474 1977 senatus.³⁵)

2528 1987 2664 2053 Sed
2716 2009 2868 2052 eum
2921 1988 3098 2053 mala
3153 1991 3547 2054 conscientia
3599 1988 3766 2053 urbe
3809 1989 4091 2072 expulit:
4153 1999 4230 2053 ut
4281 1987 4475 2053 facile

2528 2088 2857 2156 appareat,
2883 2076 2950 2137 in
2973 2076 3259 2138 maximo
3289 2074 3580 2140 tumultu
3603 2073 4131 2151 moderationem,
4159 2075 4371 2158 qualis
4402 2076 4474 2139 in

2526 2162 2723 2224 rebus
2769 2160 3137 2241 tranquillis
3176 2161 3426 2225 servari
3470 2160 3653 2239 solet,
3700 2162 3899 2225 fuisse
3941 2168 4292 2226 retentam:
4352 2181 4475 2227 nec

2528 2245 2760 2310 callide
2805 2245 2910 2308 vel
2967 2248 3352 2311 festinanter
3405 2245 3763 2329 quidquam
3808 2255 4029 2311 actum
4072 2269 4214 2313 esse
4247 2257 4478 2311 contra

2503 2331 2872 2415 improbos.
2936 2330 3116 2411 Quin
3161 2333 3375 2414 potius
3419 2344 3492 2396 tu
3537 2334 3594 2397 si
3616 2331 3809 2410 adsis,
3835 2342 4132 2398 senatum
4176 2342 4474 2398 nostrum

2527 2418 2707 2481 lente
2730 2417 3029 2501 progredi
3076 2439 3152 2483 ac
3197 2420 3464 2483 remisse
3489 2415 3683 2484 dicas.
3744 2417 3878 2483 Sed
3923 2420 3994 2483 in
4017 2420 4187 2485 hauc
4221 2428 4476 2501 partem

2528 2504 2738 2568 satius
2781 2516 2883 2567 est
2904 2506 3174 2587 peccari,
3213 2526 3297 2569 ne
3340 2504 3486 2586 quis
3524 2513 3960 2587 praepostere,
4004 2511 4080 2569 ut
4122 2506 4195 2568 in
4216 2506 4482 2571 iracun-

2530 2588 2676 2653 diae
2721 2589 2973 2654 fervore
3018 2590 3269 2665 accidit,
3308 2591 3632 2654 saevitum
3677 2611 3818 2655 esse
3861 2599 4191 2673 queratur.
4279 2591 4482 2655 Faxit

2529 2674 2876 2752 Dominus,
2912 2686 2988 2740 ut
3022 2685 3244 2741 tantae
3287 2676 3691 2742 liberationis
3726 2678 4043 2742 memoria
4064 2698 4183 2742 uos
4219 2676 4478 2743 assidue

2530 2759 2614 2826 ad
2658 2762 3124 2931 gratitudinem
3169 2762 3481 2838 stimulet,
3539 2783 3924 2845 semperque
3965 2763 4032 2827 in
4078 2762 4289 2829 officio
4323 2784 4478 2829 con-

2529 2848 2758 2912 tineat.
2801 2849 2829 2886 ὃ

2703 2932 2926 3013 Quum
2974 2934 3093 2999 has
3136 2934 3360 2998 literas
3405 2932 3652 3000 dictare
3694 2935 4069 3017 inciperem,
4106 2956 4237 2999 non
4281 2944 4478 3018 puta-

2533 3020 2682 3084 bam
2749 3019 2832 3084 ab
2896 3019 3232 3085 Othomano
3292 3032 3513 3084 nostro
3569 3019 3896 3103 perlatum
3948 3021 4047 3085 iri.
4137 3021 4308 3085 Nam
4353 3022 4479 3086 etsi

2533 3107 2661 3170 iam
2707 3105 2788 3171 de
2831 3127 2949 3171 suo
2984 3108 3219 3172 itinere
3260 3106 3465 3172 verba
3506 3109 3765 3184 fecerat,
3812 3108 3965 3191 quia
3998 3117 4218 3173 tamen
4261 3108 4479 3174 incer-

2532 3201 2642 3256 tus
2695 3201 2855 3270 erat,
2907 3213 2991 3255 au
3036 3203 3214 3258 recta
3255 3195 3424 3258 istuc
3468 3204 3790 3259 venturus
3847 3195 4030 3273 foret,
4089 3194 4217 3259 alio
4258 3195 4477 3277 potius

2530 3279 2773 3342 nuncio
2807 3288 3166 3344 statueram
3201 3281 3314 3344 uti.
3381 3279 3574 3345 Nunc
3595 3289 3960 3363 opportune
3995 3280 4264 3346 accidit:
4304 3279 4479 3363 quod

2532 3385 2661 3429 non
2705 3384 2939 3446 parum
2984 3363 3273 3449 gaudeo:
3321 3374 3398 3429 ut
3461 3367 3518 3430 si
3573 3366 3732 3448 quid
3775 3375 4041 3449 propter
4091 3365 4480 3432 brevitatem

2532 3450 2658 3513 erit
2700 3449 3056 3530 obscurius
3103 3472 3401 3517 sermone
3434 3452 3693 3533 plenius
3735 3452 4080 3517 confirmet
4123 3461 4318 3536 atque
4360 3473 4478 3517 ex-

2530 3534 2744 3618 plicet.
2822 3535 3014 3616 Quod
3047 3557 3156 3602 me
3198 3538 3282 3602 ad
3323 3538 3705 3620 patientiam
3739 3536 3841 3604 bis
3877 3539 4173 3604 hortatus
4213 3558 4317 3604 es:
4353 3558 4478 3622 ego

2531 3642 2684 3686 vero
2729 3631 2829 3687 tot
2871 3622 3296 3708 indignitates
3329 3623 3583 3705 placide
3627 3624 3856 3689 tulisse
3896 3624 4064 3689 mihi
4109 3624 4350 3703 videor,
4409 3632 4482 3689 et

2527 3708 2714 3791 quasi
2760 3728 3042 3788 vorasse,
3100 3718 3174 3774 ut
3217 3709 3373 3773 dum
3432 3710 3838 3776 stomachum
3884 3710 4171 3788 cohibeo,
4216 3712 4482 3777 animus

2527 3794 2692 3858 mihi
2736 3815 2987 3879 quoque
3043 3795 3338 3861 defuerit.
3421 3795 3695 3862 Utinam
3738 3796 3972 3862 saltem
4014 3817 4161 3862 meo
4214 3796 4480 3862 silentio

2529 3901 2605 3945 ac
2641 3880 3158 3946 dissimulatione
3191 3881 3574 3965 placassem,
3620 3883 3731 3963 qui
3774 3882 3923 3947 odio
3965 3884 4098 3947 mei
4134 3884 4204 3947 in
4247 3901 4480 3949 omues

2529 3966 2733 4032 bonos
2776 3966 2996 4032 furere
3064 3988 3194 4032 non
3260 3967 3584 4033 desinunt.
3687 3967 3824 4034 Sed
3889 3989 4258 4052 quanquam
4322 3967 4482 4035 inde

2527 4053 2741 4136 magis
2799 4053 3176 4119 accenditur
3239 4074 3405 4137 quae
3459 4053 3714 4137 pridem
3772 4055 3973 4120 nimis
4036 4062 4334 4139 grassata
4374 4065 4482 4120 est

2528 4137 2759 4216 rabies,
2836 4139 3002 4204 mihi
3067 4148 3288 4205 tamen
3353 4141 3561 4205 fixum
3642 4148 3740 4205 est
3784 4140 3955 4205 nihil
4018 4161 4304 4207 movere.
4390 4140 4477 4206 N.

2527 4224 2935 4307 provinciam
3001 4226 3311 4310 obtigisse
3353 4225 3621 4310 gaudeo,
3665 4228 3739 4291 in
3780 4247 3909 4310 qua
3950 4248 4022 4293 se
4067 4227 4317 4292 utiliter
4358 4248 4480 4292 ex·

2527 4318 2762 4375 erceat.
2789 4314 2877 4392 ³⁷)
2951 4312 3082 4376 Det
3125 4310 3318 4377 modo
3340 4314 3400 4375 ei
3423 4312 3749 4377 Dominus
3771 4312 4052 4378 fideliter
4085 4334 4165 4378 ea
4184 4312 4477 4397 defungi.

2526 4394 2702 4459 Eum
2745 4417 2897 4462 cum
2942 4397 3023 4462 N.
3046 4401 3135 4468 ⁸⁸)
3178 4397 3430 4463 salvere
3471 4399 3682 4481 cupio.
3815 4397 4218 4485 Symmystis
4275 4400 4482 4464 etiam

2525 4480 2657 4546 tuis
2700 4482 3020 4562 omnibus,
3064 4483 3258 4548 uxori
3300 4492 3369 4548 et
3409 4484 3695 4551 familiae
3760 4483 4114 4567 plurimam
4166 4505 4310 4550 meo
4352 4505 4481 4549 no-

2526 4566 2703 4632 mine
2735 4568 3012 4634 salutem
3036 4569 3227 4635 dices.
3296 4568 3482 4646 Vale,
3505 4571 3924 4637 ornatissime
3960 4572 4064 4636 vir
4106 4579 4173 4637 et
4217 4592 4482 4654 semper

2529 4795 2734 4804 *mo—
2747 4799 2788 4804 -—
2799 4799 2934 4809 -—-—-—-

2692 4945 2783 5013 35)
2822 4947 2898 5002 In
2946 4949 3159 5004 actubus
3210 4963 3410 5004 musae
3461 4948 3567 5013 (22.
3627 4949 3886 5004 lut—2.
3941 4949 4112 5018 Sept.)
4175 4949 4480 5004 Vendat-‘uu

2522 5015 3291 5096 aaymdudtffireonm.
3366 5016 4482 5088 &oemulatur-’peanitas

2632 5125 3448 5235 ‚amnesamooam
3522 5155 4480 5226 ammomum-smmu-

2641 5236 3866 5353 ”aui›80a.ocumsnterLooma-m.

2691 5357 3191 5425 38)Μὲ
