4850 6200
309 428 427 490 801
1989 425 2152 486 1555
2188 420 2642 490 SEPTEMB.
4183 425 4311 488 802

310 612 672 696 Tigurinus
746 612 1033 677 Bernae:
1121 612 1216 675 ita
1293 620 1513 676 tamen
1593 632 1679 676 ne
1758 609 2062 694 Tigurini
2139 618 2258 674 aut

307 698 681 764 Beruenses
737 706 1059 782 cogantur
1122 696 1574 781 subsequendo
1638 696 1915 761 eandem
1983 694 2257 761 reddere

308 784 608 860 formam,
669 783 783 848 sed
828 794 1082 847 tantum
1121 805 1238 867 per
1282 804 1516 848 nemen
1564 782 1690 847 Dei
1735 783 1970 848 iurare.
2062 780 2257 861 Quod

309 870 362 934 si
401 869 570 934 nolit
610 872 865 952 praeire
909 872 976 934 in
1022 869 1324 935 dictando
1359 871 1724 934 iuramento
1754 868 2114 951 Tigurinus
2150 866 2256 930 vel

309 955 584 1033 Bernas,
631 965 897 1037 praeeat
939 956 1294 1020 Lucernas.
1351 953 1456 1020 De
1503 955 1627 1020 hac
1669 976 1740 1018 re
1784 952 2113 1018 nihildum
2158 961 2259 1016 est

308 1043 760 1117 constitutum,
808 1040 922 1105 sed
942 1042 1418 1106 consultabitur
1439 1041 1672 1106 adhuc.
1741 1040 2026 1104 Comitia
2067 1058 2255 1112 nova,

308 1127 378 1197 in
432 1127 671 1209 quibus
736 1128 898 1192 haee
962 1149 1067 1192 res
1132 1126 1484 1191 definietur
1538 1126 1908 1209 conscripta
1963 1136 2118 1190 sunt
2175 1123 2254 1187 ad

311 1211 620 1278 Octobris
703 1217 782 1276 28
864 1212 1221 1278 Badenam.
1265 1216 1349 1295 ¹¹)
1453 1213 1758 1294 Plerique
1833 1211 2256 1285 arbitrantur,

309 1319 512 1380 quum
579 1301 789 1365 nostri
856 1298 1120 1364 liberati
1177 1301 1312 1362 sint
1376 1319 1415 1362 0
1480 1299 1733 1381 vulgari
1777 1298 2004 1373 forma,
2049 1296 2257 1377 iisque

308 1405 429 1467 pro
495 1403 616 1448 000
681 1385 994 1469 religione
1060 1406 1175 1467 per
1219 1384 1419 1448 solius
1464 1385 1588 1448 Dei
1633 1405 1873 1447 nomen
1917 1385 2134 1447 iurare
2179 1381 2255 1444 li-

309 1482 452 1535 ceat
508 1470 790 1535 exclusis
856 1472 1000 1534 aliis
1066 1471 1208 1545 diis,
1271 1469 1435 1534 nihil
1499 1468 1815 1552 impedire
1880 1467 2135 1542 debere,
2202 1468 2258 1531 si

309 1553 646 1621 Lucernas
689 1572 957 1640 praeeat
1001 1558 1208 1620 forma
1248 1555 1521 1638 vulgari.
1594 1555 1729 1619 Alii
1775 1555 1976 1618 etiam
2019 1554 2086 1616 in
2135 1552 2260 1616 1100

310 1641 606 1706 haerent.
699 1641 877 1722 Quid
935 1641 1233 1706 futurum
1296 1642 1384 1705 sit
1427 1642 1660 1705 nesci0.
1751 1639 1958 1721 Spero
2004 1648 2260 1703 nostros

310 1738 377 1790 et
443 1728 815 1793 Beruenses
881 1728 1044 1791 nihil
1112 1738 1486 1809 recepturos
1552 1735 1666 1790 aut
1744 1728 2026 1789 facturos
2090 1722 2263 1807 quod

311 1825 568 1897 pugnet
603 1836 751 1879 cum
776 1814 1178 1879 confessione
1222 1815 1482 1896 integra
1526 1812 1859 1895 religionis
1881 1832 2093 1875 verae.
2161 1810 2259 1873 Tu

313 1918 431 1962 ora
498 1900 860 1963 Dominum
913 1912 987 1963 ut
1054 1899 1216 1963 haec
1273 1921 1376 1962 res
1440 1899 1606 1963 bene
1650 1897 1854 1961 cedat.
1945 1895 2262 1960 Plurimis

311 1986 488 2048 enim
535 1984 810 2049 subinde
852 1986 1163 2068 periculis
1207 1985 1626 2059 involvimur,
1673 2005 1794 2047 nec
1839 1982 2011 2046 ullus
2065 2001 2258 2063 appa·

311 2080 414 2134 ret
469 2072 641 2134 finis.
731 2070 924 2135 Unde
981 2084 1295 2154 perpetuo
1352 2073 1417 2133 in
1462 2072 1800 2152 procinctu
1846 2068 2082 2132 Martis
2127 2078 2253 2130 sta-

310 2176 460 2220 mus
496 2157 942 2238 spiritualibus
987 2159 1188 2222 armis
1234 2167 1619 2240 pugnantes.
1691 2155 2014 2219 Dominus
2045 2164 2263 2217 servet

311 2262 433 2306 nos
478 2243 545 2305 in
594 2264 712 2306 000
756 2254 981 2307 sancta
1025 2243 1361 2307 voluntate
1406 2254 1471 2305 et
1516 2242 1743 2305 liberet
1781 2262 1897 2303 nos
1937 2260 1976 2302 a
2021 2235 2258 2323 malis.]

489 2328 677 2405 Vale,
723 2328 982 2393 domine
1027 2330 1476 2393 colendissime
1519 2341 1584 2391 et
1631 2328 1835 2390 frater
1879 2326 1950 2388 in
1996 2324 2261 2389 Christe

313 2414 669 2489 carissime,
736 2437 870 2478 000
941 2437 1091 2481 cum
1149 2415 1529 2498 symmystis
1589 2424 1653 2476 et
1713 2411 2020 2476 fratribus
2066 2420 2262 2491 atque

311 2501 541 2564 amicis
577 2501 895 2564 omnibus.
988 2500 1296 2566 Salutant
1340 2514 1405 2564 te
1451 2511 1519 2562 et
1563 2512 1706 2562 tuos
1750 2508 2154 2580 symmystae
2198 2505 2263 2557 et

310 2588 440 2649 mei
489 2606 735 2650 omnes.
806 2585 1348 2651 Commendarem
1394 2586 1513 2648 tibi
1549 2584 1725 2647 hunc
1769 2586 2087 2666 optimum
2132 2582 2260 2644 fra·

311 2678 481 2735 trem
502 2671 584 2735 D.
614 2671 928 2737 Thomam
957 2674 1277 2747 Leverum,
1307 2674 1391 2749 ¹²)
1425 2671 1554 2734 nisi
1598 2671 1832 2734 scirem
1875 2667 2063 2731 illum
2102 2666 2259 2730 alio-

311 2759 422 2838 qui
481 2758 600 2820 tibi
668 2778 810 2823 esse
875 2758 1606 2823 commendatissimum.
1708 2755 1879 2819 Nam
1956 2762 2058 2816 est
2123 2755 2265 2835 ipsa

309 2844 604 2925 probitas
661 2853 728 2907 et
777 2845 880 2907 vir
921 2846 1236 2909 innocens
1281 2855 1348 2906 et
1391 2843 1856 2907 sanctissimae.
1937 2840 2262 2903 Dominus

309 2930 704 3079 miszreatur
765 2931 1230 2995 afflictissimae
1291 2928 1586 3011 Angliae.
1678 2926 1908 3009 Tiguri
1945 2929 2046 2990 28.
2093 2924 2259 3008 Sep·

309 3024 446 3079 tem
493 3016 586 3078 ris
631 3022 810 3080 1555.

1454 3150 1878 3233 Bullingerus
1923 3159 2090 3213 tuus.

489 3427 579 3492 ll)
614 3427 710 3480 Ibi
742 3428 846 3481 sibi
882 3428 1106 3480 invicem
1129 3426 1361 3492 polliciti
1396 3432 1522 3478 sunt
1557 3441 1612 3477 se
1637 3425 1717 3477 vel
1753 3424 1870 3477 sine
1903 3421 2262 3477 iureiurando

306 3494 502 3560 foedus
539 3502 715 3549 ratum
757 3503 804 3548 et
841 3499 1108 3548 sancitum
1145 3496 1446 3549 habituros.

483 3563 829 3645 12)·Strype,
883 3567 1003 3617 eccl.
1055 3580 1200 3616 mem.
1253 3565 1345 3616 111.
1384 3564 1431 3626 1,
1479 3579 1529 3629 p.
1566 3560 1702 3613 404:
1756 3561 1914 3613 Some
1967 3561 2098 3612 took
2151 3558 2261 3611 this

310 3639 668 3766 ssffissssssssy
667 3636 976 3771 033033‘1'3'
989 3635 1154 3754 (ἓξὲξ
1156 3637 1192 3754 ’ἰ
1215 3637 1297 3753 Τὲ
1299 3632 1894 3766 ῗεῖ-ἳῗ-ἰεὲξ-ἠῗὲῧῗθεέἓ
1899 3629 2060 3751 1ὴῖἳὲ
2081 3635 2261 3750 &21:332

311 3769 536 3892 inquiIrK
572 3773 687 3892 ἰιίξο
725 3772 816 3824 the
837 3772 1126 3892 ¹doctrines
1163 3790 1195 3824 o
1240 3771 1414 3892 ί11180101
1429 3769 1649 3890 11111000οἀ
1672 3785 1814 3889 11ῗ1011.
1848 3767 1980 3885 ,0ῗο
2015 3767 2087 3886 οἱ
2105 3766 2259 3886 1111000

315 3855 363 3888 W
576 3883 586 3892 .
786 3876 799 3900 ,
1337 3878 1350 3891 ·
2246 3874 2258 3896 9

315 3922 347 3958 a
366 3856 570 3977 ἴηνοο
586 3849 1376 3977 “ugvgzodaffigasaegoogwe
1413 3856 1568 3960 ἓοῐὲἒ
1589 3853 1814 3958 :di-,olgi
1844 3853 1907 3956 111·
1936 3853 2048 3955 111οΠ
2056 3851 2260 3955 111111·Ξῇ

313 3976 367 4028 in
406 3993 440 4028 a
476 3979 643 4030 letter
677 3987 735 4030 to
766 3979 866 4030 Mr.
889 3978 1173 4040 Bradford,
1211 3977 1343 4029 then
1379 3994 1412 4028 a
1445 3976 1695 4044 prisoner
1731 3976 1786 4026 in
1824 3972 2089 4040 England,
2127 3972 2259 4024 via:

315 4046 340 4098 1
376 4046 518 4099 have
554 4064 684 4099 seen
719 4047 814 4098 the
848 4048 1047 4114 places,
1084 4046 1251 4100 noted
1286 4046 1378 4097 the
1403 4045 1649 4097 doctrine
1674 4044 1780 4096 and
1816 4043 2118 4110 discipline,
2154 4040 2260 4093 and

313 4114 503 4168 tslked
538 4116 666 4168 with
704 4116 798 4168 the
833 4116 1054 4168 learned
1089 4133 1212 4168 men
1248 4115 1310 4167 of
1328 4112 1835 4183 Argentine,Basil,
1871 4111 2047 4170 Zurio,
2071 4110 2260 4174 Boi-ne,

315 4181 561 4237 Iaouvain
609 4183 1007 4249 (Lau-tannem
1056 4185 1162 4237 and
1209 4183 1442 4237 Geneva.
1524 4182 1644 4234 And
1696 4182 1720 4234 1
1760 4181 1896 4233 have
1944 4178 2052 4231 had
2101 4195 2164 4230 ex
2209 4196 2261 4230 e-

315 4252 498 4306 rience
533 4255 588 4306 in
628 4255 698 4306 all
735 4253 889 4306 these
925 4255 1105 4323 places
1142 4253 1203 4306 ol’
1242 4253 1449 4305 sincere
1486 4251 1730 4304 doctrine
1765 4250 1871 4302 and
1906 4248 2067 4317 godly
2099 4263 2163 4300 or
2203 4263 2264 4300 er

315 4322 424 4373 and
459 4330 619 4391 great
662 4324 936 4391 learning,
984 4323 1090 4375 and
1135 4322 1422 4391 especially
1456 4320 1518 4372 of
1556 4320 1685 4372 such
1723 4321 1965 4371 virtuous
1999 4316 2261 4382 learning,

315 4388 582 4460 diligence
629 4391 737 4444 and
784 4391 997 4462 charity
1040 4393 1098 4444 in
1134 4392 1411 4458 Bullinger
1445 4397 1503 4441 at
1537 4389 1700 4442 Zuric
1744 4387 1852 4440 and
1888 4387 1941 4438 in
1980 4386 2170 4438 Oalvin
2207 4392 2265 4437 at

317 4457 541 4514 Genava
586 4477 644 4512 as
687 4460 819 4513 deth
857 4460 1016 4514 much
1061 4461 1298 4513 advanee
1334 4458 1495 4513 God’s
1529 4459 1683 4527 glory
1714 4463 1847 4510 unte
1897 4454 1992 4507 the
2029 4454 2265 4534 edifying

316 4527 378 4580 of
408 4529 635 4582 Christ’s
670 4529 883 4582 Ohurch
931 4530 1064 4582 with
1112 4529 1206 4583 the
1254 4546 1399 4582 same
1446 4527 1674 4595 religion
1718 4527 1801 4579 for
1847 4524 1940 4577 the
1975 4523 2150 4577 which
2198 4540 2265 4590 ye

316 4595 385 4649 be
420 4615 540 4652 now
574 4600 630 4651 in
665 4600 866 4668 prison.

530 5442 750 5497 Calvino·
775 5455 957 5510 opera.
1037 5440 1148 5494 Vol.
1189 5437 1323 5492 XV.

3238 609 3441 680 2308.

2481 762 2950 831 OALVINUS
2995 763 3439 830 FARELLO
3486 765 3603 829 ET
3648 764 4198 831 LIBER'PE'I'O.

2538 935 2728 1000 Hunc
2791 939 2966 1019 νομαί
3022 941 3093 999 ut
3158 934 3409 1000 Bernac
3472 956 3733 1001 causam
3788 942 3934 1019 ayat
3976 937 4311 1002 cuiusdam

2359 1044 2403 1087 a
2458 1022 2776 1104 praefecto
2836 1021 3208 1085 Tononiensi
3271 1021 3494 1085 exsilio
3536 1022 3866 1087 ”tanatum
3909 1025 4060 1104 quia
4110 1022 4307 1089 Gene-

2359 1129 2476 1172 vae
2518 1129 2733 1173 coenae
2773 1107 3122 1173 dominicae
3164 1107 3467 1187 interfuit.

2363 1279 2477 1343 (Ex
2511 1277 2847 1398 autogr-effho
2884 1277 3015 1332 Cod.
3040 1275 3243 1330 Genev.
3286 1275 3424 1342 1070,
3461 1278 3549 1330 fol.
3594 1277 3705 1330 120.
3755 1278 3993 1330 Exstant
4028 1285 4312 1346 praeterea

2362 1349 2694 1417 exemplaria
2794 1346 3021 1398 arretini
3077 1344 3206 1397 Cod.
3266 1343 3380 1407 108,
3436 1346 3527 1398 sol.
3574 1345 3656 1409 53,
3716 1348 3989 1403 Beruense
4036 1347 4176 1416 Epp.
4214 1347 4311 1400 VI.

2918 1432 2972 1484 p.
3008 1412 3114 1467 496
3149 1420 3205 1466 et
3242 1414 3459 1466 Simleri
3497 1416 3613 1468 Vol.
3650 1414 3761 1477 85.)

2364 1586 2705 1653 Fidelibus
2751 1584 3000 1651 Christi
3045 1586 3251 1649 servis
3298 1584 3650 1650 Guillelmo
3694 1585 3956 1650 Farello
4000 1592 4065 1648 et
4085 1584 4313 1650 Chris-

2367 1673 2642 1758 tophoro
2676 1673 2891 1737 Fabro
2913 1671 3375 1735 Neocomensis
3410 1672 3719 1736 ecclesiae
3744 1671 4112 1752 pastoribus
4134 1693 4313 1756 sym-

2787 1758 3024 1841 mystis
3068 1766 3136 1820 et
3178 1756 3487 1822 fratribus
3530 1758 3899 1822 carissimis.

2539 1930 2608 1994 S.
2656 1928 2874 2009 Quam
2919 1928 3211 2010 improbe
3257 1951 3404 1994 cum
3442 1927 3564 1992 1100
3610 1940 3833 1993 nostro
3856 1929 4063 1993 amico
4104 1951 4315 2012 nuper

2366 2024 2585 2081 actum
2631 2017 2732 2089 sit,
2778 2014 3016 2078 melius
3060 2016 3199 2096 ipse
3242 2015 3424 2078 vobis
3470 2034 3689 2077 coram
3736 2024 4035 2098 exponet.
4118 2017 4216 2079 Ae
4259 2016 4315 2080 si

2367 2122 2569 2187 grave
2615 2098 2875 2182 aliquod
2917 2101 3163 2164 crimen
3204 2110 3528 2182 patrasset
3564 2120 3815 2164 sacram
3862 2101 4131 2164 Domini
4178 2122 4318 2166 coe-

2367 2208 2523 2252 nam
2594 2187 2923 2250 nobiscum
2995 2187 3379 2268 peragendo,
3449 2187 3811 2267 praefectus
3883 2187 4317 2251 'senoniensis

2367 2296 2517 2337 eum
2565 2273 2645 2337 ad
2693 2295 2761 2335 se
2800 2275 3052 2334 vocavit
3088 2286 3151 2335 et
3197 2273 3491 2353 iurgatus
3534 2280 3633 2333 est
3676 2272 3754 2333 de
3799 2262 4168 2355 contempto
4212 2294 4315 2337 00-

2368 2369 2561 2423 natus
2627 2359 2986 2421 Beruensis
3052 2355 3358 2427 edicto.1)
3449 2357 3592 2419 Etsi
3641 2370 3857 2419 autem
3902 2357 4199 2421 modesta
4241 2380 4312 2423 se

2365 2456 2433 2509 et
2499 2443 2701 2509 solida
2768 2444 3186 2506 excusatione
3254 2443 3577 2524 purgavit,
3647 2452 3861 2505 tamen
3921 2441 4167 2507 indicta
4210 2451 4312 2509 est

2364 2531 2581 2595 exsilii
2624 2550 2847 2611 poena.
2919 2528 3096 2593 Satis
3132 2530 3398 2592 coniicio
3435 2529 3685 2593 facinus
3710 2528 3895 2591 vobis
3933 2528 4311 2593 incredibile

2366 2620 2579 2681 visum
2624 2616 2726 2690 iri,
2773 2615 2883 2678 sod
2922 2615 3013 2677 ita
3036 2635 3299 2696 prorsus
3343 2636 3482 2677 esse
3508 2614 3782 2677 affirmo,
3844 2614 3989 2679 Hac
4016 2614 4093 2677 (10
4116 2635 4312 2679 00000

2366 2724 2542 2766 nunc
2587 2701 2872 2765 Bernam
2908 2702 3360 2784 proficiscitur.
3429 2699 3603 2779 Quia
3639 2710 3855 2762 autem
3903 2703 4161 2782 ignotus
4207 2711 4312 2765 est

2365 2808 2441 2852 00
2487 2789 2849 2869 imperitus,
2916 2806 3310 2869 magnopere
3372 2798 3640 2868 cuperet
3707 2786 4035 2848 hominem
4080 2788 4148 2850 in
4207 2786 4311 2851 1110

2368 2874 2564 2938 rebus
2587 2874 3031 2950 exercitatum,
3070 2882 3137 2935 et
3180 2873 3287 2953 qui
3335 2872 3548 2953 gratia
3593 2869 3763 2952 apud
3812 2871 4135 2936 Bernates
4175 2872 4312 2954 pol-

2365 2959 2551 3035 leret,
2600 2958 2725 3022 0101
2759 2958 2826 3021 10
2865 2958 3109 3040 optima
3153 2979 3348 3021 causa
3394 2978 3468 3021 ac
3492 2958 3899 3021 sanctissima
3943 2958 4310 3041 suffragari.

2364 3046 2576 3111 Porro
2621 3044 2895 3108 fratrem
2940 3056 3235 3108 nostrum
3263 3042 3771 3124 Christophorum
3819 3042 4085 3124 quidam
4121 3053 4310 3127 puta-

2365 3141 2527 3197 runt
2568 3132 2852 3195 maxime
2897 3130 3201 3194 idoneum
3249 3132 3401 3193 fore.
3492 3129 3665 3193 Mihi
3708 3129 3970 3210 quidem
4017 3151 4146 3194 non
4198 3151 4310 3195 ve-

2366 3227 2556 3283 nerat
2619 3219 2690 3280 in
2741 3225 3045 3293 mentem,
3093 3217 3204 3279 sed
3242 3236 3440 3297 quum
3490 3214 3571 3278 ab
3616 3216 3761 3279 aliis
3804 3215 3927 3279 sibi
3972 3237 4112 3279 esse
4156 3237 4311 3300 sug-

2364 3313 2620 3387 gestum
2667 3314 2982 3380 narraret,
3010 3302 3202 3365 valde
3238 3299 3522 3383 probavi.
3584 3300 3807 3380 Quare
3847 3313 3929 3374 te,
3963 3302 4055 3365 mi
4096 3300 4311 3368 Chris-

2363 3389 2629 3470 zophoroe.
2676 3389 2803 3453 nisi
2846 3410 2972 3469 qua
3019 3391 3181 3451 forte
3240 3389 3444 3450 maior
3488 3389 3842 3451 necessitas
3884 3386 4057 3450 domi
4099 3398 4165 3450 te
4208 3409 4312 3453 re-

2365 3477 2590 3551 tineat,
2619 3483 2919 3557 rogatum
2946 3482 3009 3537 et
3032 3475 3423 3537 obtestatum
3450 3471 3666 3548 velim,
3706 3483 3778 3535 ut
3801 3472 3975 3537 hunc
4022 3473 4311 3538 laborem

2364 3583 2495 3626 non
2555 3571 2689 3623 tam
2748 3580 2892 3623 meo
2952 3571 3184 3642 rogatu
3253 3579 3446 3640 qnam
3503 3559 3709 3640 ipsius
3762 3578 4013 3634 causae,
4061 3580 4228 3641 quae
4273 3581 4312 3624 a

2365 3647 2492 3711 Dei
2520 3647 2727 3728 gloria
2771 3654 2837 3709 et
2881 3645 3133 3727 piorum
3176 3645 3465 3706 omnium
3497 3642 3708 3707 salute
3734 3645 4023 3725 separari
4060 3646 4310 3727 nequit,

2366 3731 2927 3797 commendatione
2971 3731 3300 3811 suscipias.
3392 3729 3542 3793 Scio
3586 3741 3772 3792 tanta
3816 3751 3920 3793 me
3962 3731 4107 3795 istic
4146 3732 4312 3795 invi-

2367 3817 2475 3881 dia
2518 3819 2797 3900 flagrare
2842 3825 2915 3879 ut
2959 3814 3220 3897 quidvis
3243 3816 3462 3897 potius
3508 3815 3677 3877 tueri
3722 3815 3915 3880 liceat
3955 3837 4147 3898 quam
4173 3816 4308 3882 Ge-

2366 3924 2721 3968 nevensem
2746 3902 3108 3967 ecclesiam:
3150 3902 3261 3964 sed
3309 3911 3373 3963 te
3410 3901 3654 3964 maiore
3701 3903 3918 3965 animo
3943 3901 4309 3983 praeditum

2367 3991 2501 4054 0010
2567 4009 2761 4071 quam
2816 4000 2893 4052 ut
2950 3988 3189 4050 talibus
3231 3987 3428 4050 fumis
3475 3986 3915 4051 absterrearis.
4009 3989 4098 4051 Et
4142 3998 4315 4053 certe

2365 4074 2740 4140 favorabilis
2804 4074 2932 4137 erit
2988 4092 3200 4146 causa,
3269 4071 3433 4135 nihil
3499 4094 3638 4136 csse
3706 4074 3914 4154 magis
3960 4073 4312 4138 absurdum

2367 4161 2477 4225 vel
2522 4165 2825 4235 immane,
2870 4180 3062 4240 quam
3091 4158 3417 4221 hominem
3463 4158 3661 4221 nobili
3706 4169 3773 4221 et
3816 4159 4081 4240 antiqua
4126 4159 4314 4222 fami·

2368 4248 2456 4310 lia
2491 4257 2740 4318 natum,
2787 4245 2900 4327 qui
2945 4265 3203 4327 semper
3240 4244 3589 4307 honorifice
3630 4244 3812 4319 vixit,
3860 4265 3896 4305 e
3933 4245 4199 4326 regione
4243 4245 4314 4308 in

2368 4354 2565 4415 quam
2582 4331 2989 4396 voluntarius
3034 4329 3216 4393 exsul
3243 4330 3559 4394 concessit
3583 4330 3844 4410 pietatis
3880 4348 4094 4406 causa,
4119 4350 4313 4412 prop-

2369 4428 2472 4483 ter
2543 4427 2834 4483 sanctam
2911 4417 3231 4481 actionem
3300 4416 3461 4480 eiici.
3555 4415 3779 4496 Neque
3846 4424 4067 4477 tamen
4134 4412 4312 4479 aliud

2372 4525 2566 4587 qnam
2622 4524 2761 4567 rem
2819 4504 3026 4584 ipsam
3089 4523 3127 4565 a
3183 4501 3367 4567 vobis
3420 4503 3695 4582 spectari
3754 4500 3917 4576 volo,
3965 4521 4128 4582 quae
4172 4521 4312 4564 cer-

2368 4600 2509 4653 tum
2579 4589 2783 4665 vobis,
2836 4597 2910 4651 ut
2966 4609 3174 4670 spere,
3236 4587 3578 4653 eonsilium
3637 4585 3815 4650 dabit
3872 4584 4027 4668 quid
4070 4587 4314 4651 factum

2365 4697 2601 4760 operae
2646 4676 2931 4757 pretium
2980 4674 3082 4737 sit.

2539 4761 2805 4837 Valete,
2873 4758 3106 4841 optimi
3165 4767 3232 4823 et
3285 4758 3691 4840 integerrimi
3737 4760 3989 4821 fratres.
4080 4754 4310 4822 Domi-

2367 4870 2493 4912 nus
2552 4868 2812 4931 semper
2864 4845 3049 4909 vobis
3115 4844 3300 4921 adsit,
3355 4866 3467 4908 vos
3529 4852 3824 4926 protegat
3874 4864 3948 4908 ac
3993 4843 4313 4924 gubernet

2366 4934 2621 5017 spiritu.
2691 4932 3020 4997 Mutarim
3063 4940 3131 4994 et
3171 4929 3315 4994 aliis
3352 4930 3577 4993 amicis
3621 4929 3969 5011 plurimam
4015 4927 4313 4994 salutem.

2369 5206 2635 5271 03001)
2675 5204 2935 5258 Edictum
2970 5204 3148 5270 ipsum
3185 5203 3363 5270 leqt'sti
3396 5219 3566 5270 supra
3601 5201 3677 5256 N.
3709 5200 3860 5254 2096.
3916 5199 4003 5255 De
4036 5202 4154 5257 viro
4187 5205 4314 5271 ipso

2368 5293 2405 5329 a
2456 5275 2728 5342 praesecto
2779 5275 3062 5340 obiurqato
3120 5273 3286 5338 plura
3342 5288 3453 5325 non
3504 5273 3773 5327 habemus.
3851 5270 4069 5326 Nobilis
4118 5271 4317 5327 Gallus

2364 5345 2539 5410 fuisse
2573 5343 2791 5396 videtur
2824 5342 3029 5396 alicubi
3061 5341 3122 5394 in
3151 5341 3501 5409 praefectura
3550 5342 3878 5395 Tononiensi
3911 5341 4121 5409 deame.

3830 5424 3894 5476 51
