4850 6200
408 426 526 487 641

410 613 653 678 versati
703 631 948 676 sumus.
1037 612 1205 676 Tota
1257 610 1374 675 illa
1415 611 1630 688 tactio,
1687 631 1857 693 quae
1916 609 2125 676 tribus
2170 610 2364 676 annis

408 697 741 764 continuis
782 697 973 763 nobis
1017 695 1261 761 infesta
1311 697 1453 774 fuit,
1510 706 1850 780 postquam
1896 718 1968 762 se
2010 696 2182 761 vidit
2224 717 2360 760 mo·

411 785 510 849 dis
532 782 834 849 omnibus
853 794 1268 867 prostratam,
1292 786 1344 861 8)
1372 781 1721 848 consilium
1743 781 1915 864 cepit
1936 783 2128 864 quale
2150 781 2365 847 solent

410 870 754 953 desperati.
876 869 1026 934 Non
1085 868 1300 934 educti
1366 868 1628 951 quidem
1707 869 1976 933 fuerunt
2038 869 2214 934 servi
2280 890 2362 932 ex

412 955 783 1041 ergastulis,
830 967 905 1021 ut
951 955 1109 1019 olim
1146 975 1348 1038 quum
1395 955 1571 1019 servi
1613 967 1854 1029 essent,
1901 953 2016 1019 sed
2062 955 2363 1020 homines

411 1043 903 1108 circumforanei
960 1039 1041 1104 ad
1095 1060 1424 1125 cauponas
1473 1042 1680 1106 vocati
1737 1051 1899 1105 sunt
1940 1040 2051 1123 qui
2094 1061 2361 1123 operam

413 1129 882 1194 mercenariam
943 1127 1248 1194 locarent.
1347 1126 1572 1208 Quum
1643 1125 1869 1191 multis
1928 1126 2362 1191 nebulonibus

412 1214 608 1299 (quod
645 1214 840 1279 claris
876 1215 1264 1279 testimoniis
1310 1213 1544 1295 liquet)
1580 1210 1734 1277 data
1777 1225 1949 1277 esset
1990 1212 2061 1277 in
2105 1210 2361 1278 duobus

413 1302 570 1366 locis
611 1300 899 1384 gratuita
940 1321 1159 1374 coena,
1204 1312 1473 1383 repente
1517 1298 1835 1364 excitatus
1876 1296 2005 1363 fuit
2039 1298 2363 1363 tumultus

411 1401 638 1454 eontra
672 1385 995 1452 excubias.
1066 1385 1293 1465 Quum
1342 1406 1534 1449 nemo
1578 1405 1663 1448 ex
1700 1384 1918 1466 probis
1955 1405 2025 1449 ee
2068 1392 2365 1448 moveret

409 1473 501 1538 illi
540 1494 766 1538 omnes
801 1472 885 1536 ad
919 1491 1103 1535 arma
1137 1471 1576 1536 clamitabant.
1636 1469 1850 1553 Saepe
1889 1490 2041 1535 vero
2071 1470 2366 1534 nomina-

410 1561 526 1625 tim
566 1559 806 1624 Franci
827 1561 884 1636 ⁴)
930 1560 998 1621 in
1036 1577 1147 1621 ore
1192 1570 1398 1633 erant,
1446 1578 1486 1620 a
1520 1558 1753 1639 quibus
1789 1555 2092 1622 dicebant
2134 1555 2362 1620 urbem

413 1645 753 1729 proditam.
843 1644 950 1708 Ex
1006 1643 1282 1708 Francis
1350 1664 1431 1707 ne
1481 1665 1652 1708 unus
1718 1641 1979 1725 quidem
2038 1642 2360 1724 apparuit.

412 1733 614 1798 Pauci
650 1754 732 1796 ex
773 1729 1028 1795 civibus
1065 1728 1389 1811 syndicos,
1425 1730 1536 1811 qui
1576 1751 1658 1793 ex
1696 1729 1882 1794 lectis
1914 1734 2362 1805 surrexerant,

410 1818 664 1901 sequuti
723 1825 894 1882 sunt.
955 1816 1169 1880 Tanta
1228 1817 1327 1879 vis
1384 1813 1670 1899 syndieis
1723 1813 1903 1878 illata
1923 1817 1976 1889 ὅ)
2024 1826 2095 1879 ut
2139 1814 2218 1878 ab
2264 1813 2363 1878 ul·

414 1905 573 1969 tima
639 1904 955 1968 memoria
1020 1901 1153 1966 tale
1221 1900 1467 1965 editum
1535 1900 1910 1982 exemplum
1975 1921 2101 1964 non
2146 1900 2360 1964 fuerit.

414 1993 647 2075 Longe
692 2000 910 2054 autem
966 1989 1134 2052 alius
1179 1987 1302 2051 fuit
1344 1999 1623 2052 eventus
1665 2008 1861 2069 quam
1907 1985 2195 2050 seditiosi
2241 1985 2363 2050 sibi

414 2079 864 2161 promiserant.
956 2073 1228 2139 Certum
1290 2073 1423 2137 illis
1488 2084 1648 2150 erat,
1717 2070 1775 2136 si
1839 2073 1985 2153 quis
2039 2093 2120 2136 ex
2168 2080 2365 2154 gente

418 2162 731 2228 Francica
754 2159 1121 2243 prodiisset,
1147 2181 1297 2224 eum
1324 2158 1616 2224 occidere
1639 2168 1708 2222 ct
1728 2178 1965 2224 canere
2000 2159 2364 2235 victoriam,

416 2249 738 2315 trucidare
781 2247 1006 2312 statim
1050 2245 1354 2329 syndicos
1397 2254 1673 2327 quatuor
1706 2254 1774 2308 et
1817 2244 2136 2327 primores
2179 2263 2366 2308 sena-

416 2346 536 2401 tus.
628 2332 764 2400 Sed
808 2332 1134 2397 Dominus
1179 2331 1601 2414 operimentis
1655 2332 1791 2395 suis
1848 2328 2127 2394 nudatos
2173 2326 2365 2394 dede·

414 2421 541 2489 cori
600 2419 918 2503 exposuit.
980 2418 1331 2483 Caeterum
1400 2428 1586 2481 tanta
1643 2416 2086 2481 moderatione
2146 2426 2365 2480 actum

415 2516 513 2573 est
559 2516 632 2571 ut
666 2505 801 2571 dux
823 2508 876 2581 ⁶)
920 2504 1121 2569 semel
1166 2516 1359 2586 atque
1404 2505 1639 2567 iterum
1680 2504 1855 2566 inter
1897 2500 2144 2567 iudices
2188 2499 2364 2565 sede·

415 2596 519 2671 rit,
563 2591 788 2657 omnia
820 2602 1047 2657 contra
1067 2613 1137 2655 se
1183 2590 1557 2655 testimonia
1601 2587 1898 2665 audierit,
1937 2588 2168 2670 quibus
2214 2587 2365 2652 libe-

414 2700 560 2745 rum
615 2688 758 2743 erat
812 2676 1275 2742 contradicere.
1365 2675 1499 2740 Sed
1546 2695 1747 2758 quum
1794 2673 2176 2738 tumultuari
2223 2694 2366 2739 coe-

415 2767 635 2850 pisset,
682 2768 898 2830 iussus
951 2762 1174 2847 egredi
1237 2784 1273 2826 e
1330 2762 1576 2835 curia7)
1621 2760 1847 2844 fugam
1893 2759 2175 2841 arripuit
2219 2779 2368 2823 cum

414 2866 691 2937 quatuor
738 2850 1102 2916 comitibus.
1184 2847 1318 2912 Alii
1380 2857 1695 2911 tenentur
1737 2847 1807 2911 in
1856 2845 2154 2924 vinculis,
2198 2845 2367 2909 forte

415 2950 567 3004 ante
610 2956 848 3019 paucos
892 2936 1030 3000 dies
1074 2936 1219 2999 aliis
1260 2934 1388 2998 erit
1429 2931 1976 3016 respondendum.
2063 2930 2148 2996 In
2192 2931 2367 3014 fugi-

412 3026 605 3103 tivos,
645 3043 848 3106 quum
882 3023 1045 3087 satis
1077 3022 1447 3086 convictum
1472 3030 1646 3085 esset
1681 3037 1903 3083 eorum
1931 3018 2199 3094 crimen,
2233 3016 2369 3081 lata

415 3123 519 3177 est
559 3109 860 3194 capitalis
913 3111 1258 3174 sententia.
1286 3110 1336 3182 ι5)
1426 3105 1530 3171 Ab
1577 3127 1653 3172 eo
1710 3117 2005 3188 tempore
2050 3102 2371 3169 nonnulla

414 3196 487 3263 in
542 3196 706 3262 urbe
763 3194 1111 3277 trepidatio
1155 3194 1295 3270 fuit,
1341 3213 1508 3276 quae
1554 3203 1770 3257 tamen
1818 3212 1949 3255 non
1994 3198 2373 3256 concuteret

416 3282 846 3367 tranquillum
868 3293 1133 3346 statum.
1191 3279 1264 3345 Si
1290 3279 1547 3364 plenius
1570 3291 1772 3342 totam
1796 3275 2136 3341 historiam
2159 3275 2370 3357 expli·

415 3371 547 3438 cari
592 3369 710 3434 tibi
757 3368 995 3450 cupias,
1060 3366 1218 3430 mihi
1266 3385 1399 3431 non
1448 3385 1651 3449 grave
1695 3364 1823 3428 erit
1862 3364 2149 3429 laborem
2190 3362 2371 3427 hunc

415 3457 531 3522 tibi
571 3453 970 3538 impendere.
987 3457 1047 3530 ⁹)
1106 3452 1240 3518 Sed
1277 3473 1453 3517 nunc
1477 3451 1727 3517 veritus
1770 3471 1918 3516 sum
1954 3471 2040 3514 ne
2074 3449 2368 3531 ineptum

414 3564 518 3608 me
573 3552 870 3625 putares,
930 3540 985 3605 si
1030 3540 1319 3605 minutas
1363 3550 1582 3621 partes
1636 3535 1932 3616 argutius
1975 3533 2369 3618 colligerem.

584 3626 759 3708 Quid
798 3625 879 3689 de
913 3647 1111 3690 causa
1146 3635 1368 3689 nostra
1391 3624 1653 3689 Bernae
1690 3633 2012 3687 statutum
2046 3621 2136 3685 sit
2160 3622 2371 3685 nesci-

416 3738 579 3780 mus.
610 3716 667 3754 ¹⁰
672 3731 696 3790 )
764 3711 938 3792 Quia
972 3710 1163 3777 video
1199 3731 1305 3776 me
1342 3723 1527 3774 tanta
1560 3706 1810 3774 invidia
1845 3705 2017 3790 apud
2053 3707 2370 3790 quosdam

625 3917 686 3982 3)
727 3920 962 3971 maxime
995 3915 1341 3970 electionibus
1375 3932 1443 3966 m.
1488 3913 1795 3969 Februario
1827 3915 2009 3979 factis.

621 3986 683 4050 4)
722 3988 804 4041 On
840 4005 873 4039 a
909 3985 1177 4039 murmure
1214 3992 1402 4038 contre
1440 3987 1518 4038 les
1554 4000 1838 4036 nouveaux
1888 3982 2172 4051 bourgeois
2210 3981 2277 4033 de
2315 3982 2368 4034 18

418 4059 604 4112 astion
659 4057 942 4126 francoise.
1010 4054 1179 4123 (Rey.
1230 4055 1307 4108 du
1351 4052 1569 4107 Conseil
1618 4051 1701 4108 13.
1751 4050 1835 4104 27.
1881 4050 2046 4118 Μαί.)
2120 4050 2192 4103 118
2245 4067 2366 4118 pre·

417 4133 624 4198 noyent
679 4126 799 4178 leur
843 4124 1065 4178 couleur
1100 4140 1195 4176 sur
1242 4140 1303 4177 cc
1341 4139 1445 4191 que
1500 4123 1768 4192 plusieurs
1803 4120 2062 4188 Francois
2114 4124 2367 4189 estoyent

415 4213 585 4250 venus
622 4195 839 4249 habitor
885 4210 950 4246 eu
997 4194 1052 4245 18
1090 4193 1218 4245 ville
1266 4199 1324 4246 et
1360 4190 1485 4261 qu’il
1536 4191 1700 4243 estoit
1734 4189 1768 4242 8
1812 4189 2065 4243 craindre
2103 4187 2260 4257 qu'ils
2298 4204 2366 4242 ne

415 4267 471 4319 18
502 4265 803 4318 trabissent
837 4260 1131 4324 (canaam
1172 4259 1273 4315 Vie
1306 4261 1373 4313 de
1411 4259 1497 4318 0.)

622 4332 681 4399 5)
718 4332 912 4386 Perrin
977 4332 1029 4384 18
1082 4339 1252 4401 nuyct
1306 4330 1377 4383 du
1431 4329 1662 4381 tumulte
1717 4345 1750 4379 a
1804 4326 2017 4379 voulluz
2075 4325 2262 4380 hoster
2314 4326 2366 4379 le

417 4405 612 4457 baeton
668 4400 897 4454 sindical
949 4417 1017 4453 au
1071 4399 1157 4453 Sr.
1195 4399 1439 4453 Aulbert.
1510 4396 1672 4464 (Rey.
1716 4393 1801 4448 24.
1844 4393 1987 4448 Mai.
2057 4394 2369 4461 Bonivard,

422 4472 606 4527 Pola-e
643 4468 761 4523 137.
797 4469 962 4534 suiv.)

623 4538 683 4598 6)
727 4537 996 4593 Peninus
1058 4550 1228 4606 usque
1277 4534 1356 4587 ad
1412 4533 1496 4587 24.
1554 4533 1683 4587 Mai
1733 4534 1791 4585 in
1846 4536 2039 4585 senatu
2089 4531 2272 4597 adfuit
2318 4537 2367 4585 et

417 4611 638 4678 aeqaoit
673 4624 728 4662 se
771 4606 1007 4676 Syndico
1042 4610 1151 4659 vim
1186 4605 1449 4659 innuisse.

627 4676 687 4742 7)
728 4677 935 4731 Eodem
974 4676 1063 4728 die
1106 4675 1325 4728 Veneris
1360 4675 1418 4727 in
1454 4678 1721 4728 conventu
1742 4669 2118 4723 Ducentorum
2154 4670 2365 4729 Perrin.

421 4748 571 4816 Sept,
626 4745 868 4815 Chabod,
926 4743 1126 4809 Verna,
1180 4742 1461 4796 Micbsllet
1510 4741 1694 4795 furent
1744 4738 1991 4792 decretas
2043 4739 2111 4791 de
2164 4740 2368 4808 prison.

422 4815 533 4884 <Re
572 4856 585 4868 .
621 4814 698 4868 du
735 4813 819 4880 0.)
890 4811 1186 4867 Bonivard
1271 4849 1284 4862 .
1332 4809 1433 4863 142
1479 4810 1622 4864 hunc
1667 4813 1984 4863 consutum
2034 4807 2121 4861 die
2172 4806 2370 4861 Lunae

587 4893 740 4939 atam
777 4883 929 4938 dieii.
994 4882 1187 4936 Verum
1222 4827 1319 4934 ἕω
1354 4879 1444 4933 die
1482 4879 1751 4933 Peon-inus
1783 4880 1894 4930 iam
1929 4876 2067 4944 fuya
2101 4877 2209 4931 sibi
2241 4892 2366 4956 eqn-

420 4954 667 5008 suluemt
705 4951 924 5007 Gema
958 4951 1050 5006 die
1088 4951 1321 5004 Sarum
1352 4947 1563 5014 relicta,
1608 4953 1661 5002 et
1701 4948 1764 5000 in
1808 4951 2003 4999 senatu
2049 4946 2099 4998 le
2143 4946 2369 4998 ssultier

423 5041 456 5076 8
490 5023 715 5077 refforuz
762 5037 869 5091 que
905 5021 1097 5075 Perrin
1135 5038 1168 5072 a
1200 5019 1423 5088 dispsru
1472 5018 1605 5071 item
1643 5016 1791 5085 Sept,
1831 5015 2035 5079 Verus,
2072 5014 2368 5068 Michallet.

428 5091 643 5161 niqui»
672 5090 928 5160 pluo-obus
961 5095 1188 5143 enarrat
1224 5086 1532 5142 Bonivard.

625 5159 689 5224 8)
725 5159 802 5213 D.
837 5159 886 5211 3.
924 5158 1102 5213 lunii.

628 5229 687 5300 9)
737 5228 872 5282 vide
902 5244 986 5296 ep.
1025 5227 1219 5282 Idibus
1261 5225 1365 5278 lul.
1401 5226 1683 5292 seriptum.

598 5298 689 5362 10)
732 5298 989 5366 Epistola
1024 5296 1389 5350 Ber-nmium
1431 5292 1703 5348 Genavam
1748 5291 1998 5359 peruenit
2032 5289 2085 5341 d.
2127 5288 2174 5342 7.
2212 5287 2374 5342 Iunii

424 5365 625 5437 (Rea.)
701 5366 897 5422 Totum
928 5366 1030 5420 hoc
1062 5379 1269 5419 comma
1302 5363 1365 5416 in
1399 5362 1581 5417 coaice
1615 5361 1985 5418 cancellatum.

634 5452 857 5508 Calvisi
885 5466 1070 5521 opem.
1152 5449 1261 5505 vot.
1302 5447 1360 5502 x
1375 5448 1431 5503 ν.

2224 427 2383 488 1555
2426 422 2612 491 IUN.

4295 433 4428 495 642

2464 612 2767 695 flagrare,
2804 620 2880 676 ut
2920 612 3122 677 finem
3156 610 3465 678 turbandi
3504 613 3619 678 vix
3655 635 3948 697 unquam
3989 617 4229 684 facturi
4268 618 4452 697 sint,-

2464 697 2721 764 nisime
2755 697 3102 783 profligato
3135 698 3305 765 forte
3339 699 3602 765 illorum
3637 700 3844 765 furori
3878 701 4240 768 oedendum
4275 705 4428 781 erit.

2636 782 2742 848 De
2784 797 3010 849 nostra
3047 782 3425 850 defensioue
3452 789 3533 863 ¹¹)
3570 784 3924 851 Ourienses
3959 810 4079 871 pro
4113 787 4425 856 omnibus

2463 869 2805 935 Rhaeticis
2883 870 3175 936 ecclesiis
3254 872 3500 954 gratias
3578 872 3832 956 pridem
3913 887 4213 957 egerunt.
4314 873 4426 940 De

2465 953 2947 1021 Schaffusianis
3005 968 3205 1034 taceo,
3272 977 3552 1038 quorum
3617 957 3844 1022 literas
3906 962 4048 1041 ipse
4124 960 4422 1027 miseras.

2465 1040 2933 1125 Sangallenses
2997 1043 3197 1106 etiam
3274 1063 3586 1125 perquam
3665 1042 4026 1110 liberaliter
4098 1066 4170 1112 se
4233 1048 4426 1113 nobis

2464 1126 2871 1193 subscribere
2939 1128 3161 1192 testati
3226 1136 3396 1193 sunt
3488 1128 3668 1210 Quid
3729 1129 4025 1196 Sulcerus
4082 1140 4304 1197 noster
4336 1134 4424 1211 ¹²)

2465 1212 2891 1295 responderit,
2935 1215 3089 1295 quia
3131 1215 3294 1279 meis
3338 1214 3558 1279 verbis
3602 1214 3844 1280 referre
3887 1216 4108 1299 pudet,
4153 1239 4240 1283 ex
4282 1219 4426 1284 eius

2463 1298 2674 1364 literis
2710 1299 2881 1364 malo
2915 1307 2983 1363 te
3017 1299 3401 1384 intelligere.
3492 1298 3772 1383 Semper
3814 1302 4116 1384 equidem
4169 1304 4426 1369 veritus

2465 1405 2612 1450 sum
2652 1405 2737 1449 ne
2772 1383 3047 1469 frigidus
3082 1394 3254 1451 esset
3288 1385 3445 1450 dum
3480 1387 3630 1451 vult
3668 1386 3921 1453 medius
3959 1387 4184 1454 videri.
4259 1388 4426 1472 Spe·

2465 1471 2692 1536 rabam
2752 1479 2974 1536 tamen
3020 1470 3260 1554 aliquid
3298 1472 3551 1550 melius,
3617 1472 3726 1539 vel
3786 1474 4016 1538 saltem
4063 1477 4281 1540 minus
4322 1475 4426 1540 in·

2466 1556 2769 1639 sipidum.
2858 1556 3036 1638 Quia
3074 1568 3294 1622 tamen
3336 1579 3374 1621 a
3408 1556 3596 1623 nobis
3631 1580 3761 1623 non
3800 1559 4069 1627 dissidet
4103 1560 4424 1626 fovendus

2467 1650 2584 1709 est.
2677 1642 2782 1707 Ex
2829 1663 2957 1725 quo
3001 1641 3203 1708 libere
3247 1644 3526 1709 refutavi
3574 1666 3739 1728 quae
3783 1645 4022 1717 obiicit,
4068 1647 4286 1712 nescio
4333 1667 4420 1712 an

2468 1728 2814 1793 deflexerit
2857 1749 2895 1792 a
2939 1730 3154 1812 priore
3199 1730 3561 1797 sententia:
3605 1731 3810 1795 tacuit
3853 1731 4104 1797 saltem.

2637 1814 2747 1880 Ex
2802 1813 3165 1880 Germania
3222 1815 3383 1880 nihil
3444 1826 3747 1899 pacatum
3816 1820 4183 1884 nunciatur.
4275 1816 4424 1883 Scis

2466 1902 2639 1966 inter
2694 1899 2966 1966 Gallum
3025 1912 3092 1966 et
3150 1901 3499 1967 Caesarem
3557 1904 3805 1986 agitata
3856 1904 4058 1969 fuisse
4100 1902 4425 1986 quaedam

2466 1996 2686 2069 pacta:
2753 1984 2869 2052 sed
2928 1986 3094 2051 nihil
3137 1987 3309 2052 bello
3352 1988 3613 2054 certius.
3703 1988 3884 2070 Quin
3943 1990 4142 2054 etiam
4190 1989 4422 2055 classis

2467 2073 2744 2139 Turcica
2764 2072 3121 2137 adventare
3144 2073 3399 2153 dicitur,
3424 2094 3589 2156 quae
3624 2074 3844 2139 decem
3882 2095 4072 2158 paces
4108 2075 4424 2140 turbaret.

2468 2157 2634 2224 Sero
2692 2157 2773 2224 de
2827 2160 3052 2224 nuncii
3098 2158 3385 2225 discessu
3443 2159 3818 2226 admonitus
3859 2160 3985 2240 fui,
4041 2182 4243 2243 quum
4286 2183 4425 2226 me-

2469 2244 2739 2309 ditanda
2802 2254 2955 2328 post
3017 2265 3285 2310 coenam
3353 2246 3519 2311 foret
3585 2247 3874 2311 crastina
3929 2248 4174 2312 concio.
4257 2246 4425 2311 Vale

2469 2328 2706 2415 igitur,
2774 2331 3192 2396 ornatissime
3257 2332 3361 2395 vir
3426 2341 3491 2396 et
3555 2332 3758 2397 frater
3821 2354 3908 2397 ex
3974 2334 4193 2398 animo
4259 2332 4426 2397 mihi

2469 2415 2891 2482 observande.
2959 2415 3383 2501 Symmystas
3428 2430 3574 2482 tuos
3611 2417 3825 2483 saluta
3859 2439 4004 2483 meo
4026 2419 4312 2496 nomine,
4357 2426 4426 2483 et

2469 2501 2805 2580 familiam,
2872 2502 3038 2567 addo
3099 2504 3298 2568 etiam
3355 2504 3438 2568 D.
3498 2503 3965 2568 Lismaninum.
4053 2504 4239 2569 Deus
4304 2524 4426 2569 vos

2474 2608 2700 2654 omnes
2723 2597 2990 2653 tueatur
3011 2608 3086 2653 ac
3107 2600 3295 2674 regat
3317 2603 3649 2673 perpetuo,
3713 2590 4031 2655 Genevae
4057 2594 4113 2654 5.
4138 2588 4314 2654 Iunii
4341 2590 4427 2666 ¹⁸)

2473 2675 2731 2739 circiter
2774 2694 3033 2739 nonam.

3347 3205 3542 3276 2219.

3011 3359 3484 3428 OALVINUS
3530 3360 3892 3429 SOOINO.

2650 3532 2996 3617 Respondit
3037 3533 3121 3598 ad
3163 3533 3401 3614 aliquot
3444 3535 3583 3600 eius
3625 3535 4034 3615 quaestiones.

2476 3703 2722 3767 (Editam
2758 3722 2790 3757 8
2836 3704 2991 3758 uobis
3035 3721 3095 3758 re
3136 3704 3278 3757 eries
3322 3704 3469 3758 inter
3504 3704 3738 3758 Consilia
3783 3704 4090 3774 theolog-ica

2476 3774 2617 3827 lecta
2650 3772 2993 3827 exhibuimus
3027 3774 3082 3827 in

2848 3842 3050 3910 Incipit
3083 3860 3116 3895 8
3152 3842 3362 3895 verbis:

3148 3789 3270 3827 omo
3288 3772 3358 3825 X.
3381 3773 3634 3896 Offirum,
3668 3779 3826 3843 parte
3861 3775 4046 3853 priore
4074 3792 4127 3844 p.
4173 3705 4428 3844 wseffd:

3486 3843 3619 3912 qula
3653 3842 3901 3911 vulqus-ts
3934 3849 4056 3907 est.)

3223 4122 3635 4131 --——-.-.-—-—

3328 4337 3527 4408 222⁰.

2933 4476 3404 4545 CALVINUS
3452 4476 3972 4543 VOLMARIO.

2648 4650 2918 4716 Gratias
2959 4650 3092 4734 ayit
3133 4650 3208 4715 de
3250 4650 3409 4716 dono
3466 4649 3592 4715 sibi
3642 4650 3853 4714 misso.
3945 4647 4194 4713 Novum
4237 4669 4428 4714 suum

2470 4736 2699 4802 librum
2755 4738 2813 4801 ei
2870 4736 3085 4801 tradit.
3177 4735 3499 4803 Iudicium
3553 4735 3629 4800 de
3685 4734 3961 4814 1⁵3·oeth
4025 4733 4313 4818 Veryerio
4369 4740 4428 4801 et

2648 4939 2737 5004 11)
2778 4939 2984 4997 (lanua
3016 4940 3402 5009 Westphalum.
3439 4969 3505 4979 —
3547 4941 3837 4994 συνίσασι
3870 4938 4139 4993 audivisti
4160 4938 4240 4995 N.
4269 4939 4430 5010 2133,

2470 5008 3017 5135 mwhmffmmoe
3053 5011 3258 5065 nunus·
3294 5011 3551 5064 habemus
3583 5011 3701 5063 nisi
3731 5009 3873 5070 forte
3895 5007 3975 5063 N.
3993 5007 4150 5076 2098,
4191 5008 4429 5079 Sangal-

2649 5095 2700 5132 m
2800 5118 2815 5134 .
2992 5115 3005 5130 .

2645 5146 2738 5214 12)
2775 5146 2994 5203 Nomen
3045 5147 3415 5212 cancellatum,
3467 5162 3505 5199 a
3552 5145 3704 5198 Besa
3749 5150 3892 5213 puta
3935 5147 4033 5215 qui
4078 5147 4233 5215 prelo
4281 5148 4432 5216 lianc

2468 5217 2727 5285 parabat.
2801 5214 2886 5284 Of.
2927 5217 2999 5272 N.
3037 5215 3191 5274 2168.

2650 5283 2739 5352 18)
2779 5287 3117 5356 Apoqrapha
3177 5285 3442 5354 praebent
3513 5283 3741 5338 Iulium.
3828 5282 4052 5337 Annum
4125 5285 4436 5354 admipoit

2475 5354 2620 5410 alites
2655 5360 2715 5409 in
2749 5356 3110 5424 autom-ephe.
4483 5373 4488 5378 ·
