4850 6200
490 438 609 501 195

491 624 742 709 supplic
785 632 1006 691 nostre
1043 624 1173 691 bon
1199 620 1368 689 Dieu
1412 619 1495 687 de
1536 640 1705 688 vous
1746 627 2133 704 augmenter
2174 623 2240 682 et
2281 638 2436 701 pru-

483 711 697 779 dence
738 724 806 777 et
858 718 1068 787 vertu,
1129 728 1294 774 vous
1352 726 1724 793 gouverner
1778 706 1865 771 du
1924 712 2068 770 tout
2121 704 2304 770 selon
2363 722 2440 768 sa

481 798 791 875 volante,
858 805 928 863 et
989 816 1149 862 vous
1213 794 1398 861 avoir
1461 814 1545 859 en
1603 812 1678 858 sa
1728 790 2111 877 protection.
2213 790 2309 856 Oe
2354 793 2438 851 24

481 880 701 949 inillet
751 887 933 948 1554.

772 1004 1012 1069 Vostre
1054 1001 1375 1068 serviteur
1419 1008 1485 1065 et
1527 996 1796 1064 humble
1838 998 2027 1075 frere,

1553 1099 1829 1166 Oharles
1872 1096 2261 1180 d'espeville.

1291 1396 1504 1404 -w———-n
1527 1395 1592 1403 ..-
1607 1396 1678 1403 ...0⁴

1394 1610 1590 1684 1999.
2482 1616 2487 1677 Ι

2481 1692 2487 1737 l

951 1748 1418 1818 CALVINUS
1464 1747 1979 1816 MOLINAEO.
2481 1744 2487 1821 ὲ

671 1922 980 1989 Ηονιαύιιν
1026 1940 1165 1986 eum
1219 1927 1284 1987 ut
1337 1922 1587 2004 fortiter
1640 1922 1888 2004 quidem
1930 1923 2000 1986 in
2041 1921 2439 1988 resedam-

499 2012 655 2074 viter
688 2009 760 2073 in
800 2007 977 2073 modo
1019 2027 1200 2073 mam
1242 2008 1566 2073 stationem
1610 2012 1819 2073 contra
1863 2007 2108 2073 invidos
2150 2007 2440 2074 detrecta-

497 2101 661 2160 tores
696 2098 955 2159 tueatur.
1067 2092 1235 2175 Typo
1309 2090 1573 2174 aphum,
1641 2094 1887 2175 qualem
1945 2092 2048 2159 ille
2096 2092 2221 2159 sibi
2274 2095 2440 2160 mitti

497 2184 839 2264 ropaverat,
885 2178 1055 2244 haud
1091 2180 1135 2262 f
1211 2179 1223 2192 ‘
1323 2179 1638 2244 inventum
1682 2179 1771 2244 iri
1815 2179 1992 2245 docet.

501 2352 612 2416 (Ex
647 2348 960 2432 apographo
995 2348 1124 2404 Ood.
1163 2348 1363 2403 Genu.
1409 2347 1544 2415 ¹07⁸,
1581 2349 1674 2431 fol.
1711 2346 1793 2414 72,
1830 2350 2103 2432 coll.·cum
2140 2368 2294 2405 exem
2336 2353 2439 2405 lari

583 2419 856 2473 Turretim
891 2419 1021 2472 cod.
1064 2416 1177 2483 ΠΒ,
1212 2417 1304 2473 sol.
1341 2416 1425 2474 13.
1495 2418 1716 2488 Anghce
1751 2417 1833 2471 ed.
1873 2418 2086 2475 Philad.
2121 2419 2214 2474 111.
2251 2418 2285 2473 4
2324 2421 2359 2483 .)

497 2576 936 2640 ornatissimo
999 2573 1144 2638 viro
1208 2584 1274 2638 et
1347 2575 1555 2638 amico
1627 2572 1982 2656 plurimum
2063 2575 2439 2640 honorando

906 2659 1142 2725 Oarolo
1178 2659 1504 2725 Molinaeo
1538 2659 2026 2725 Iurisconsulto.

670 2796 740 2864 S.
824 2795 1030 2862 Dabis
1087 2797 1377 2875 veniam,
1447 2798 1688 2862 eximie
1744 2796 1876 2876 vir,
1943 2797 2112 2879 quod
2173 2819 2256 2862 ex
2312 2820 2440 2880 quo
2487 2736 2496 2863 ἱ

495 2886 862 2968 Tubiugam
902 2883 1220 2965 migrasti,
1280 2881 1448 2947 nihil
1507 2882 1821 2947 hactenus
1865 2903 1904 2947 a
1946 2904 2051 2948 me
2095 2882 2438 2949 literarum
2487 2890 2492 2947 i

496 2970 838 3052 acceperis.
950 2967 1120 3032 Nam
1184 2988 1386 3049 quum
1462 2966 1625 3031 nihil
1703 2967 2010 3033 haberem
2089 2970 2440 3053 scriptione

497 3056 771 3140 dignum
823 3052 1018 3118 huius
1076 3051 1276 3132 officii
1327 3053 1646 3119 iacturam
1706 3052 1824 3118 tibi
1872 3075 2000 3119 nou
2065 3052 2256 3121 valde
2299 3076 2439 3122 mo-

493 3145 726 3207 lestam
782 3140 917 3204 fore
979 3139 1222 3220 putavi.
1310 3138 1601 3204 Tandem
1660 3138 1850 3204 binas
1891 3161 2022 3205 uno
2069 3140 2171 3206 die
2215 3143 2440 3207 literas
2487 3147 2493 3222 Ι

497 3225 744 3308 accepi,
773 3230 824 3300 ¹)
901 3222 1071 3289 unde
1130 3222 1380 3306 colligis
1449 3226 1712 3307 priores,
1785 3237 2134 3306 antequam
2193 3227 2275 3291 ad
2332 3249 2439 3293 me
2488 3227 2493 3306 Ι

499 3310 935 3395 pervenerint,
997 3309 1111 3374 diu
1153 3309 1352 3375 fuisse
1395 3310 1465 3374 in
1509 3311 1741 3376 itinere
1789 3325 2077 3395 vagatus.
2163 3314 2441 3377 Provin-
2487 3311 2494 3390 ξ

496 3399 664 3464 ciam
711 3396 828 3462 tibi
872 3393 1184 3478 obtigisse
1226 3394 1594 3461 conditione
1636 3406 1749 3462 tua
1784 3396 2053 3480 dignam
2088 3398 2158 3461 iu
2204 3421 2330 3481 qua
2374 3410 2441 3462 te
2488 3435 2493 3490 ἑ

497 3483 747 3548 utiliter
799 3483 870 3546 in
914 3479 1243 3564 publicum
1299 3481 1542 3548 bonum
1597 3503 1918 3559 exerceas,
1983 3482 2168 3549 valde
2213 3493 2281 3549 et
2323 3483 2443 3550 tibi
2487 3497 2494 3538 ¹

497 3569 809 3652 privatim
850 3578 920 3633 et
958 3567 1187 3634 multis
1229 3568 1342 3651 qui
1383 3567 1664 3634 fructum
1704 3567 1856 3634 inde
1893 3570 2250 3652 percipient
2292 3591 2440 3654 gra-
2488 3547 2495 3646 ¹,

497 3654 687 3720 tulor.
777 3653 924 3719 'I'ibi
967 3652 1210 3736 aliquid
1256 3654 1588 3719 molestiae
1630 3654 1827 3719 fuisse
1873 3655 2255 3741 exhibitum,
2316 3655 2442 3721 etsi
2490 3651 2497 3726 Ε

501 3750 577 3805 ut
631 3760 751 3822 par
807 3751 907 3805 est
963 3738 1173 3816 doleo,
1237 3762 1367 3806 non
1423 3747 1641 3805 tamen
1696 3741 1883 3805 nobis
1939 3743 2177 3806 mirum
2237 3741 2441 3809 videri
2489 3733 2496 3776 ³

499 3824 707 3891 debet.
797 3824 962 3890 Nam
1021 3846 1223 3908 quum
1283 3826 1350 3890 in
1410 3828 1536 3891 isto
1593 3825 1731 3892 loeo
1775 3826 1985 3891 multa
2029 3827 2245 3892 adhuc
2290 3828 2441 3893 faex

497 3912 903 3994 papistarum
970 3911 1280 3991 resideat,
1360 3913 1501 3976 fieri
1572 3933 1702 3977 non
1768 3921 1983 3994 potest
2046 3922 2124 3977 ut
2185 3914 2442 3980 infestis

497 3997 791 4063 hostibus
836 4016 1074 4063 careas.
1162 3995 1336 4063 Sunt
1394 4009 1461 4063 et
1516 3996 1778 4081 quidam
1825 4000 2060 4064 morosi
2122 3999 2440 4078 homines,

504 4103 625 4146 nec
679 4080 930 4148 minore
982 4083 1340 4164 pertinacia
1405 4084 1637 4150 imbuti
1694 4105 1889 4167 quam
1946 4086 2443 4152 contentionum
2491 4101 2497 4120 ¹

503 4167 739 4251 cupidi,
800 4169 906 4249 qui
962 4168 1294 4234 neminem
1349 4191 1388 4233 a
1432 4192 1552 4235 sua
1595 4179 1770 4235 secta
1814 4170 2102 4237 alienum
2149 4172 2253 4238 vel
2296 4172 2440 4238 dili-

504 4273 659 4338 gere
725 4252 826 4318 vel
893 4252 1167 4319 tolerare
1245 4255 1586 4320 sustinent.
1696 4256 1831 4321 Eos
1899 4263 2116 4323 tamen
2178 4257 2445 4324 cordata

587 4340 722 4404 tius
782 4337 1222 4404 moderatione
1288 4342 1546 4406 retundi
1610 4353 1902 4424 praestat
1967 4363 2160 4425 quam
2218 4355 2443 4428 aperto

503 4361 720 4493 Εἴπω
785 4423 1146 4509 confligere.
1259 4427 1477 4508 Atque
1540 4428 1610 4490 in
1684 4425 1808 4492 hoc
1873 4428 2258 4495 imitandum
2325 4430 2445 4497 tibi

505 4648 687 4702 lm.
714 4647 771 4706 1)
813 4645 990 4714 Quen
1022 4647 1266 4701 unimam
1305 4647 1576 4702 Molinaei
1605 4648 1683 4703 ad
1720 4649 2005 4705 Οαῑυύιυηι
2039 4651 2327 4707 manus
2358 4649 2446 4706 21.

507 4717 713 4839 m
742 4718 1138 4853 {ww
1176 4715 1284 4840 (ἐξ
1299 4714 2006 4842 &afflatam
2047 4719 2447 4845 ὼωῗέοῗς

505 4858 749 4906 montrum
785 4824 1098 4907 ‹hissam-um
1133 4869 1244 4908 non
1289 4854 1526 4923 recipies
1698 4803 2188 4927 dussin’unmm
2294 4861 2450 4941 epu-iq
2491 4849 2500 4918 ¹,

577 4957 590 4970 .
639 4921 715 4975 ad
762 4921 1049 4977 Calvinum
1105 4920 1237 4976 data
1283 4938 1397 4977 non
1440 4924 1538 4989 sit,
1594 4922 1691 4977 sed
1745 4924 2132 4980 declarationis
2244 4928 2448 4982 elamet
2494 4955 2499 4984 ι

507 4936 915 5110 ῧηίιωῖλιξζο.
936 4990 1066 5045 duci
1095 4991 1333 5073 traditae
1364 4994 1653 5060 σεωρων,
1698 4996 2015 5061 caponum
2045 4994 2182 5065 quid
2212 5000 2448 5052 uenerit
2492 4995 2497 5042 ἰ

595 5055 683 5110 24.
755 5059 855 5112 ab·
887 5060 1191 5141 medeam
1226 5065 1353 5116 actu
1398 5061 1635 5131 quodam
1666 5062 2000 5128 academwo,
2034 5064 2180 5117 ande
2213 5069 2497 5134 appan-etz

592 5127 2097 5279 &mauzerimum
2120 5133 2447 5274 §.aas
2490 5157 2496 5224 ι

499 5263 2445 5402 wem.kltigoeoerodoelamiwdmm·n8epoembreoeripta
2489 5273 2495 5302 ¹

508 5058 560 5112 d.

509 5143 558 5180 et

501 5202 570 5248 *ut

1016 5335 1828 5405 onon-mrespieimpotm.
2488 5331 2495 5406 !

1987 426 2512 497 EPISTOLAE
2564 432 2976 495 lasa—1991

4362 433 4477 495 196

2543 637 2776 684 censeo
2797 617 3425 702 praestantissimum
3442 617 3663 682 virum
3685 624 3753 682 et
3771 618 4014 683 eximia
4025 618 4272 686 virtute
4294 640 4483 684 orna-

2540 711 2677 768 tum
2721 702 3144 770 Melchiorem
3197 701 3589 769 volmar-‘um
3632 704 3815 769 cuius
3859 724 4199 787 nunquam
4239 705 4483 772 inflexa

2540 789 2664 853 fuit
2706 790 3071 854 constantia
3112 798 3188 854 ut
3228 787 3489 854 illorum
3524 789 3798 855 ferociae
3829 788 4103 869 cederet,
4148 802 4217 855 et
4258 800 4480 856 tamen

2539 895 2674 939 non
2738 883 2874 940 tam
2939 874 3356 941 vehementia
3420 872 3663 958 repulit
3703 872 3986 941 fervidos
4043 874 4305 942 illorum
4359 878 4480 941 im-

2538 968 2730 1043 petus
2773 981 2964 1045 quam
3011 957 3331 1045 aequabili
3375 959 3857 1045 tranquilloque
3898 959 4102 1027 animi
4145 974 4319 1028 statu
4365 984 4479 1027 ex-

2537 1047 2722 1128 cepit.
2812 1045 3041 1130 Neque
3085 1046 3261 1113 enim
3321 1044 3548 1111 dubito
3600 1046 3756 1129 quin
3813 1044 3964 1130 plus
4007 1046 4077 1111 in
4119 1046 4269 1113 aula
4313 1048 4477 1114 obti-

2536 1140 2739 1197 neant
2772 1132 3022 1216 gratiae
3055 1153 3248 1215 quam
3287 1131 3607 1215 expediat.
3669 1132 3887 1216 Atque
3923 1131 4077 1198 hinc
4110 1133 4480 1215 suspicatus

2537 1239 2682 1282 snm
2725 1217 2971 1285 factum
3015 1238 3184 1296 esse,
3244 1228 3322 1283 ut
3361 1238 3563 1300 quum
3605 1216 4047 1284 illustrissimo
4091 1218 4259 1284 Duci
4303 1241 4480 1284 com—

2536 1304 2889 1369 mentarios
2974 1324 3091 1369 uos
3135 1304 3305 1368 nosti
3363 1302 3711 1383 dicassem,
3731 1304 3789 1385 2)
3846 1325 3928 1369 ne
3978 1304 4177 1370 verbo
4218 1304 4481 1389 quidem

2536 1388 2879 1456 ostendere
2967 1390 3230 1474 ignatus
3275 1390 3364 1456 sit
3413 1397 3678 1474 gratum
3722 1389 3847 1456 sibi
3889 1410 4032 1455 esse
4074 1410 4290 1457 meum
4336 1391 4479 1456 offi-

2536 1475 2726 1540 cium.
2815 1472 3039 1557 Quare
3094 1494 3330 1542 censeo
3385 1473 3666 1540 dandam
3727 1473 3841 1540 tibi
3901 1495 4043 1542 esse
4097 1496 4359 1561 operam
4406 1484 4485 1541 nt

2537 1562 2825 1626 sentiant
2866 1580 3014 1627 cum
3062 1561 3328 1627 homine
3357 1560 3613 1663 placido
3647 1570 3714 1627 et
3756 1561 3973 1645 quieto
4005 1581 4217 1647 neque
4259 1571 4480 1630 tamen

2538 1643 2765 1712 timido
2807 1646 2931 1712 sibi
2975 1668 3117 1714 esse
3155 1656 3509 1732 negotium.

2707 1731 2812 1798 De
2856 1732 3291 1818 typographo,
3320 1736 3374 1811 ³)
3429 1734 3488 1799 si
3545 1731 3694 1816 quis
3757 1732 4031 1800 idoneus
4085 1755 4156 1801 se
4199 1733 4484 1813 offerret,

2538 1837 2733 1883 curae
2768 1818 2934 1884 mihi
2974 1820 3143 1885 foret
3176 1828 3363 1885 tuum
3408 1818 3811 1900 mandatum,
3848 1818 4079 1885 sedita
4112 1840 4217 1887 res
4256 1819 4478 1887 habet:

2538 1903 2772 1986 quibus
2834 1904 3182 1971 mediocris
3248 1913 3350 1972 est
3405 1904 3513 1970 hic
3568 1903 3993 1972 commoditas
4053 1925 4164 1973 eos
4220 1904 4491 1974 difficile

2539 1995 2642 2055 est
2683 1990 2997 2056 avellere:
3044 1991 3204 2058 alios
3243 1991 3485 2056 retinet
3527 1990 3767 2074 inopia,
3821 2012 3942 2058 nec
3983 2012 4140 2059 vero
4181 1991 4301 2058 tibi
4338 1991 4488 2059 usui

2538 2075 2675 2141 fore
2718 2092 2926 2159 spero,
2981 2076 3108 2143 nisi
3151 2076 3316 2143 bene
3358 2077 3662 2142 instructi
3706 2077 3991 2143 veniant.
4078 2075 4268 2144 Adde
4310 2076 4487 2161 quod

2538 2163 2594 2227 si
2659 2160 3044 2228 advehenda
3108 2161 3244 2228 sint
3307 2161 3605 2229 officinae
3671 2161 4112 2230 instrumenta
4181 2182 4287 2229 res
4358 2164 4487 2229 erit

2540 2267 2671 2312 non
2728 2246 2913 2331 digni
2964 2258 3282 2332 sumptus.
3371 2248 3555 2323 Vale,
3610 2248 4021 2314 ornatissime
4066 2249 4172 2314 vir
4213 2258 4275 2315 et
4323 2249 4486 2315 mihi

2540 2353 2625 2398 ex
2669 2335 2886 2400 animo
2929 2333 3326 2400 honorande.
3416 2332 3742 2399 Dominus
3796 2344 3862 2399 te
3917 2354 4145 2435 regere
4188 2356 4303 2402 suo
4349 2335 4483 2419 spi-

2542 2418 2707 2495 ritu,
2773 2417 3097 2503 praesidio
3162 2427 3229 2485 et
3292 2420 3515 2486 favore
3576 2418 3749 2485 tueri
3813 2429 3879 2484 et
3946 2429 4189 2487 virtute
4254 2421 4487 2487 fulcire

2542 2518 2785 2588 pergat.
2884 2506 2990 2572 Dc
3047 2506 3270 2571 uxoris
3328 2516 3478 2571 tuae
3543 2504 3834 2570 adventu
3892 2528 4066 2572 nunc
4117 2526 4264 2590 spes
4320 2506 4485 2573 mihi

2541 2590 2677 2655 fere
2720 2590 3013 2656 concidit.
3081 2589 3226 2656 Hoc
3268 2591 3436 2655 mihi
3470 2592 3672 2668 triste,
3716 2590 4077 2657 iucundum
4113 2612 4267 2657 vero
4310 2593 4483 2676 quod

2543 2675 2835 2742 discussa
2877 2689 2976 2742 est
3015 2677 3285 2760 periculi
3329 2677 3569 2743 nebula
3609 2674 3782 2760 quod
3813 2678 3997 2742 vobis
4030 2680 4275 2744 instare
4308 2680 4488 2743 fama

2543 2773 2702 2827 erat.
2791 2761 2870 2829 Si
2915 2761 2997 2827 D.
3061 2763 3399 2847 Veryerius·
3437 2763 3586 2829 istic
3630 2763 3774 2835 orit,
3836 2765 4118 2830 officiose
4177 2786 4319 2830 meo
4365 2787 4483 2830 no-

2488 2878 2491 2887 ·
2542 2850 2720 2913 mine
2764 2850 3035 2915 salutari
3080 2851 3286 2931 cupio.
3377 2849 3689 2914 Genevae
3735 2859 3801 2911 4⁰
3829 2849 4152 2915 Calendas
4204 2852 4479 2933 Augusti

2552 2940 2730 2999 1554·
3460 3020 3743 3086 Ioannes
3778 3019 4095 3085 Calvinus
4138 3034 4310 3085 tuus.

2713 3191 2855 3257 Has
2894 3194 3215 3258 missurus
3257 3211 3435 3257 eram
3481 3212 3598 3274 per
3641 3191 3963 3274 quendam
4007 3191 4487 3259 adolescentem

2543 3276 2899 3361 Phrysium
2961 3275 3072 3342 sed
3128 3278 3281 3361 quia
3337 3276 3579 3341 alteras
3637 3277 3714 3343 ad
3778 3277 3856 3342 D.
3918 3278 4311 3344 Melchiorem
4368 3282 4485 3343 ad-

2542 3363 2815 3445 iungere
2881 3373 3237 3428 statueram
3282 3363 3413 3428 huc
3482 3383 3687 3446 usque
3742 3363 3981 3428 distuli.
4045 3371 4109 3424 6⁰
4159 3364 4487 3430 calendas

2543 3447 2982 3531 Septembres.

3328 3659 3732 3668 ψ

3414 3841 3599 3911 1991.

2668 3979 3140 4047 CALVINUS
3187 3979 3785 4047 PRINCIPIBUS
3830 3980 4355 4049 SAXONIOIS.

2720 4152 3048 4221 Dedicatio
3090 4140 3527 4220 Omitmentcm'i
3560 4155 3627 4219 in
3676 4155 3961 4221 Genesin.

2547 4325 2661 4390 (Ex
2713 4325 2952 4381 editione
3004 4327 3249 4396 principe
3292 4325 3861 4464 ιιιῑίὃὲἑίνῶιξοὺοηί
3907 4326 4169 4398 Stephani
4224 4326 4496 4395 impressa

2547 4565 3015 4633 Illustrissimis
3056 4568 3268 4651 princi
3315 4566 3460 4634 ibus
3496 4566 3781 4634 Iohanni
3802 4567 4156 4646 Friderico,
4200 4566 4496 4633 Iohanni

2546 4651 2903 4732 Willelmo,
2947 4651 3227 4719 Iohanni
3332 4652 3626 4733 riderico,
3684 4652 4227 4737 praestantissimi
4271 4667 4335 4719 et
4379 4673 4495 4719 ae-

2547 4745 2739 4804 terna
2794 4739 3112 4804 memoria
3169 4738 3351 4824 digni
3409 4739 3735 4823 Principis
3791 4737 4112 4807 Iohannis
4164 4737 4498 4807 Friderici

2550 4821 2877 4892 Saxoniae
2899 4823 3104 4891 Ducis
3132 4833 3200 4890 et
3240 4827 3381 4892 nati
3402 4825 3700 4892 electoris
3741 4825 3912 4906 filiis,
3956 4824 4256 4893 Ducibus
4277 4824 4497 4893 Saxo-

2938 4911 3088 4976 niae
3132 4919 3250 4978 etc.
3298 4910 3631 4978 Iohannes
3674 4910 4012 4979 Calvinus.
4041 4918 4090 4991 ¹)

2715 5049 2792 5113 Si
2837 5050 3069 5113 merito
3114 5068 3384 5133 pravam
3432 5047 3771 5114 hominum
3815 5048 4173 5115 socordiam
4218 5047 4499 5114 damnat

2546 5165 2579 5172 β
2614 5164 2729 5172 —-·--
2748 5204 2809 5266 2)
2848 5203 2923 5258 N.
2955 5200 3076 5256 994.

2544 5341 2711 5397 1001.
2747 5271 2810 5407 εἷς
2844 5268 3292 5394 ἕαῑένθδέονωυε
3324 5347 3443 5394 ενα
3478 5339 3528 5393 d.
3566 5338 3616 5395 3.
3656 5339 3859 5394 Martii
3891 5338 4042 5406 1554,
4076 5349 4247 5396 mater
4286 5341 4499 5410 Sibylla
