4850 6200
525 426 650 488 747

526 610 767 677 addere
806 629 1084 676 crucem.
1114 612 1167 684 ¹)
1234 607 1462 673 Habes
1497 627 1695 689 quam
1728 605 2124 671 iustissimas
2167 602 2487 686 querendi

525 699 835 763 rationes.
924 695 1033 760 Ex
1088 693 1317 759 multis
1375 713 1584 776 pauca
1636 691 1913 775 attigisti
1956 691 2031 755 in
2075 689 2207 754 tuis
2252 688 2484 754 literis.

528 782 707 865 Quid
744 782 922 848 enim
965 780 1096 846 dici
1138 788 1356 863 potest
1398 778 1478 844 (16
1522 779 1604 842 116
1649 776 1763 861 (161
1808 778 1978 842 61116
2023 777 2095 841 in
2140 774 2486 841 Christum

526 870 900 953 insurgunt,
946 878 1021 932 ut
1065 888 1215 932 eum
1246 887 1514 950 prorsus
1541 862 1823 948 perdant
1867 872 1943 927 ut
1975 861 2485 946 iniquissimum,

528 965 595 1021 et
638 953 955 1019 Satanam
989 954 1348 1018 iustificent
1393 962 1465 1015 ut
1521 947 2055 1016 sanctissimum?
2145 949 2293 1012 Non
2339 947 2487 1012 heri

527 1048 833 1125 coeptum
892 1050 1020 1103 est:
1080 1038 1197 1103 sed
1258 1060 1413 1103 mox
1471 1036 1587 1102 ubi
1629 1044 1704 1100 tu
1750 1036 1936 1100 nobis
1982 1033 2175 1099 datus
2220 1033 2402 1099 fuisti
2449 1054 2488 1097 a

530 1126 811 1192 Domino
868 1136 1362 1207 perseveratum
1407 1131 1509 1187 est
1564 1123 1821 1205 magnis
1881 1120 2140 1198 animis,
2201 1130 2275 1184 ut
2331 1139 2484 1201 pro-

612 1232 796 1277 essus
853 1213 925 1275 in
986 1211 1165 1275 omni
1229 1210 1575 1292 iniquitate
1640 1208 1886 1273 fuerint
1948 1227 2146 1289 quam
2189 1204 2483 1270 maximi.

529 1234 665 1365 {led
712 1298 958 1382 gratias
1004 1317 1125 1379 ago
1166 1296 1442 1360 Domino
1498 1294 1670 1377 quod
1715 1291 1943 1358 nullus
1990 1293 2178 1357 favor
2233 1292 2486 1374 potuis-

530 1394 631 1450 set
690 1384 951 1450 efficere
996 1403 1091 1459 ea,
1137 1403 1302 1464 quae
1347 1380 1571 1446 videre
1614 1401 1736 1445 nos
1778 1378 1939 1444 facit
1981 1377 2288 1443 Christus
2332 1397 2484 1441 nos·

529 1482 635 1536 ter
657 1480 723 1535 et
748 1469 949 1534 efficit
991 1471 1060 1533 in
1097 1468 1222 1533 hac
1256 1478 1394 1533 tam
1419 1467 1610 1550 gravi
1640 1476 1707 1530 et
1748 1464 2142 1531 intolerabili
2165 1463 2483 1541 molestia,

532 1563 609 1622 ut
653 1556 844 1639 plura
894 1554 1101 1619 multo
1156 1555 1291 1618 sint
1346 1574 1465 1636 pro
1525 1548 1710 1617 nobis
1768 1562 1836 1615 et
1902 1551 2091 1616 nobis
2152 1547 2482 1627 accedant,

531 1663 727 1727 quam
764 1649 992 1707 contra
1028 1662 1144 1705 nos
1180 1647 1294 1703 aut
1330 1660 1369 1703 6
1403 1638 1590 1703 nobis
1626 1637 1951 1702 deficiant.
2029 1636 2238 1700 Fiunt
2275 1634 2485 1700 multa

531 1729 821 1812 indigne,
882 1736 948 1791 et
1003 1724 1518 1810 proscindimur:
1579 1722 1692 1788 sed
1734 1723 1947 1788 latent
1991 1743 2109 1787 nos
2156 1720 2364 1803 plura,
2411 1729 2480 1786 et

534 1837 611 1879 ea
666 1814 906 1896 quibus
962 1813 1248 1877 Domino
1304 1810 1858 1876 commendamur.
1949 1809 2161 1892 Tangi
2222 1806 2488 1890 expedit

532 1901 709 1965 mala
745 1908 812 1964 et
847 1898 1064 1981 argui:
1114 1897 1226 1963 sed
1262 1898 1332 1961 in
1371 1896 1558 1962 bonis
1595 1907 1660 1960 ct
1696 1894 1861 1961 bene
1896 1894 2205 1958 merendo
2251 1892 2486 1957 Chris·

535 2000 674 2051 tum
734 1985 924 2050 nobis
989 1982 1299 2048 debemus
1360 2003 1718 2065 proponere
1785 2000 1982 2065 quam
2046 1981 2300 2063 patiens
2367 1988 2485 2057 cst,

535 2094 732 2156 quam
799 2078 902 2134 est
957 2070 1285 2134 studiosus
1344 2080 1417 2133 ut
1464 2069 1544 2134 de
1590 2066 1761 2132 male
1829 2066 2231 2131 merentibus
2289 2086 2488 2148 quam

532 2160 776 2243 optime
816 2164 1167 2234 mereatur,
1206 2176 1336 2219 non
1380 2153 1607 2220 servili
1652 2153 1890 2232 animo,
1936 2150 2051 2217 sed
2096 2153 2242 2234 plus
2286 2173 2483 2235 quam

533 2242 816 2319 heroicO,
877 2242 988 2323 qui
1055 2241 1245 2306 malis
1288 2262 1421 2305 non
1465 2240 1812 2324 frangitur.
1903 2237 2136 2303 Voluit
2180 2236 2488 2302 Christus

532 2332 605 2395 in
664 2340 729 2393 te
787 2328 1050 2411 insigne
1094 2326 1316 2391 edere:
1365 2348 1566 2410 quum
1614 2326 1807 2390 turba
1851 2332 1952 2389 tot
1994 2324 2285 2389 hostium
2330 2344 2486 2389 con-

533 2415 824 2481 venisset
877 2424 955 2478 ut
1008 2411 1311 2478 caedibus
1366 2413 1589 2477 omnia
1631 2413 1954 2495 impleret,
1999 2432 2128 2475 non
2177 2408 2487 2474 dubitasti

535 2510 599 2567 te
643 2522 779 2565 non
822 2499 1014 2564 modo
1038 2497 1402 2577 ridendum,
1452 2499 1683 2564 rostris
1718 2496 2129 2574 foedandum,
2176 2494 2290 2560 sed
2334 2517 2487 2561 con-

533 2584 944 2663 culcandum,
966 2584 1408 2663 lacerandum,
1453 2583 1881 2668 perdendum,
1926 2583 2223 2647 omnium
2246 2580 2486 2665 gladiis

534 2671 1037 2740 confodiendum
1096 2671 1271 2736 ultro
1327 2671 1625 2736 obiicere.
1714 2669 1915 2735 1161111
1972 2667 2303 2733 Dominus
2347 2666 2488 2746 tibi,

536 2768 603 2825 et
639 2758 811 2843 quod
847 2764 1113 2823 strenue
1158 2757 1369 2841 coepit
1412 2755 1828 2839 triumphans
1872 2776 2071 2839 quam
2112 2752 2487 2818 felicissime

534 2845 834 2911 absolvit.
921 2843 1071 2908 Non
1119 2852 1257 2908 tam
1291 2843 1607 2925 impedita
1648 2851 1806 2907 sunt
1838 2862 2004 2924 (1666
2048 2839 2165 2906 6116
2210 2850 2273 2905 16
2318 2852 2486 2921 pete,

536 2955 654 2997 nec
716 2944 851 2995 tam
910 2929 1184 3014 indigna
1241 2931 1294 2994 si
1362 2930 1684 2993 rationem
1728 2925 2045 3006 consulas,
2094 2928 2220 2991 etsi
2263 2924 2489 2991 viden-

534 3028 647 3082 tur
701 3016 1203 3100 indignissima:
1264 3013 1378 3080 sed
1423 3014 1595 3079 malo
1640 3035 1859 3079 coram
1904 3033 2118 3096 agere,
2163 3012 2220 3076 si
2255 3010 2487 3075 Domi-

535 3126 663 3170 nus
722 3102 992 3168 dederit.
1092 3103 1382 3167 'l'antum
1450 3109 1601 3184 peto
1654 3107 1732 3164 ut
1770 3098 2018 3185 gratias
2081 3117 2285 3183 agens
2351 3095 2489 3163 Do-

534 3189 715 3255 mino
773 3209 974 3272 super
1027 3188 1284 3272 ingenti
1325 3185 1770 3252 misericordia
1811 3194 1878 3251 et
1922 3184 2213 3251 bonitate
2255 3205 2385 3267 qua
2427 3191 2492 3248 te

538 3275 747 3343 cinxit
781 3273 1089 3356 undique,
1115 3271 1529 3339 commendes
1552 3271 2101 3349 hostes-Domino,
2147 3272 2318 3335 feras
2361 3290 2496 3334 om-

535 3362 651 3427 nia
685 3359 976 3442 aequiori
1011 3360 1249 3439 animo,
1274 3360 1572 3442 queraris
1604 3365 1871 3423 tantum
1912 3356 2086 3440 apud
2124 3354 2492 3421 Dominum

538 3449 649 3531 qui
703 3444 1061 3522 medeatur,
1120 3443 1295 3529 apud
1338 3465 1448 3510 eos
1493 3445 1605 3528 qui
1647 3453 1943 3528 peccant,
1988 3448 2060 3508 ut
2103 3449 2495 3509 convertan-

538 3541 667 3598 tur.
745 3532 837 3597 Et
890 3531 948 3597 si
1005 3533 1115 3614 qui
1175 3529 1385 3596 velint
1427 3538 1493 3594 et
1535 3531 1792 3613 possint
1833 3551 1968 3594 una
2008 3527 2231 3594 hostes
2267 3527 2495 3592 admo-

538 3640 717 3695 nere,
754 3638 995 3702 paucos
1031 3617 1279 3696 audias,
1321 3617 1433 3699 qui
1469 3616 1748 3681 aliorum
1786 3616 1964 3682 mala
2006 3621 2294 3693 narrent,
2333 3634 2496 3697 pau·

540 3705 826 3771 cioribus
853 3703 1103 3769 credas.
1170 3701 1379 3768 Vides
1423 3702 1497 3766 in
1540 3701 1767 3781 Paulo,
1814 3721 2009 3785 quem
2053 3708 2126 3765 tu
2169 3700 2496 3766 notiorem

543 3791 685 3855 orbi
730 3790 1033 3855 omnibus
1057 3790 1284 3866 fecisti,
1321 3787 1479 3872 quid
1520 3789 1578 3854 is
1614 3788 1859 3853 tribuat
1898 3788 2020 3854 toti
2041 3786 2255 3853 coetui
2297 3806 2494 3870 prop-

541 3891 643 3942 ter
684 3874 1020 3941 interdum
1054 3895 1295 3958 paucos
1342 3874 1549 3940 valde.

629 3961 637 3968 '
713 3960 848 4028 Sed
913 3961 1065 4044 quis
1112 3973 1210 4026 est
1268 3960 1381 4045 qui
1444 3982 1551 4026 me
1596 3981 1731 4025 non
1788 3957 2001 4024 rideat
2058 3958 2221 4026 haec
2286 3956 2371 4024 ad
2427 3964 2493 4023 te

541 4047 957 4126 scribentem,
1006 4047 1064 4112 si
1107 4045 1555 4113 intellexerit?
1637 4049 1884 4111 Annon
1927 4046 2162 4111 merito
2205 4065 2320 4110 sus
2364 4044 2497 4111 Mi-

538 4155 820 4201 nervam
854 4133 1079 4199 dicar?
1143 4132 1276 4200 Sed
1321 4141 1542 4199 nostro
1580 4133 1739 4198 haec
1781 4131 2074 4199 condona
2115 4130 2340 4196 amori.
2403 4129 2497 4194 Et

542 4223 797 4287 interea
839 4218 996 4284 audi
1034 4220 1109 4284 in
1152 4220 1388 4303 quibus
1432 4239 1789 4285 versemur.
1877 4218 2023 4302 Ego
2058 4217 2242 4282 litem
2287 4216 2497 4282 habeo

541 4329 694 4374 cum
750 4306 1028 4388 plebano
1071 4305 1518 4371 Orescentino.
1541 4307 1599 4388 ²)
1685 4304 1853 4370 Peto
1894 4313 1971 4369 ut
2012 4304 2136 4370 sibi
2194 4302 2497 4369 consulat

542 4403 611 4459 et
674 4392 868 4476 plebi,
925 4402 994 4457 et
1051 4391 1225 4476 quod
1291 4413 1394 4456 me
1433 4393 1649 4476 tangit
1683 4389 2053 4474 sepeliatur,
2099 4410 2204 4455 me
2247 4388 2314 4454 id
2358 4410 2494 4454 non

540 4499 795 4545 curare.
854 4477 979 4543 Ille
1001 4477 1299 4563 agnoscit
1333 4477 1571 4561 aliqua,
1617 4477 1698 4542 de
1732 4476 1971 4560 quibus
1994 4476 2261 4542 veniam
2297 4476 2493 4559 petit:

542 4565 673 4630 alia
715 4573 941 4647 negat:
989 4564 1156 4629 mihi
1198 4562 1609 4647 probandum
1645 4571 1762 4628 est.
1832 4561 2204 4628 Gulielmus
2250 4560 2494 4628 Hebra-

540 4804 730 4859 2282.
758 4805 811 4871 1)
852 4804 972 4859 Hoc
1014 4804 1233 4872 lonyum
1280 4809 1332 4857 et
1363 4804 1648 4858 verbosam
1680 4807 2013 4871 prooemia-0
2046 4820 2079 4858 r
2176 4800 2378 4856 cudere
2412 4801 2495 4855 oi-

539 4876 700 4930 detur
733 4874 811 4928 ad
844 4889 910 4928 ea
944 4887 1084 4943 quae
1120 4871 1384 4927 Calvinae
1427 4872 1779 4928 concitatiore
1811 4874 1998 4928 aniona
2036 4871 2110 4927 N.
2319 4872 2494 4938 scrip-

543 4949 707 5066 deerat,
740 4957 1053 5011 quanquam
1086 4947 1137 4996 et
1170 4941 1260 4997 hic
1277 4956 1418 5011 quae
1450 4942 1567 4996 illic
1600 4940 1886 4997 obscurius
1908 4942 2059 4997 dicta
2092 4945 2253 4995 oran
2273 4939 2496 4994 minime

590 5011 905 5067 nodantur.

751 5079 812 5144 2)
855 5080 1045 5135 Pion-re
1073 5086 1272 5148 pastor
1303 5081 1367 5132 in
1386 5078 1646 5148 Crassior,
1680 5079 1800 5134 vico
1832 5079 2281 5147 interserit-que
2313 5077 2495 5132 166661

547 5150 678 5215 sito,
734 5150 834 5205 abi
873 5165 941 5204 us
1085 5147 1356 5204 camelina
1397 5164 1560 5204 sacra
1645 5150 1657 5161 '
1688 5149 1865 5216 ebant,
1913 5147 2197 5203 Fanum
2231 5147 2494 5203 conviciis

546 5219 866 5286 impetierat.
970 5217 1079 5273 nde
1112 5217 1189 5273 ad
1222 5216 1433 5272 iudices
1464 5233 1553 5272 ree
1733 5234 1771 5272 a
1803 5233 1841 5271 6
2045 5232 2073 5271 s
2112 5215 2495 5272 Graecatim

546 5287 637 5341 ille
669 5289 882 5342 veniam
914 5293 1091 5357 petere
1121 5288 1307 5342 iussas
1342 5294 1433 5341 eet.
1509 5286 1543 5339 1
1581 5285 1921 5342 “Fau-ellus
1949 5286 2169 5354 frastra
2201 5285 2492 5352 ibit-efor-

545 5356 834 5411 matiom
863 5355 1295 5424 praedicaverat.
1362 5303 1621 5421 (Κῶ-ὦ.
1651 5372 1712 5425 p.
1742 5355 1892 5420 220.)

2042 413 2570 483 EPISTOLAE
2613 414 3038 478 2282—2283

4414 414 4542 478 748

2586 603 2793 684 quius.
2874 621 3069 684 quem
3149 599 3353 665 semel
3431 598 3910 683 prohibuerunt
3970 599 4542 666 Laudecomenses

2587 686 2869 770 arreptis
2922 685 3137 752 bibliis
3186 686 3390 752 sacris
3454 692 3523 753 et
3580 684 3848 752 deiectis
3895 685 3969 750 in
4028 694 4297 765 terrm,
4354 684 4543 751 litem

2586 794 2841 858 quoque
2896 772 3095 838 habet
3153 793 3302 837 cum
3359 772 3442 836 iis
3500 772 3612 856 qui
3653 771 4068 839 contumeliis
4111 793 4263 837 eum
4307 772 4541 838 affece-

2587 868 2762 925 runt.
2854 857 3139 941 Scripsit
3195 858 3416 941 aliqua
3471 856 3552 922 de
3608 859 3825 936 missa,
3882 856 4060 923 unde
4105 858 4356 923 'nitatur
4396 857 4542 942 qui-

2588 945 2742 1011 dam
2805 944 3150 1012 Helvetios
3209 945 3321 1027 qui
3376 944 3646 1009 missam
3706 944 3954 1010 habent
3987 946 4176 1022 ciere,
4220 951 4298 1009 ut
4339 951 4544 1029 agant

2587 1030 3135 1115 quemadmodum
3175 1040 3406 1097 contra
3452 1029 3835 1097 Michaelem.
3860 1034 3916 1114 ⁸)
4001 1029 4270 1095 Interea
4327 1030 4542 1097 bonus

2588 1120 2693 1184 vir
2737 1119 2952 1201 pergit
2973 1117 3248 1195 felicius,
3292 1137 3490 1199 quam
3531 1116 3868 1183 hactenus.
3937 1115 4306 1183 Oonciones
4341 1116 4544 1184 habet

2587 1203 2822 1269 liberas
2867 1212 2934 1268 et
2966 1225 3160 1269 usum
3205 1210 3784 1269 sacramentorum

2756 1291 3111 1355 Praeterea
3164 1288 3498 1353 Ioannnes
3565 1288 3849 1371 Droqius
3913 1296 4144 1372 pastor
4199 1289 4543 1356 Bevacen-

2587 1376 2677 1443 sis
2698 1380 2753 1455 ⁴)
2799 1376 2983 1441 cuius
3029 1395 3198 1440 uxor
3240 1374 3311 1439 in
3354 1374 3607 1457 lepram
3643 1372 3898 1453 incidit,
3942 1376 4247 1458 quamvis
4290 1374 4542 1460 synodo

2588 1462 2979 1538 interfuerit,
3027 1472 3094 1525 et
3137 1461 3601 1543 subscripserit
3642 1483 3774 1525 non
3819 1460 3991 1527 solvi
4025 1461 4405 1544 coniugium
4448 1460 4543 1525 le-

2587 1570 2723 1631 pra,
2770 1557 2837 1612 et
2888 1548 2985 1612 ita
3033 1548 3328 1612 omnium
3384 1546 3653 1612 calculis
3697 1546 3895 1612 fuerit
3936 1549 4315 1613 conclusum
4348 1566 4541 1629 prae-

2585 1635 2753 1701 fecto
2810 1644 2877 1698 et
2932 1633 3233 1699 omnibus
3285 1633 3795 1716 approbantibus
3871 1630 4240 1699 ordinibus:
4319 1642 4544 1698 tamen

2584 1722 2736 1806 quia
2799 1719 3158 1786 Germanis
3182 1722 3236 1801 ⁵)
3305 1718 3498 1784 aliter
3563 1718 3844 1796 videtur,
3903 1719 4057 1784 licet
4127 1720 4324 1784 fuerit
4391 1740 4545 1785 cum

2588 1828 2815 1883 uxore,
2861 1814 2927 1871 61
2969 1805 3180 1871 filium
3224 1805 3529 1870 habuerit
3572 1825 3658 1869 ex
3703 1826 3798 1884 ea,
3868 1804 4157 1871 nondum
4216 1813 4318 1871 est
4374 1804 4544 1870 alter

2587 1913 2804 1958 annus
2861 1901 3150 1968 exactus,
3214 1891 3360 1957 vult
3432 1891 3863 1956 nihilominus
3944 1891 4221 1956 alteram
4279 1890 4539 1957 ducere.

2589 1979 2840 2044 Misera
2884 1999 3058 2042 uxor
3097 1986 3331 2043 vocata
3374 1978 3591 2041 fuerat
3634 1999 3740 2041 me
3783 1978 4005 2055 insci0,
4051 1976 4164 2043 sed
4210 1996 4250 2040 6
4292 1976 4547 2061 collega

2588 2087 2739 2131 oum
2799 2063 3051 2146 aliquot
3116 2064 3505 2142 convocat-is,
3565 2071 3638 2127 ut
3676 2085 3869 2128 suum
3925 2063 4111 2129 daret
4169 2082 4543 2129 assensum:

2588 2148 2703 2216 sed
2746 2150 2961 2215 noluit
2993 2171 3213 2216 coram
3237 2169 3631 2230 comparere.
3702 2149 3998 2234 Urgetur
4032 2170 4072 2214 6
4099 2149 4261 2215 viro.
4342 2148 4543 2229 Petit,

2589 2257 2789 2321 quum
2854 2257 3089 2320 parum
3158 2237 3445 2318 supersit
3511 2237 3716 2312 vitae,
3778 2244 4126 2319 exspectet.
4223 2235 4303 2300 Si
4359 2234 4546 2314 nolit,

2590 2321 2812 2389 videat
2856 2344 2943 2386 an
2997 2344 3078 2387 ex
3124 2322 3326 2386 verbo
3372 2320 3646 2385 Domini
3690 2323 3912 2405 possit.
3993 2320 4069 2387 Si
4104 2320 4434 2386 Dominus
4474 2320 4550 2386 id

2587 2409 2836 2493 probet,
2898 2430 3045 2473 eam
3109 2429 3244 2472 non
3297 2408 3684 2489 improbare.
3772 2407 3978 2472 Vides
4021 2416 4099 2472 ut
4153 2408 4353 2473 habet
4393 2428 4549 2473 cum

2589 2516 2812 2561 uxore.
2903 2495 3133 2576 Nuper
3192 2492 3448 2558 dicebat
3495 2492 3831 2573 fratribuS,
3916 2492 4420 2559 Wattevillanum
4460 2515 4549 2559 ex

2589 2579 2903 2647 fratribus
2939 2592 3180 2664 petere,
3218 2589 3292 2643 ut
3336 2601 3413 2644 ea
3449 2577 3753 2645 daremus
3797 2600 3916 2662 per
3958 2601 4125 2662 quae
4172 2579 4548 2646 iudicamus

2591 2690 2726 2733 non
2763 2667 2959 2731 licere
2980 2687 3097 2749 per
3133 2666 3405 2748 lepram,
3442 2685 3604 2731 sano
3642 2665 3839 2731 aliam
3863 2666 4100 2732 ducere
4126 2685 4358 2731 sanam
4379 2687 4549 2731 uxo-

2590 2775 2750 2818 rem.
2831 2752 2978 2817 Illic
3028 2751 3163 2816 vidi
3220 2772 3355 2815 non
3398 2760 3573 2817 recte
3615 2753 3742 2835 agi,
3801 2751 3917 2817 sod
3960 2751 4220 2835 oblique
4262 2772 4380 2817 nos
4421 2751 4550 2816 im·

2593 2840 2745 2925 peti.
2835 2837 3088 2904 Omnes
3142 2838 3306 2902 mihi
3351 2838 3738 2904 reclamanti
3780 2838 3952 2905 hanc
3994 2838 4401 2921 provinciam
4443 2838 4551 2902 in·-

2593 2927 2974 2991 iunxerunt.
3039 2925 3417 3008 Pernegavi
3438 2944 3544 2988 me
3583 2924 3929 2990 facturum.
4008 2923 4145 2991 Sed
4180 2925 4357 2989 nosti
4394 2945 4551 2989 nos·

2594 3022 2845 3077 trorum
2883 3011 3181 3095 ingenia:
3220 3031 3349 3094 quo
3404 3010 3554 3094 plus
3603 3031 3807 3076 renuo
3855 3012 4066 3094 magis
4110 3018 4368 3095 urgent.
4458 3009 4551 3074 Et

2601 3119 2685 3164 ne
2741 3097 2886 3164 aliis
2943 3118 3173 3164 ansam
3230 3095 3580 3182 praebeam
3615 3098 3909 3162 omnium
3953 3097 4299 3164 sententiis
4341 3094 4550 3163 refra-

2598 3183 2822 3269 gandi,
2880 3191 3145 3250 coactus
3203 3184 3425 3263 annui,
3471 3183 3530 3248 si
3562 3180 3832 3250 daretur
3865 3183 4028 3250 alios
4063 3204 4297 3268 rogare
4340 3203 4550 3267 quum

2597 3293 2731 3337 non
2773 3279 3001 3355 putem
3046 3289 3153 3333 me
3173 3269 3479 3335 idoneum
3514 3267 3598 3334 ad
3632 3269 3703 3333 id
3746 3269 4229 3353 praestandum.
4297 3268 4550 3352 Quam·

2597 3358 2700 3424 vis
2742 3355 3043 3422 olfaciam
3086 3354 3403 3439 collegam
3446 3354 3703 3421 consilii
3759 3362 4059 3421 autorem
4073 3407 4090 3435 ,
4147 3355 4389 3421 haereo
4449 3362 4548 3420 ta-

2597 3464 2750 3508 men
2808 3463 2894 3507 an
2938 3461 3101 3507 ansa
3157 3462 3234 3507 66
3279 3447 3459 3506 16161
3513 3442 3965 3508 committendi
4020 3464 4144 3509 nos
4185 3463 4339 3509 cum
4383 3441 4551 3507 Ger-

2597 3527 2832 3593 manis.
2923 3525 3213 3610 Quidqui
3293 3526 3561 3593 tandem
3606 3529 3712 3606 sit,
3759 3537 3945 3595 tuum
3987 3535 4140 3612 opto
4183 3527 4548 3594 consilium.

2597 3614 2859 3680 Vellem
2924 3614 2983 3678 si
3045 3622 3266 3698 posset
3321 3615 3483 3694 fieri,
3542 3622 3615 3678 ut
3674 3614 4039 3681 rationibus
4105 3622 4252 3679 tum
4287 3612 4547 3693 Bucari,

2598 3708 2742 3767 tum
2799 3699 3080 3766 aliorum
3140 3701 3330 3764 fieret
3387 3699 3565 3766 satis.
3653 3700 3829 3765 Nam
3887 3699 4059 3786 quod
4102 3700 4344 3768 dicitur
4377 3699 4550 3766 Pau-

2595 3787 2736 3853 lum
2787 3787 2953 3852 alias
3007 3786 3245 3853 afferre
3300 3786 3564 3852 divortii
3618 3787 3905 3852 rationes
3938 3807 4137 3870 quam
4179 3807 4343 3866 eam,
4379 3805 4548 3869 quae

2595 3894 2732 3939 una
2785 3895 2825 3938 a
2873 3871 3138 3940 Ohristo
3195 3872 3478 3938 adducta
3534 3873 3639 3952 sit,
3697 3874 3807 3938 nbi
3875 3871 3957 3938 de
4018 3872 4350 3940 desertore
4395 3872 4549 3955 agit,

2595 3960 2763 4025 mihi
2826 3959 3030 4024 alium
3089 3980 3357 4042 scopum
3415 3957 3658 4024 habere
3709 3958 3999 4026 videtur:
4045 3966 4112 4023 et
4151 3958 4306 4042 quid
4351 3958 4549 4023 habet

2595 4064 2941 4112 commune
3003 4044 3287 4110 infidelis
3346 4043 3699 4124 discedens,
3758 4066 3911 4112 cum
3974 4044 4155 4110 fideli
4212 4064 4379 4128 quae
4414 4064 4547 4108 ma-

2596 4152 2755 4197 nere
2799 4129 3026 4214 optat?
3097 4132 3200 4196 'ru
3235 4152 3371 4196 non
3412 4130 3604 4195 modo
3646 4129 3835 4196 nobis
3891 4131 4269 4216 prospicies,
4309 4150 4546 4198 verum

2597 4218 2801 4285 etiam
2850 4216 3015 4282 aliis.
3105 4215 3366 4281 Vellem
3415 4224 3644 4300 pectus
3701 4216 4054 4284 Germanis
4098 4225 4235 4283 tam
4279 4217 4545 4282 firmum

2595 4304 2667 4369 in
2703 4303 3089 4387 perferenda
3122 4303 3192 4366 in
3235 4300 3618 4386 coniugibus
3652 4301 3853 4385 lepra,
3890 4323 4088 4387 quam
4132 4311 4237 4370 est
4269 4302 4546 4369 laudan·-

2599 4392 2758 4455 dum
2801 4389 2871 4454 in
2912 4395 3095 4471 peste
3130 4385 3484 4453 toleranda.
3576 4386 3768 4468 Quod
3812 4388 3895 4454 ad
3939 4390 4404 4474 magistratum
4453 4397 4546 4454 at-

2597 4476 2784 4555 tinet,
2843 4496 2975 4540 666
3032 4473 3364 4558 probarim
3400 4481 3656 4540 tantum
3700 4474 3798 4539 illi
3842 4474 4290 4555 deferendum,
4333 4484 4410 4540 ut
4442 4475 4546 4539 in-

2597 4560 2713 4627 dul
2761 4562 2974 4627 entior
3015 4561 3091 4626 in
3134 4581 3244 4627 eos
3266 4559 3502 4644 quibus
3535 4569 3794 4644 praeest
3836 4569 4087 4627 annuat
4120 4561 4203 4627 ob
4239 4560 4547 4626 duritiem

2596 4669 2707 4715 cor
2755 4648 2768 4663 ‘
2811 4699 2827 4727 ,
2895 4655 2972 4713 ut
3011 4645 3289 4714 seiuncti
3329 4657 3397 4712 et
3438 4646 3651 4712 avulsi
3695 4646 3777 4712 ab
3819 4647 3920 4728 iis,
3963 4648 4202 4731 quibus
4244 4667 4364 4731 per
4410 4645 4546 4712 Do-

2596 4733 2855 4800 minum
2898 4744 3056 4801 sunt
3078 4733 3427 4813 coniuncti,
3471 4731 3895 4799 moechentur
3929 4754 4079 4801 cum
4100 4733 4265 4814 aliis,
4311 4733 4545 4817 quibus

2596 4841 2729 4886 non
2782 4828 3059 4906 possunt
3112 4820 3304 4904 iungi
3352 4818 3496 4885 sine
3550 4816 3890 4886 adulterio.
3982 4819 4291 4886 Christus
4354 4818 4542 4897 faxit,

2595 4914 2675 4972 ut
2716 4913 3134 4974 sacrosancta
3168 4906 3330 4971 haec
3362 4905 3736 4971 coniunctio
3772 4927 3956 4990 pura,
3993 4906 4137 4973 sine
4181 4906 4362 4971 omni
4405 4925 4543 4971 ma-

2595 4993 2745 5060 cula
2787 4999 3105 5060 servetur.

2801 5215 2866 5352 21
2902 5213 3885 5367 ssofflwffssffioss’ssfflmffl
3914 5283 4093 5341 1661161
4111 5283 4538 5341 Νεοοοηιαιιοιι.

2781 5352 2864 5422 -5)
2901 5352 3289 5410 Bonnensibus.
