4850 6200
417 427 543 490 665

586 615 974 683 Clarissimo
1046 614 1291 697 pietate
1366 622 1563 697 atque
1638 609 2006 677 eruditione
2076 606 2225 673 viro
2276 603 2366 670 D.

416 702 651 769 Ioanni
687 724 727 768 a
761 702 974 767 Lasco
1014 701 1203 766 fratri
1247 696 1649 765 honorando.

1711 778 2195 847 Francfordiae.

420 985 2367 1009 ——————--—-———————

417 1046 555 1111 Vix
620 1045 921 1112 crederes
986 1052 1304 1127 quantum
1354 1041 1685 1107 distulerit
1745 1047 2074 1123 speratam
2138 1034 2366 1100 vinde-

417 1133 619 1197 miam
684 1130 944 1196 libellus
1008 1130 1235 1213 optimi
1300 1128 1523 1193 fratris
1584 1126 1790 1192 nostri
1849 1134 1919 1189 et
1973 1124 2146 1189 servi
2213 1121 2367 1186 Iesu

420 1218 671 1283 Christi
714 1217 977 1282 Ioannis
1023 1215 1291 1291 Calvisi,
1322 1213 1372 1300 ¹)
1456 1233 1608 1278 uem
1671 1222 1998 1296 postremo
2039 1207 2244 1273 edidit
2287 1207 2368 1271 de

417 1304 831 1370 eucharistia.
919 1302 1131 1368 Paulo
1189 1300 1365 1365 enim
1412 1235 1648 1365 ‘durius
1689 1297 1955 1362 videtur
1995 1292 2236 1360 alicubi
2276 1292 2369 1357 lo-

416 1398 680 1473 quutus,
726 1387 871 1455 dico
911 1390 985 1452 in
1028 1408 1139 1452 eos
1173 1387 1285 1469 qui
1330 1408 1370 1451 a
1402 1386 1592 1451 nobis
1636 1384 2047 1450 dissentiunt.
2113 1378 2368 1444 Audivi

416 1478 595 1541 viros
613 1472 971 1558 prudentes
993 1472 1332 1557 deplorare
1367 1492 1512 1537 eam
1536 1470 1909 1536 editionem.
1983 1467 2113 1532 Fui
2156 1484 2368 1564 nuper

416 1563 663 1647 Tiguri.
754 1561 884 1645 Egi
928 1558 1008 1625 de
1052 1559 1177 1625 hac
1219 1579 1292 1623 re
1347 1577 1494 1623 cum
1555 1556 1940 1637 Βυῑῑίηρενο,
1986 1563 2182 1635 atque
2225 1571 2365 1614 am·

419 1647 745 1713 madverti
797 1658 939 1711 tum
999 1646 1179 1711 hunc
1221 1654 1363 1709 tum
1409 1646 1625 1727 ipsum
1674 1641 2007 1707 Calvinum
2049 1636 2173 1704 sibi
2216 1657 2364 1719 per-

415 1735 716 1809 suasisse,
768 1734 929 1799 istos
993 1730 1163 1796 nihil
1230 1730 1410 1794 aliud
1454 1730 1741 1813 cogitare
1783 1746 1975 1810 quam
2023 1725 2103 1789 de
2147 1723 2369 1872 opgirxi-i

412 1818 669 1884 mendis
714 1819 998 1901 reliquis,
1035 1825 1149 1881 aut
1193 1826 1370 1882 certe
1423 1814 1653 1880 odisse.
1727 1811 1951 1894 Quare
1987 1810 2194 1875 multa

415 1914 481 1969 et
530 1925 725 1988 spero
771 1926 879 1969 me
936 1902 1221 1968 movisse
1277 1901 1604 1966 nonnihil.
1692 1899 1871 1964 Vere
1933 1898 2107 1962 enim
2153 1915 2367 1993 neque

413 1992 695 2057 oderunt
737 2011 952 2074 neque
988 1989 1068 2054 de
1101 1988 1547 2072 opprimendis
1594 1986 1906 2070 cogitant,
1941 1981 2259 2066 quidqmd
2295 1982 2368 2044 in

413 2078 692 2142 comitiis
715 2076 1122 2161 Augustanis
1166 2076 1364 2153 aiant,
1407 2071 1520 2138 ubi
1560 2071 1809 2138 scilicet
1842 2075 2211 2151 sequuntur
2254 2085 2366 2164 ves

414 2171 618 2230 terem
662 2162 1015 2228 formulam
1052 2181 1181 2244 qua
1213 2168 1365 2225 ante
1409 2159 1645 2243 viginti
1687 2157 1977 2240 quinque
2022 2173 2231 2218 annos
2266 2159 2364 2215 uti

413 2269 525 2315 coe
692 2258 786 2327 nt,
851 2269 1053 2333 quum
1113 2244 1578 2329 Anabaptistas
1644 2252 1713 2308 et
1758 2239 2207 2325 Zwinglianos
2250 2258 2365 2303 ex-

412 2334 770 2401 cluderent.
860 2332 1258 2401 Consultum
1313 2341 1615 2415 putarem
1659 2330 1717 2396 si
1760 2328 2238 2394 abstineremus
2282 2322 2363 2387 ab

412 2420 694 2488 editione
758 2419 1073 2487 librorum
1140 2437 1484 2496 novorum,
1531 2417 1656 2483 hac
1710 2413 1971 2498 quidem
2028 2413 2100 2476 in
2157 2419 2362 2474 mate-

413 2507 530 2586 ria,
585 2517 653 2573 et
707 2507 929 2574 Deum
986 2524 1367 2588 rogaremus
1410 2514 1486 2568 ut
1526 2501 1714 2567 nobis
1759 2500 1842 2565 ad
1887 2510 2019 2564 tam
2065 2515 2364 2562 necessa-

412 2593 584 2658 rium
626 2594 962 2678 negotium
1005 2591 1247 2656 ostium
1294 2590 1593 2673 aperiret.
1640 2624 1716 2633 —
1772 2624 1850 2633 —
1900 2623 1980 2632 —
2018 2624 2095 2633 -
2146 2580 2363 2648 Stutt-

415 2678 678 2763 gardiae
715 2684 818 2744 21.
856 2678 1035 2743 Iunii
1090 2681 1271 2740 1555.

1568 2809 1927 2894 Vergerius
1971 2807 2190 2870 frater.

1174 3107 1573 3116 ..—————--——-——-·—

1291 3341 1487 3414 2286.

865 3497 1422 3582 LOOQUETUS
1467 3494 1905 3564 OALVINO.

591 3675 907 3743 Gamem‘o
963 3674 1150 3740 eiecto
1193 3676 1411 3737 utrum
1465 3669 1950 3734 communionem
2004 3685 2146 3733 cum
2205 3685 2363 3730 novo

420 3765 704 3829 ministro
746 3760 1038 3842 Boqm‘no
1079 3759 1247 3824 inire
1287 3777 1372 3822 an
1424 3755 1772 3821 munisterio
1805 3755 1943 3837 ipse
1983 3764 2220 3834 quoque
2260 3753 2364 3817 de-

420 3851 618 3916 cedere
651 3848 864 3914 debeat
903 3845 1219 3928 ambiqens
1258 3843 1588 3909 eonsilium
1630 3840 1756 3905 sibi
1796 3841 1947 3904 dari
1989 3841 2175 3921 cupit.
2193 3839 2240 3923 ¹)

519 4021 632 4085 (Ex
666 4017 981 4089 apographo
1017 4018 1145 4073 eod.
1184 4015 1353 4069 Paris.
1389 4014 1611 4068 collect.
1652 4014 1850 4082 Dupuy
1890 4010 2004 4079 102,
2038 4011 2132 4065 fol.
2165 4008 2277 4078 96.)

580 4195 666 4259 Vi
674 4192 1112 4278 gilantissimo
1155 4190 1405 4273 pastori
1447 4186 1757 4255 ecclesiae
1802 4183 2213 4250 Genevensis
2254 4182 2364 4246 Io-

414 4283 565 4346 anni
610 4278 905 4347 Calvino.

1860 4357 2190 4422 Genevae.

584 4537 655 4605 S.
703 4538 780 4603 P.
839 4535 1177 4602 Damnavi
1243 4534 1500 4617 saepius
1549 4550 1766 4596 meam
1821 4526 2363 4602 taciturnitatem,

411 4623 917 4710 vigilantissime
984 4629 1224 4706 pastor,
1280 4619 1454 4703 quod
1505 4616 1671 4683 nihil
1727 4633 2018 4699 unquam
2064 4611 2145 4677 de
2187 4618 2365 4677 statu

416 4713 733 4811 ecclesiae·
778 4716 1050 4809 ‘nost-rae
1118 4706 1202 4772 ad
1266 4714 1333 4772 te
1389 4703 1792 4805 scripserim:
1819 4787 1833 4801 α
1852 4698 2369 4850 ethaffiae

415 4817 796 4950 ffssgbsmffl
822 4789 1605 4964 pzmtgffimfreilggnzlglos
1630 4789 2031 4940 ebtfflrgguxi‘t
2073 4894 2194 4937 nos
2230 4870 2365 4934 Do-

417 5158 603 5214 2285.
627 5159 684 5224 1)
721 5155 1112 5222 Defendens·
1155 5158 1324 5208 notat.
1395 5150 1589 5220 Ipsum
1637 5149 1948 5219 Veram-ium
1982 5148 2126 5201 &uer
2164 5144 2371 5200 Suevos

416 5222 1260 5312 &pente-teumiiseandem
1313 5213 2369 5284 mammaemammal

413 5311 693 5433 wi)
732 5361 818 5431 Of·
858 5363 937 5419 N.
969 5360 1125 5416 2282.
1158 5358 1300 5413 2238
1331 5364 1383 5414 ee
1419 5358 1744 5413 Men-orme
1774 5356 1893 5425 mvn
1928 5353 2014 5408 22.
2050 5353 2231 5424 Ama.

2207 418 2370 482 1555
2413 412 2600 483 IUN.

4300 422 4425 487 666

2470 608 2695 673 minus
2717 605 3006 674 Satanae
3026 609 3393 674 ministerio
3436 617 3514 673 ut
3556 629 3866 693 percusso
3899 618 4161 692 pastore
4203 616 4426 675 nostro

2472 714 2548 759 ac
2612 693 2978 759 senioribus
3040 694 3287 759 nostris
3344 695 3676 760 destitutis
3718 693 4048 777 dispersae
4092 695 4230 760 sint
4269 715 4426 760 oves

2471 780 2710 863 gregis.
2794 780 2861 844 N
2862 800 2935 846 ec
2976 779 3171 845 video
3226 781 3548 863 quomodo
3605 801 3870 845 rursum
3913 780 4128 864 colligi
4173 782 4427 864 possint

2473 865 2602 929 nisi
2642 866 2916 931 suffecto
2958 866 3104 930 viro
3147 888 3338 948 quem
3395 865 3690 932 doctrina
3726 874 3795 929 et
3834 866 4426 949 irreprehensibilis

2474 952 2610 1014 vita
2644 951 2922 1035 dignum
2956 961 3298 1016 testentur.
3377 951 3553 1016 Nam
3577 951 3951 1016 introducto
3995 952 4195 1017 Pet-ro
4240 952 4420 1029 Bou-

2472 1037 2664 1119 quino
2727 1037 3154 1121 magistratus
3229 1039 3577 1101 autoritate
3640 1038 3855 1121 coepit
3918 1041 4133 1119 magis
4197 1038 4421 1111 dividi,

2471 1124 2711 1205 partim
2758 1123 2930 1206 quod
2951 1146 3083 1187 nou
3108 1122 3442 1187 videretur
3477 1123 3765 1206 legitime
3799 1132 4084 1200 vocatus,
4132 1144 4208 1188 ac
4250 1125 4422 1206 quod

2473 1220 2836 1273 retrorsum
2903 1209 3140 1274 abiisse
3203 1217 3574 1293 compertus
3617 1211 3723 1286 sit,
3784 1229 3906 1274 nec
3945 1216 4049 1281 (ut
4091 1230 4211 1291 par
4254 1217 4423 1288 erat)

2471 1294 2718 1377 publici
2758 1293 2976 1360 delicti
3021 1294 3280 1378 publica
3322 1295 3742 1378 processisset
3782 1296 4199 1377 poenitentia.
4287 1294 4424 1361 Sed

2471 1401 2676 1462 quum
2741 1382 3163 1464 magistratus
3230 1382 3493 1445 nomine
3558 1378 3766 1465 (apud
3809 1400 4001 1464 quem
4042 1381 4212 1445 nihil
4245 1381 4424 1446 vale-

2471 1468 2648 1545 mus)
2694 1468 2915 1532 omnia
2956 1468 3139 1545 fiant,
3186 1467 3340 1550 quid
3385 1467 3552 1531 mihi
3596 1465 3925 1552 agendum
3970 1472 4146 1531 totus
4191 1464 4425 1533 dubius

2472 1572 2723 1617 manee.
2791 1553 3192 1618 Praesertim
3231 1552 3390 1617 dum
3425 1554 3665 1617 tacitus
3698 1553 3912 1636 cogito
3947 1572 4068 1618 nos
4102 1553 4170 1616 in
4209 1552 4422 1617 alieno

2471 1638 2612 1703 solo
2676 1640 2928 1703 versari
2995 1637 3221 1721 lingua
3285 1639 3636 1723 incognita.
3739 1636 3872 1704 Sed
3932 1635 4219 1703 Domino
4237 1690 4251 1717 ,
4316 1640 4425 1704 cui

2473 1725 2903 1807 quantumvis
2956 1724 3247 1789 modeste
3307 1725 3613 1790 resistere
3657 1744 3789 1788 non
3834 1724 4129 1789 valemus
4179 1724 4425 1807 absque

2472 1830 2714 1893 magna
2736 1811 3042 1875 ecclesiae
3065 1812 3317 1875 iactura
3351 1820 3419 1875 et
3452 1810 3728 1876 forsitan
3752 1809 4127 1875 omnimoda
4152 1810 4425 1894 dissipa-

2471 1895 2734 1978 tione.²)
2825 1896 3014 1961 Dura
3049 1909 3150 1960 est
3203 1897 3389 1961 nobis
3433 1906 3500 1960 et
3533 1897 3881 1960 universae
3923 1896 4234 1961 ecclesiae
4275 1918 4425 1980 pas-

2472 1983 2634 2047 toris
2678 1983 2888 2046 nostri
2953 1982 3035 2046 D.
3099 1983 3402 2047 Gar-nerii
3461 1982 3709 2057 eiectio,
3755 1988 3948 2063 atque
3994 1981 4219 2046 durior
4260 1984 4430 2047 foret

2471 2068 2600 2133 nisi
2667 2076 2844 2133 certo
2908 2067 3320 2133 crederemus
3365 2068 3589 2132 omnia
3631 2068 3771 2132 fieri
3815 2065 3944 2132 Dei
3986 2067 4422 2150 providentia,

2473 2156 2582 2237 qui
2648 2153 2842 2218 malis
2908 2154 3250 2219 hominum
3316 2154 3657 2219 conatibus
3723 2155 3908 2217 novit
3963 2153 4129 2218 bene
4184 2155 4303 2227 uti,
4363 2162 4430 2219 et

2470 2250 2647 2305 certe
2690 2239 2876 2305 facile
2919 2240 3049 2303 fuit
3093 2260 3224 2303 non
3268 2248 3748 2322 repugnantem
3784 2240 3957 2303 vinci
3997 2237 4080 2302 ab
4124 2239 4431 2305 adversa-

2468 2326 2602 2390 riis.
2663 2325 3041 2391 Adversum
3075 2345 3181 2389 me
3217 2346 3473 2407 quoque
3496 2323 3762 2408 quidam
3799 2325 4159 2389 moliuntur
4181 2333 4248 2390 et
4289 2337 4422 2389 ter-

2469 2433 2616 2476 rere
2679 2420 3004 2476 conantur
3068 2431 3194 2493 quo
3259 2420 3487 2494 sponte
3553 2408 3796 2475 cedam.
3901 2411 4154 2475 Verum
4219 2432 4421 2493 quum

2470 2498 2657 2562 nefas
2700 2497 2786 2562 sit
2828 2497 3000 2580 lupis
3046 2495 3496 2581 grassantibus
3541 2517 3805 2581 gregem
3853 2495 4170 2574 deserere,
4206 2498 4421 2562 visum

2470 2593 2571 2649 est
2612 2585 2866 2648 firmius
2909 2582 3222 2648 standum
3258 2603 3332 2646 ac
3386 2582 3845 2659 resistendum,
3890 2583 3946 2646 si
3990 2581 4242 2646 dederit
4284 2583 4421 2647 Do·

2470 2671 2710 2737 minus.
2798 2668 3237 2735 Concionibus
3298 2669 3379 2733 D.
3449 2668 3779 2749 Bouquini
3841 2668 4281 2732 assistendum
4316 2669 4422 2732 iu-

2470 2754 2705 2834 dicavi,
2729 2756 3115 2819 existimaus
3137 2774 3347 2818 meum
3397 2774 3540 2818 esse
3571 2773 3814 2817 munus
3857 2773 4249 2837 cognoscere
4292 2775 4422 2835 qua

2470 2862 2622 2907 esca
2658 2852 2956 2924 pasceret
2997 2860 3154 2905 oves
3197 2850 3475 2916 nostras,
3519 2860 3731 2922 neque
3785 2837 3891 2924 (ut
3933 2839 4198 2922 quidam
4231 2848 4420 2923 puta-

2471 2930 2656 3011 rant)
2690 2947 2839 2991 mea
2874 2926 3250 3009 praesentia
3293 2926 3732 2990 ministerium
3778 2926 3919 2990 eius
3941 2924 4250 3008 probare:
4277 2944 4420 2990 coe-

2469 3034 2594 3078 nae
2639 3034 2795 3078 vero
2837 3010 3201 3076 dominicae
3243 3011 3337 3076 illi
3385 3012 3598 3076 socius
3649 3031 3792 3076 esse
3834 3010 4096 3087 nolui,³)
4138 3032 4261 3076 nec
4295 3012 4422 3074 mi-

2469 3102 2753 3166 nistrare
2794 3101 2864 3163 in
2903 3120 2979 3163 ea
3013 3097 3300 3176 calicem,
3334 3095 3505 3181 quod
3561 3097 3758 3163 rebus
3791 3097 4079 3163 confusis
4115 3107 4183 3163 et
4213 3119 4423 3181 usque

2469 3186 2629 3251 adeo
2682 3185 2963 3251 turbatis
3018 3184 3086 3249 id
3125 3183 3483 3267 tranquilla
3527 3184 3924 3249 conscientia
3976 3185 4232 3249 efficere
4287 3204 4419 3249 non

2516 3292 2750 3338 ossem.
2837 3272 3127 3338 Obsecro
3194 3283 3276 3348 te,
3342 3279 3533 3353 pater
3587 3267 4011 3348 observande,
4057 3271 4112 3335 si
4149 3269 4306 3352 quid
4349 3269 4423 3333 in

2524 3358 2576 3424 's
2618 3359 2921 3423 omnibus
2954 3365 3296 3440 peccatum
3339 3375 3481 3420 esse
3515 3375 3760 3433 censes,
3805 3376 3914 3420 me
3969 3356 4323 3421 admoneas
4358 3363 4425 3420 et

2467 3464 2591 3528 pro
2633 3453 2750 3509 tua
2790 3441 3140 3526 prudentia
3183 3463 3258 3508 ac
3301 3441 3624 3506 modestia
3682 3439 4140 3524 reprehendas,
4187 3464 4263 3506 ac
4309 3441 4420 3506 do·

2468 3552 2617 3596 ceas
2653 3529 2810 3614 quid
2865 3528 3194 3613 agendum
3253 3526 3516 3593 iudices.
3605 3527 3856 3610 Nempe
3913 3529 3967 3592 si
4013 3549 4051 3591 a
4097 3528 4423 3593 concioni-

2468 3617 2593 3682 bus
2650 3618 2790 3681 eius
2846 3614 3314 3686 desistendum,
3372 3635 3412 3677 a
3464 3632 3706 3677 coenae
3748 3612 4267 3696 participatione,
4313 3612 4420 3678 vel

2468 3703 2664 3768 etiam
2712 3705 2767 3766 si
2832 3701 3198 3765 ministerio
3261 3697 3625 3765 cedendum
3689 3720 3976 3782 prorsus,
4020 3709 4202 3765 tuam
4247 3698 4420 3763 chri-

2468 3790 2748 3853 stianam
2802 3788 3263 3853 correctionem
3310 3795 3504 3868 atque
3561 3784 4085 3850 exhortationem
4139 3784 4421 3869 benigne

2468 3876 2799 3957 recipiam,
2867 3883 3110 3956 tuoque
3174 3870 3429 3945 iudicio,
3497 3871 3601 3934 cui
3669 3891 3751 3934 ex
3795 3873 4013 3936 animo
4057 3892 4165 3936 me
4206 3880 4422 3936 totum

2471 3961 2802 4036 submitto,
2872 3959 3130 4042 parebo.
3211 3957 3430 4021 Velim
3494 3967 3711 4022 autem
3779 3957 4107 4040 intelligas
4173 3957 4424 4021 dictum

2471 4046 2881 4128 Bouquinum
2916 4044 3125 4110 edicto
3160 4044 3585 4127 magistratus
3607 4043 3836 4108 fecisse
3872 4044 4200 4125 publicam
4267 4063 4422 4107 suae

2469 4133 2622 4198 fidei
2666 4132 2899 4215 suique
2920 4132 3143 4213 lapsus
3185 4128 3746 4214 confessionem,⁴)
3781 4137 3873 4208 ut,
3918 4137 4236 4211 quantum
4282 4149 4420 4193 sus·

2468 4220 2783 4303 picamur,
2845 4217 3207 4282 ministerio
3274 4215 3513 4298 dignus
3569 4214 3908 4279 habeatur.
4010 4215 4196 4278 Deus
4263 4212 4417 4294 Opt.

2469 4305 2649 4370 Max.
2697 4303 2870 4369 adsit
2912 4321 3067 4367 suae
3106 4300 3433 4380 ecclesiae,
3469 4320 3667 4383 quam
3692 4302 3824 4365 tuis
3848 4321 3923 4364 ac
3945 4299 4236 4364 fidelium
4272 4319 4420 4381 pre-

2468 4391 2653 4457 cibus
2694 4390 2909 4454 iuvari
2953 4390 3163 4471 cupio.
3242 4388 3326 4452 D.
3394 4389 3751 4452 &amerius
3802 4396 3868 4450 te
3907 4385 4268 4468 plurimum
4315 4404 4419 4448 sa-

2468 4477 2653 4541 lutat.
2722 4475 2892 4540 Vale
2925 4476 2994 4539 in
3018 4474 3327 4550 Domino,
3372 4473 3482 4555 qui
3525 4480 3593 4537 te
3634 4471 3822 4537 nobis
3843 4479 4159 4554 perpetuo
4182 4477 4418 4549 servet,

2472 4562 2880 4646 Argentinae
2926 4564 3025 4625 29.
3070 4559 3248 4625 Iunii
3299 4564 3481 4622 1555.

3054 4695 3236 4761 Tuus
3280 4693 3903 4778 obsequentissimus
3947 4690 4333 4775 Locquetus.

2675 4903 2733 4970 2)
2769 4903 2883 4958 Hic
2915 4902 3064 4958 deest

2470 4973 2638 5029 tenda
2670 4978 2767 5028 cut
2801 4973 2977 5026 simule
3007 4988 3124 5027 eom
3448 5011 3459 5022 .

2676 5041 2737 5110 3)
2772 5043 2853 5097 sic
2908 5041 3253 5097 sumamus
3307 5054 3424 5092 nos.
3518 5036 3700 5092 Godeae
3752 5037 4002 5106 praebet:
4070 5037 4230 5089 sociis
4300 5052 4420 5090 esse

2471 5114 2740 5246 ”⁰¹mt'4)
2779 5176 3008 5234 Memor.
3043 5177 3122 5232 aa
3153 5175 3239 5230 27.
3277 5175 3442 5230 Μαι-ε.

3166 4903 3176 4915 “
3247 4900 3324 4956 ia.
3399 4900 3663 4954 Fortasse
3696 4899 4015 4954 addiderim
4048 4913 4138 4952 res
4171 4900 4418 4953 commit-
