4850 6200
471 447 596 515 911

644 631 717 700 Β.
763 633 1112 699 Miraberis
1145 634 1329 712 forte,
1364 633 1781 700 ornatissime
1824 633 1949 713 vir,
1993 652 2280 716 quanam
2321 653 2424 697 ra-

471 721 650 786 tione
704 718 1026 786 adductus
1082 719 1428 786 consilium
1491 718 1575 784 ad
1621 727 1689 785 te
1745 718 2071 786 scribendi
2117 718 2421 802 ceperim,

476 815 828 890 antequam
887 805 1055 870 mihi
1090 804 1174 870 ad
1217 815 1400 871 tuam
1443 805 1800 871 amicitiam
1843 804 2109 870 aliunde
2150 805 2420 888 patefie-

472 902 577 957 ret
619 891 853 957 aditus.
921 889 1057 958 Sed
1100 891 1272 974 quod
1316 913 1356 957 a
1390 891 1718 957 communi
1742 911 1947 969 more,
1988 891 2199 975 magis
2221 891 2421 955 etiam

475 978 783 1063 privatim
839 979 920 1043 ab
956 977 1223 1062 ingenio
1267 998 1415 1044 meo
1459 986 1789 1042 remotum
1833 988 1949 1057 est,
1988 977 2266 1042 extorsit
2306 997 2422 1059 op-

472 1065 675 1130 timus
716 1063 821 1130 vir
861 1061 946 1129 D.
976 1063 1369 1129 Franciscus
1413 1063 1850 1141 Lismanimcs,
1893 1072 1973 1129 ut
2012 1073 2228 1128 tecum
2272 1084 2421 1147 per-

474 1149 631 1216 inde
692 1149 1105 1215 familiariter
1162 1169 1428 1233 agerem
1486 1168 1562 1214 ac
1613 1150 1668 1215 si
1713 1149 1971 1232 pridem
2013 1148 2178 1213 mihi
2223 1157 2421 1214 notus

475 1257 669 1302 esses.
731 1233 893 1300 Nam
936 1255 1141 1318 quum
1175 1233 1256 1301 de
1299 1256 1559 1300 summa
1592 1235 1841 1319 ingenii
1885 1237 1981 1300 tui
2025 1233 2420 1300 dexteritate

476 1321 772 1400 referret,
818 1341 894 1387 ac
937 1320 1271 1388 doctrinae
1293 1321 1713 1404 praestantia,
1758 1321 1955 1387 simul
1971 1319 2221 1386 addidit
2256 1320 2423 1386 mul-

478 1422 693 1474 torum
737 1408 908 1473 votis
951 1417 1016 1473 et
1070 1407 1371 1490 precibus
1414 1408 1530 1473 abs
1573 1416 1641 1471 te
1683 1407 1968 1491 flagitari
2010 1407 2421 1490 praeclarum

477 1503 544 1561 et
598 1515 857 1560 summa
913 1493 1107 1560 laude
1168 1493 1444 1577 dignum
1500 1514 1683 1576 opus,
1727 1505 1804 1558 ut
1841 1493 2041 1559 libros
2085 1513 2305 1560 sacros
2346 1493 2422 1557 in

471 1581 767 1664 linguam
801 1579 1168 1662 polonicam
1188 1578 1538 1646 vertendos
1581 1580 1924 1662 suscipias:
1972 1591 2038 1645 te
2084 1600 2241 1644 vero
2285 1599 2421 1643 mo-

475 1664 658 1732 deste
730 1664 1090 1732 recusando
1166 1674 1427 1749 tempus
1504 1665 1871 1744 extrahere,
1941 1675 2013 1729 ut
2073 1664 2294 1748 probis
2355 1674 2422 1730 et

478 1750 681 1818 doctis
746 1752 1076 1835 plerisque
1124 1751 1499 1817 hominibus
1543 1750 1817 1817 molesta
1859 1751 1946 1816 sit
1986 1751 2115 1816 ista
2157 1758 2419 1817 cuncta-

471 1839 584 1905 tio.
673 1838 822 1903 Etsi
877 1850 1101 1902 autem
1159 1838 1393 1903 merito
1456 1858 1848 1920 suspensum
1903 1845 1971 1901 et
2026 1839 2296 1902 anxium
2357 1847 2422 1902 te

475 1925 721 1990 retinet
772 1924 988 2006 operis
1031 1923 1398 2002 difficultas,
1442 1924 1514 1987 in
1559 1923 1682 1989 hac
1724 1934 1949 1988 tamen
1995 1944 2194 2006 quam
2234 1922 2422 1988 vides

474 2011 769 2075 maxima
812 2009 1197 2075 necessitate
1245 2030 1373 2074 non
1417 2008 1681 2075 videtur
1732 2008 1838 2075 vel
1880 2010 2056 2074 iusta
2099 2009 2222 2073 tibi
2265 2030 2421 2090 sup-

474 2108 698 2180 petere
743 2096 910 2160 ratio
967 2116 1085 2160 cur
1126 2096 1343 2180 gentis
1385 2105 1536 2160 tuae
1573 2094 1894 2161 desideria
1935 2094 2198 2179 longius
2242 2094 2423 2159 diffe-

472 2203 601 2260 ras,
648 2201 768 2246 nec
811 2181 1192 2246 cessationis
1230 2181 1540 2246 honestae
1562 2183 1901 2247 excusatio
1944 2202 2134 2263 posse
2178 2181 2418 2245 offerri.

476 2268 689 2333 Vetus
747 2266 913 2332 illud
974 2266 1217 2333 dictum
1281 2287 1417 2331 non
1460 2266 1485 2330 i
1533 2287 1759 2333 noras:
1829 2265 2086 2330 δύσκολα
2141 2263 2297 2330 εἶναι
2349 2265 2423 2329 τὰ

474 2352 663 2417 καλάς
730 2373 856 2435 quo
914 2373 1047 2417 non
1107 2362 1364 2418 tantum
1420 2374 1494 2419 co
1545 2352 1757 2418 ibetur
1818 2372 2046 2418 eorum
2089 2353 2426 2418 temeritas

476 2440 589 2522 qui
631 2459 834 2521 supra
868 2439 1041 2503 vires
1075 2439 1335 2521 quidvis
1370 2448 1625 2504 tentare
1668 2438 1930 2516 audent,
1976 2437 2092 2504 sed
2134 2440 2205 2503 in
2246 2438 2425 2503 timi-

479 2525 601 2602 dis,
647 2545 810 2607 quos
853 2523 1128 2607 impedit
1169 2544 1245 2591 ac
1281 2523 1571 2590 retardat
1613 2524 2031 2603 verecundia,
2076 2524 2426 2608 corrigitur

474 2611 807 2695 segnities.
896 2611 1244 2677 Absterret
1299 2621 1367 2675 te
1423 2611 1637 2693 operis
1694 2610 2119 2695 magnitudo:
2178 2610 2236 2675 si
2298 2610 2426 2677 huc

472 2707 735 2763 tantum
790 2718 996 2779 usque
1050 2711 1128 2761 ut
1186 2697 1304 2763 tibi
1366 2695 1620 2763 diffisus
1660 2718 1853 2779 opem
1899 2719 1937 2762 e
1982 2696 2159 2762 coelo
2193 2696 2425 2779 implo-

475 2803 603 2862 res,
646 2782 908 2848 laudem
950 2792 1244 2848 meretur
1288 2783 1394 2847 hic
1429 2782 1640 2848 timor.
1712 2781 1849 2848 Sed
1891 2782 2156 2848 interim
2201 2782 2431 2848 viden-

482 2867 635 2934 dum
682 2889 767 2934 ne
810 2876 1078 2952 gentem
1111 2878 1297 2934 tuam
1356 2868 1569 2934 officio
1612 2866 1786 2953 quod
1827 2869 1974 2934 iure
2019 2869 2133 2935 abs
2179 2876 2245 2932 te
2289 2870 2429 2933 exi-

479 2956 582 3039 git
644 2953 1009 3031 defraudes,
1079 2955 1266 3020 cuius
1320 2953 1377 3021 si
1431 2953 1807 3037 praestandi
1863 2955 2138 3021 facultas
2201 2955 2428 3020 multis

479 3053 697 3108 tecum
758 3050 933 3107 esset
984 3042 1365 3118 communis,
1424 3061 1559 3106 non
1607 3040 1849 3125 absque
1905 3041 2194 3125 specioso
2241 3061 2428 3125 prae-

478 3137 670 3193 textu
706 3148 816 3193 eos
848 3128 919 3193 in
954 3127 1196 3194 laboris
1231 3127 1608 3194 societatem
1641 3148 1929 3194 vocares.
1997 3128 2062 3194 N
2063 3149 2191 3193 unc
2225 3149 2429 3210 quum

478 3214 805 3299 singulari
863 3214 1030 3278 dono
1093 3212 1340 3296 polleas
1401 3221 1464 3278 te
1523 3234 1731 3278 unum
1788 3212 2103 3279 divinitus
2146 3213 2427 3279 electum

476 3301 691 3384 cogita
725 3299 911 3366 cuius
950 3298 1245 3365 humeris
1301 3300 1635 3365 incumbat
1679 3299 1804 3366 hoc
1846 3322 2041 3367 onus:
2088 3298 2262 3383 quod
2305 3301 2427 3364 im-

476 3386 765 3469 positum
820 3385 951 3450 nisi
1003 3386 1278 3469 suscipis
1327 3385 1479 3451 vide
1536 3407 1623 3452 ne
1681 3385 1809 3450 Dei
1866 3387 2098 3470 iugum
2141 3386 2425 3452 abiicias.

475 3471 688 3538 Porro
723 3482 802 3536 ut
835 3478 1053 3536 tecum
1090 3472 1211 3537 hac
1255 3470 1335 3537 de
1374 3493 1447 3537 re
1467 3471 1884 3555 peculiariter
1906 3471 2233 3556 agendum
2279 3492 2426 3537 cen-

477 3558 604 3632 sui,
641 3559 734 3622 ita
775 3556 981 3623 libere
1024 3570 1091 3622 te
1133 3557 1216 3622 ad
1260 3557 1472 3623 officia
1492 3579 1686 3624 omne
1730 3578 1940 3642 genus
1962 3558 2229 3625 Christo
2273 3577 2426 3624 con-

482 3641 801 3710 secranda
823 3642 1073 3709 hortari
1116 3664 1246 3709 non
1271 3641 1596 3722 dubitabo,
1642 3643 1838 3727 idque
1881 3643 2062 3722 mihi,
2101 3651 2179 3708 ut
2214 3665 2424 3727 spero,

487 3728 867 3795 humanitas
925 3739 1037 3795 tua
1082 3729 1409 3796 concedet.
1501 3728 1741 3796 Melius
1796 3730 1938 3814 ipse
1996 3730 2064 3795 in
2121 3751 2192 3795 re
2238 3751 2425 3813 prae-

476 3816 652 3880 senti
695 3816 1033 3899 cognoscis
1068 3836 1261 3898 quam
1307 3814 1614 3881 ardenter
1648 3826 1955 3900 satagant
1993 3817 2176 3899 impii
2220 3817 2288 3880 in
2325 3837 2427 3881 re·

478 3900 753 3967 tinenda
812 3923 932 3965 sua
993 3901 1364 3986 tyrannide.
1457 3901 1714 3968 Pudeat
1772 3923 1892 3967 nos
1950 3903 2254 3986 ignaviae
2299 3901 2428 3967 nisi

474 3995 615 4052 tam
658 3987 968 4070 pervicax
1013 4009 1167 4071 ergo
1211 3988 1539 4053 contentio
1586 3989 1821 4054 saltem
1859 3987 1940 4053 ad
1985 3988 2160 4070 piam
2205 4009 2425 4052 aemu-

477 4072 792 4138 lationem
858 4095 975 4139 nos
1032 4073 1360 4152 accendat,
1423 4084 1496 4138 ut
1553 4094 1683 4139 non
1729 4075 1949 4138 minus
1992 4083 2262 4139 strenue
2308 4094 2427 4156 pro

479 4158 828 4224 asserenda
887 4158 1016 4225 Dei
1074 4160 1300 4244 gloria,
1351 4160 1755 4225 restituendo
1811 4181 1976 4242 puro
2034 4160 2176 4225 eius
2226 4159 2425 4238 cultu,

477 4244 865 4310 stabiliendo
911 4246 1161 4311 Christi
1208 4268 1408 4330 regno
1453 4267 1838 4330 pugnemus.
1922 4245 2057 4310 Sed
2101 4265 2221 4330 ego
2265 4245 2429 4313 haec

477 4331 699 4396 forsan
755 4331 930 4413 apud
990 4344 1054 4396 te
1105 4334 1583 4415 intempestive.
1674 4331 2069 4414 Quanquam
2120 4352 2255 4396 non
2313 4353 2428 4397 ve-

477 4437 642 4494 reor,
701 4418 757 4483 si
819 4418 990 4482 ultro
1047 4419 1175 4483 iam
1236 4420 1396 4482 satis
1454 4418 1782 4483 animatus
1839 4441 1939 4494 es,
1991 4439 2074 4482 ne
2110 4417 2266 4501 quid
2312 4417 2432 4483 tibi

477 4503 812 4568 molestiae
836 4504 1116 4569 afferant
1153 4504 1283 4569 mei
1318 4503 1583 4569 stimuli.
1653 4504 1821 4567 Nam
1868 4517 1934 4567 et
1971 4504 2092 4570 hac
2134 4503 2206 4569 in
2241 4517 2431 4587 parte

478 4610 738 4674 semper
789 4611 993 4672 aequo
1047 4589 1368 4656 tardiores
1404 4601 1562 4654 sunt
1595 4589 1803 4655 nostri
1846 4601 2136 4669 conatus,
2184 4603 2258 4655 ut
2299 4590 2428 4654 fas-

479 4674 641 4742 tidio
695 4675 877 4741 locus
943 4697 1073 4741 non
1138 4678 1243 4753 sit,
1301 4688 1368 4741 et
1424 4685 1502 4741 ut
1559 4676 1832 4759 quisque
1893 4676 2173 4742 alacrius
2221 4676 2433 4741 currit

476 4969 693 5049 generis
744 4973 803 5048 et
854 4967 1139 5048 literis-ac
1190 4967 1493 5047 linguarum
1544 4966 1698 5020 hebr.
1743 4984 1823 5036 gr.
1859 4973 1948 5049 ‘et‘
1972 4968 2066 5022 lat.
2117 4967 2431 5037 cognitione

479 5037 764 5117 clamosum
800 5052 892 5117 qm
937 5045 995 5089 et
1039 5043 1511 5089 instructissimam
1546 5034 1784 5090 habebat
1816 5036 2198 5090 bibliothecam
2235 5037 2428 5091 Craco·

481 5122 600 5158 viae
634 5106 890 5186 (Lubnti.
926 5106 959 5158 1.
995 5107 1028 5160 l.
1061 5123 1120 5173 p.
1159 5104 1249 5171 18)
1284 5121 1448 5185 quur·
1488 5102 1795 5160 Stancarus
1834 5106 2079 5174 primum
2113 5121 2158 5186 c.
2195 5104 2335 5160 1550
2366 5107 2431 5159 in

482 5173 771 5228 Polou-mm
792 5176 998 5229 venerit
1032 5182 1083 5228 et
1113 5174 1554 5237 reformationem
1587 5174 1848 5231 inchoare
1882 5171 2154 5229 studuerat
2184 5175 2254 5232 ab
2287 5176 2426 5242 epib-

478 5258 614 5309 eopo
669 5244 1017 5325 o'racovieasi
1069 5245 1130 5296 in
1186 5242 1401 5322 sinenda
1454 5242 1773 5325 coniectum·
1802 5242 2144 5327 liberandum
2194 5244 2427 5324 curavit.

482 5311 624 5435 ἐννέ’
651 5319 814 5379 poeta
847 5312 971 5395 fuet
1013 5313 1578 5436 eltlalattaucgtcammq
1606 5312 1917 5439 ww
1955 5313 2152 5380 fertur.
2236 5312 2426 5368 Venno

529 5420 540 5433 .
619 5421 633 5434 .
669 5381 921 5450 polonica
954 5397 1028 5437 nu
1142 5395 1210 5435 σε
1351 5396 1493 5451 quae
1524 5397 1575 5436 e·
1866 5422 1881 5438 .

1919 441 2448 512 EPISTOLAE
2490 444 2915 510 2372-2373
2939 443 3041 511 bis

4356 448 4482 509 912

2526 633 2621 700 sic
2683 631 3092 700 infirmitatis
3156 654 3313 701 suae
3378 633 3680 701 conscius
3744 633 3969 718 urgeri
4031 654 4103 699 se
4166 632 4479 701 libentius

2523 719 2794 803 patitur.
2862 716 3053 799 Vale,
3078 721 3639 803 praestantissime
3674 720 3778 786 vir
3811 731 3882 787 et
3923 718 4087 785 mihi
4128 740 4213 785 ex
4257 720 4478 786 animo

2526 804 2813 872 colende.
2880 806 3210 873 Dominus
3244 815 3310 873 te
3353 806 3627 891 spiritus
3671 807 3775 873 sui
3809 804 4000 872 donis
4041 805 4256 872 indies
4299 806 4479 872 locu-

2525 891 2748 975 pletet,
2793 890 3036 959 virtute
3069 893 3301 960 fulciat
3341 902 3410 958 et
3443 891 3768 976 praesidio
3789 901 4072 958 tueatur.
4143 892 4478 959 Genevae.

3292 1188 3693 1196 ——.—.—-—-—

3415 1406 3613 1477 2373.

2995 1542 3472 1612 OALVINUS
3517 1541 4010 1610 SPI'I'HEKO.

2696 1717 2942 1802 Aqmen
2965 1737 3088 1799 pro
3121 1720 3388 1800 tempore
3430 1716 3670 1782 claudit
3701 1715 3849 1782 haec
3882 1715 4143 1797 epistola
4186 1715 4479 1780 lucubra-

2525 1805 2765 1870 tionum
2811 1803 3266 1885 polonioamm,
3310 1802 3505 1869 unius
3546 1802 3940 1884 eiusdemque
3982 1801 4334 1885 amumenti
4375 1804 4479 1866 in-

2524 1891 2769 1975 qeniose
2819 1889 3076 1955 variati.

2528 2060 2643 2128 (Ex
2694 2061 3008 2131 apographo
3059 2061 3195 2115 ntis
3247 2060 3469 2183 miii
3501 2059 3639 2194 {ab}
3693 2059 3866 2113 Paris.
3919 2059 4050 2114 eod.
4104 2060 4304 2131 nupuy
4358 2058 4476 2126 102,

2527 2301 2779 2368 Illustri
2823 2309 2892 2366 et
2932 2301 3163 2367 multis
3202 2300 3560 2367 virtutibus
3596 2299 4158 2383 praestantissimo
4202 2299 4286 2365 D.
4324 2298 4479 2383 Spi-

2527 2387 2695 2454 theti
2748 2386 3010 2453 Iordan.
3068 2388 3376 2454 Palatino
3436 2385 3938 2451 Sentomiriensi
4002 2386 4479 2451 Praemissien-

2529 2473 2639 2540 cili
2696 2474 3288 2558 Amoniacensique
3358 2473 3699 2555 capitaneo
3762 2470 3845 2536 de
3888 2471 4225 2536 Zahliozin
4283 2485 4350 2536 et
4405 2472 4480 2536 in

2529 2559 2797 2627 Melbod
2841 2559 3127 2626 haeredi.
3220 2557 3518 2646 [Nicolao
3563 2556 3982 2645 Radzwa.]1)

2702 2729 2774 2797 S.
2844 2729 3044 2812 Quod
3108 2752 3288 2797 meas
3346 2731 3586 2810 literas,
3633 2729 3995 2798 clarissime
4041 2731 4161 2805 vir,
4197 2740 4332 2794 tam
4367 2750 4477 2794 co-

2535 2817 2735 2883 miter
2797 2837 2839 2882 a
2901 2827 3018 2883 tua
3072 2816 3483 2883 Celsitudine
3536 2824 3842 2899 exceptas
3912 2817 4112 2882 fuisse
4156 2815 4475 2899 intellige,

2531 2925 2663 2969 non
2728 2902 3199 2987 poenitendum
3262 2902 3504 2968 laboris
3568 2904 3699 2968 mei
3768 2903 4053 2968 fructum
4112 2904 4477 2985 percepisse

2533 2990 2699 3055 milii
2744 2990 2999 3056 videor:
3047 2990 3202 3072 quia
3245 2989 3493 3055 scilicet
3535 3009 3716 3071 spem
3751 2988 3905 3053 inde
3948 2988 4268 3053 uberioris
4309 2989 4476 3054 fruc·

2532 3086 2640 3143 tus
2697 3098 2829 3142 non
2866 3075 3134 3143 dubiam
3190 3075 3502 3158 concipio,
3581 3075 3811 3158 Itaque
3855 3095 4054 3157 quum
4119 3074 4247 3140 iter
4310 3076 4478 3140 istuc

2529 3164 2909 3230 institueret
2950 3162 3164 3228 fidelis
3204 3162 3457 3229 Christi
3514 3182 3743 3227 servus
3787 3161 4180 3227 Franciscus
4227 3160 4478 3227 Lis-ma-

2529 3251 2741 3327 πίπτω,
2785 3252 2911 3316 etsi
2976 3271 3146 3314 unus
3189 3249 3397 3332 pluris
3442 3269 3638 3331 quam
3675 3247 3894 3313 decem
3942 3247 4255 3329 epistolae
4297 3248 4476 3312 futu-

2530 3357 2644 3401 rus
2691 3345 2849 3413 erat,
2908 3336 3133 3418 paucis
3190 3334 3564 3399 iterandum
3605 3332 3769 3397 mihi
3828 3333 4057 3416 putavi
4114 3331 4289 3398 idem
4333 3332 4475 3398 offi-

2531 3423 2723 3487 cium.
2812 3421 2965 3486 Non
3014 3418 3186 3503 quod
3251 3441 3646 3504 magnopere
3710 3419 3874 3484 meis
3941 3419 4045 3483 vel
4091 3418 4477 3501 cuiusquam

2531 3507 2817 3574 stimulis
2853 3507 2944 3572 sis
2978 3506 3373 3584 incitandus,
3396 3526 3590 3589 quem
3627 3504 3815 3571 video
3849 3504 4153 3570 alacriter
4196 3525 4476 3581 currere,

2530 3595 2644 3660 sed
2708 3594 2862 3676 quia
2916 3591 3240 3658 Dominus
3305 3592 3565 3658 coelesti
3602 3611 3721 3656 sua
3757 3612 3911 3656 voce
3955 3590 4478 3674 promptissimos

2530 3681 2729 3745 etiam
2786 3701 3074 3763 quosque
3140 3678 3400 3744 assidue
3456 3677 3542 3744 ad
3597 3676 3993 3742 indefessam
4042 3676 4478 3742 constantiam

2534 3767 2833 3831 animans
2893 3765 3169 3830 eandem
3224 3764 3414 3830 nobis
3456 3764 3754 3848 regulam
3792 3783 3913 3827 suo
3948 3762 4248 3846 exemplo
4293 3783 4482 3844 prae-

2530 3854 2771 3919 scribit.
2838 3851 2952 3917 Me
2993 3850 3255 3935 quidem
3304 3860 3576 3928 tacente,
3622 3870 3823 3932 quam
3865 3848 4279 3932 praeclarum
4316 3868 4480 3931 opus

2529 3959 2878 4023 aggressus
2922 3939 3012 4002 sis
3036 3958 3236 4020 quum
3260 3935 3529 4002 Christo
3573 3936 3841 4017 eiusque
3875 3934 4219 4017 evangelio
4261 3934 4481 4017 palam

2528 4038 2594 4090 et
2635 4025 2925 4108 ingenue
2948 4045 3186 4089 nomen
3231 4020 3487 4100 dedisti,
3533 4042 3652 4104 pro
3695 4029 3813 4086 tua
3834 4020 4153 4105 singulari
4196 4019 4482 4104 pruden-

2527 4113 2622 4175 tia
2672 4109 3009 4194 intelligis.
3092 4107 3313 4190 Quam
3362 4130 3516 4174 vero
3566 4117 3757 4189 turpe
3805 4108 3893 4172 sit
3935 4127 4197 4172 cursum
4242 4105 4314 4170 in
4358 4105 4482 4171 hoo

2529 4196 2738 4263 stadio
2798 4198 3162 4273 reflectere,
3220 4194 3438 4259 virum
3482 4202 3616 4258 tam
3659 4192 3902 4277 insigni
3944 4193 4187 4275 pietate
4227 4211 4305 4258 ao
4350 4192 4482 4257 vir-

2530 4293 2671 4348 tute
2717 4281 3083 4365 praeditum
3128 4301 3396 4346 monere
3453 4299 3938 4362 supervacuum
3990 4286 4060 4343 et
4124 4276 4485 4344 absurdum

2531 4371 2712 4435 foret.
2802 4369 3092 4434 Tantum
3157 4368 3310 4433 boni
3373 4366 3692 4444 consulas,
3759 4365 3815 4431 si
3878 4361 3962 4427 ad
4018 4363 4084 4428 id
4144 4362 4319 4446 quod
4360 4362 4486 4428 tibi

2531 4463 2764 4539 sponte
2819 4455 2889 4519 in
2931 4462 3219 4518 mentem
3283 4453 3465 4518 venit
3521 4452 3739 4533 aliqua
3804 4470 3845 4516 a
3899 4470 4005 4515 me
4069 4449 4483 4517 confirmatio

2533 4540 2818 4619 accedat,
2879 4540 3101 4605 virum
3146 4541 3214 4603 in
3262 4538 3519 4604 excelso
3563 4535 3905 4621 dignitatis
3948 4535 4159 4619 gradu
4203 4535 4488 4618 positum

2534 4629 2671 4693 suis
2715 4625 3012 4710 partibus
3052 4647 3185 4690 non
3243 4624 3367 4689 rite
3409 4624 3681 4708 defungi
3725 4622 3856 4687 nisi
3900 4621 4047 4688 aliis
4081 4631 4483 4705 praecurrat,

2534 4712 2859 4798 simulque
2902 4711 3156 4777 invicta
3191 4708 3576 4775 fortitudine
3619 4707 3936 4792 quidquid
3969 4715 4267 4774 occurret
4309 4707 4484 4773 diffi-

2533 4800 2850 4864 cultatum
2893 4807 3180 4880 superet,
3225 4807 3300 4863 ut
3342 4796 3454 4862 alii
3475 4793 3802 4877 intrepide
3836 4802 4215 4878 sequantur.
4273 4793 4483 4859 Porro

2532 4885 2706 4950 inter
2763 4882 3052 4951 subsidia
3108 4905 3274 4967 quae
3323 4882 3404 4947 ad
3449 4883 3709 4965 piorum
3750 4891 4024 4946 conatus
4065 4880 4214 4945 istic
4245 4881 4482 4945 iuvan-

2535 4970 2649 5036 dos
2708 4977 2861 5054 apta
2916 4977 2984 5035 et
3028 4968 3420 5052 tempestiva
3460 4976 3674 5047 erunt,
3715 4968 3876 5050 quin
3898 4965 4293 5032 Celsitudini
4328 4973 4482 5031 tuae

2532 5065 2765 5142 gratus
2830 5057 2919 5122 sit
2974 5056 3239 5121 futurus
3306 5054 3671 5120 Dismanini
3735 5052 3946 5119 nostri
3988 5052 4313 5119 adventus
4346 5073 4482 5118 non

2531 5244 2714 5300 2873.
2742 5245 2800 5313 1)
2836 5246 2988 5301 Haec
3010 5245 3204 5300 ultima
3226 5244 3390 5299 verba
3415 5243 3711 5298 oscitanter
3732 5243 3917 5298 mdo

2530 5316 2705 5370 mu.
2735 5314 3049 5397 “dmm
3085 5317 3185 5395 παρ’
3217 5312 3308 5396 ⁸3¹0
3340 5313 3457 5395 (με
3493 5316 3574 5395 ²⁸?
3606 5326 3760 5382 am·
3794 5313 3909 5394 ἕω
3942 5245 4482 5393 ΨΝἋῗῶῗ

2533 5384 2819 5441 Caeterum
2850 5385 2935 5439 ⁸11·
2969 5384 3115 5439 atta·
3145 5398 3257 5452 ψει
3291 5381 3656 5449 multifariam
3689 5397 3727 5435 a
3759 5380 3993 5437 labrum
4023 5385 4290 5450 corrupti.
