4850 6200
501 478 634 549 427

497 661 610 728 (Ex
646 670 868 730 autogr·
908 658 978 711 ho
1006 657 1136 711 Ood.
1166 655 1368 712 Genev.
1406 653 1547 723 1111,
1583 655 1675 709 fol.
1712 653 1829 711 192.
1898 653 2176 726 Scriptura
2211 654 2432 708 madore

769 729 855 782 val
894 744 923 780 e
959 725 1205 796 pallescit
1239 730 1296 778 et
1332 724 1531 795 passim
1565 724 1784 779 omnino
1817 723 1998 779 deleta
2033 726 2157 786 est.)

669 913 935 980 Eximio
995 910 1244 978 Christi
1323 930 1514 976 servo
1577 912 1810 976 Ioanni
1869 910 2146 976 Calvino
2212 909 2432 977 Gene-

502 1002 720 1068 vensis
746 998 1048 1073 ecclesian
1083 995 1214 1068 fido
1250 998 1492 1080 pastori
1525 997 1714 1063 fratri
1750 1008 1816 1063 et
1850 1005 2252 1082 symmystae
2285 996 2433 1079 plu-

500 1088 738 1153 rimum
781 1080 1197 1151 observando.
1971 1079 1983 1093 “

1925 1183 2258 1252 Genavae.

668 1357 740 1426 S.
819 1356 1189 1441 Cognosces
1253 1377 1332 1421 ex
1400 1356 1605 1422 literis
1674 1352 1925 1420 Sonerii
1988 1364 2054 1421 et
2119 1351 2437 1420 Masuerii

495 1443 655 1530 quid
698 1451 1057 1527 querantur
1097 1450 1163 1507 et
1249 1440 1357 1507 uid
1401 1462 1440 1505 a
1491 1442 1675 1507 nobis
1716 1442 2070 1524 requirant.
2159 1440 2435 1506 Videbis

501 1549 669 1616 quae
711 1529 844 1595 sint
885 1527 1153 1594 consilia
1193 1464 1453 1604 gomi,
1499 1547 1662 1610 quae
1697 1527 1860 1591 mihi
1903 1533 2039 1592 non
2082 1527 2242 1593 satis
2286 1548 2434 1610 pro-

501 1617 764 1683 bantur.
842 1612 1112 1679 Fratres
1154 1620 1342 1678 erant
1382 1613 1451 1677 in
1496 1613 1620 1679 hac
1663 1614 1986 1678 sententia
2028 1621 2103 1677 ut
2144 1613 2438 1696 Morgias

500 1721 713 1784 usque
755 1721 859 1764 me
896 1699 1276 1765 conferrem.
1308 1701 1358 1775 ¹)
1447 1698 1754 1764 Nondum
1809 1708 1983 1762 certo
2038 1698 2240 1763 statui
2283 1695 2438 1780 quid

502 1787 795 1853 facturus
851 1785 989 1849 sim.
1077 1784 1329 1849 Vereor
1371 1784 1541 1849 euim
1604 1806 1689 1848 ne
1743 1783 1894 1866 quid
1965 1792 2299 1865 peccatum
2354 1784 2441 1847 sit

503 1872 575 1937 in
615 1873 787 1935 bona
829 1889 1021 1935 causa
1065 1890 1104 1934 a
1150 1869 1426 1936 Sonerio.
1515 1869 1702 1934 Nosti
1760 1869 2046 1934 hominis
2101 1869 2440 1952 ingenium

704 1957 939 2021 ificum.
1029 1955 1254 2021 Gratis
1299 1966 1515 2020 tamen
1571 1955 1671 2020 illi
1712 1956 1788 2020 fit
1842 1955 2083 2019 iniuria
2125 1951 2441 2038 quidquid

504 2042 585 2108 ab
649 2040 763 2106 illo
827 2041 993 2106 forte
1058 2050 1392 2124 peccatum
1458 2042 1560 2105 sit.
1660 2038 1791 2106 Sed
1847 2049 1920 2104 tu
1978 2041 2145 2106 nosti
2205 2039 2440 2123 quibus

503 2128 799 2225 patronis
857 2137 1129 2191 utantur
1184 2126 1540 2192 nebulones
1598 2138 1664 2191 et
1725 2124 2083 2192 turbulenti
2145 2125 2442 2191 homines

509 2214 620 2303 qui
685 2211 767 2277 ad
812 2260 1204 2277 .......
1265 2211 1653 2277 evertendas
1718 2212 2023 2278 ecclesias
2087 2232 2129 2275 a
2192 2210 2443 2277 Satana

508 2299 730 2365 emissi
788 2310 961 2363 sunt.
1049 2298 1424 2364 Praefectus
1467 2298 1863 2382 Morgiensis
1920 2295 2075 2362 dicit
2132 2319 2200 2363 se
2254 2317 2441 2362 man·

507 2382 730 2457 datum
767 2383 1006 2449 habere
1041 2384 1526 2449 severissimum
1568 2384 1637 2448 in
1663 2382 2005 2459 Sanco-ium,
2052 2404 2178 2465 quo
2223 2381 2440 2447 iubea-

504 2486 619 2534 tur
661 2469 936 2553 Morgiis
979 2490 1239 2534 causam
1283 2468 1496 2535 dicere
1547 2490 1666 2552 per
1718 2490 1788 2534 se
1843 2470 2055 2555 ipsum
2102 2467 2284 2533 nullo
2328 2468 2442 2532 ad-

509 2555 706 2620 misso
751 2564 1180 2637 procuratore.
1263 2554 1491 2638 Neque
1535 2555 1873 2639 impetrari
1917 2555 2130 2638 potuit
2172 2576 2211 2619 a
2254 2575 2442 2638 prae-

505 2638 676 2706 fecto
722 2649 797 2704 ut
852 2640 976 2705 sibi
1033 2653 1515 2724 procuratorem
1574 2641 2016 2718 substitueret,
2077 2661 2281 2723 quum
2327 2662 2443 2724 per

503 2727 806 2791 morbum
863 2727 980 2791 vix
1038 2728 1331 2792 membra
1387 2728 1672 2810 corporis
1728 2748 1992 2792 movere
2048 2727 2273 2811 possit.
2361 2725 2442 2790 Id

504 2809 924 2898 obtin[zaerat]
984 2813 1270 2895 primum
1314 2834 1353 2877 a
1396 2812 1752 2896 praefecto:
1813 2812 1925 2877 sed
1981 2812 2112 2877 iam
2170 2811 2293 2877 hoc
2347 2811 2443 2875 illi

504 2906 783 2985 negatur
845 2909 1236 2981 vocaturque
1312 2897 1526 2962 denuo
1603 2899 1800 2964 minis
1865 2896 2133 2975 additis,
2213 2896 2444 2980 quibus

503 2984 795 3048 minatur
877 2982 1196 3048 raefectus
1239 3006 1308 3047 se
1350 2984 1673 3048 facturum
1708 2983 1878 3067 quod
1914 2984 2110 3049 habet
2152 2983 2222 3047 in
2257 3004 2445 3047 man-

506 3067 674 3134 datis
695 3088 734 3133 a
755 3068 1175 3152 principibus,
1223 3079 1295 3134 ut
1335 3068 1580 3134 scilicet
1614 3089 1689 3133 eo
1726 3066 2090 3134 advehatur
2125 3069 2181 3135 si
2217 3069 2444 3135 venire

505 3154 670 3219 nolit
712 3163 827 3218 aut
868 3175 1007 3218 non
1047 3155 1279 3240 possit,
1324 3161 1400 3217 ut
1441 3154 1664 3218 fertur.
1751 3153 1964 3219 Audio
2006 3154 2128 3220 hoc
2172 3154 2443 3220 manda-

505 3246 649 3303 tum
693 3239 1112 3322 impetratum
1156 3264 1195 3304 a
1239 3245 1472 3304 senatu
1517 3238 1828 3305 adversus
1872 3240 2079 3318 illum,
2129 3261 2330 3323 quum
2377 3241 2443 3306 in

506 3345 582 3389 eo
616 3324 900 3407 quinque
936 3323 1257 3389 duntaxat
1300 3335 1518 3390 essent
1563 3335 1895 3391 senatores
1939 3375 2224 3391 ......
2270 3337 2445 3392 certe

506 3412 783 3494 exiguus
849 3427 1218 3476 senatorum
1275 3432 1623 3490 numeruS,
1692 3409 1884 3495 idque
1949 3431 2209 3476 causam
2274 3411 2444 3479 hanc

505 3503 740 3586 agente
794 3494 1115 3578 praefecto
1172 3496 1284 3580 qui
1341 3496 1551 3562 noluit
1597 3496 1961 3580 Sylvestrem
2007 3495 2254 3563 Sonerii
2297 3519 2444 3584 pro-

507 3589 869 3647 curatorem
914 3582 1246 3648 remittere
1290 3582 1575 3648 Bernam
1622 3604 1825 3668 quum
1878 3582 1947 3647 id
1990 3593 2267 3670 peteret:
2328 3583 2442 3650 sed

506 3666 677 3732 dixit
733 3689 802 3732 se
863 3668 1225 3752 praefectus
1279 3689 1354 3733 eo
1418 3669 1665 3733 iturum
1723 3690 1797 3736 ac
1862 3689 2123 3734 causam
2186 3669 2443 3735 senatui

506 3751 1155 3819 communicaturum.
1245 3751 1395 3835 Qua
1436 3752 1566 3818 fide
1623 3754 1689 3818 id
1744 3755 1973 3820 fecerit
2013 3776 2119 3819 res
2161 3755 2306 3837 ipsa
2347 3755 2442 3820 lo-

549 3839 746 3906 uitur.
836 3836 1252 3922 Significabis
1294 3841 1506 3922 primo
1548 3860 1802 3923 quoque
1845 3842 2084 3906 nuncio
2125 3841 2279 3923 quid
2323 3863 2440 3906 no—

551 3922 611 3987 is
651 3931 840 4006 putes
880 3924 950 3994 in
985 3924 1110 4014 hac
1151 3945 1344 4002 causa
1386 3925 1712 4009 agendum
1746 3947 1906 4006 esse,
1951 3947 2118 4010 quae
2151 3928 2441 3992 omnium

506 4007 772 4157 guidem
815 4010 1179 4074 communis
1212 4020 1348 4082 est.
1404 4018 1725 4093 quatenus
1768 4032 1927 4078 sana
1969 4011 2267 4078 doctrina
2307 4023 2440 4077 tra-

554 4094 767 4159 ucitur
823 4103 890 4158 et
942 4092 1358 4182 infam[atur]
1407 4118 1444 4161 a
1488 4096 1776 4163 Satanae
1833 4098 2151 4163 ministris
2210 4107 2276 4162 et
2319 4098 2443 4162 mi-

506 4179 855 4245 nisterium
897 4178 1205 4246 ecclesiae
1248 4183 1539 4247 omnium
1581 4183 1838 4265 probris
1882 4184 2200 4250 obiicitur.
2271 4182 2443 4248 Vide

507 4266 703 4331 etiam
757 4265 916 4348 quid
971 4275 1191 4331 vestra
1245 4267 1500 4332 intersit
1558 4291 1757 4350 quum
1814 4270 2201 4335 nominatim
2245 4292 2284 4334 a
2327 4291 2441 4334 ne-

507 4349 748 4417 bulone
787 4350 903 4414 illo
946 4350 1039 4415 ita
1080 4349 1460 4419 traducaris.

678 4436 875 4502 Mitto
931 4436 1012 4501 ad
1069 4446 1134 4502 te
1193 4440 1524 4522 exemplar
1576 4439 1996 4505 articulorum
2048 4461 2209 4524 quos
2255 4440 2441 4505 Zebe-

507 4522 704 4589 dacus
745 4529 813 4587 et
832 4522 1116 4606 Anyelus
1147 4521 1456 4588 dicuntur
1498 4525 1912 4609 proposuisse
1934 4527 2211 4604 Bernae,
2252 4526 2443 4609 quale

506 4608 672 4673 mihi
718 4631 758 4674 a
802 4607 1128 4674 Masaen‘o
1181 4608 1456 4680 missum
1507 4621 1622 4677 est.
1707 4609 1942 4680 Nescio
1985 4633 2024 4676 a
2080 4633 2207 4696 quo
2262 4633 2441 4679 acoe-

507 4693 695 4777 perit.
762 4693 1077 4759 Narravit
1121 4692 1238 4758 tibi
1260 4693 1737 4761 Dommartinus
1771 4696 1927 4780 quid
1963 4696 2043 4763 de
2082 4696 2206 4765 hac
2248 4717 2445 4764 causa

507 4780 815 4863 cognovit
869 4801 954 4846 ex
1010 4778 1324 4846 Beruensi
1377 4781 1905 4865 pharmacopoeo.
1991 4782 2174 4848 Nihil
2228 4782 2309 4849 de
2366 4803 2445 4849 ea

513 4862 596 4929 ad
650 4885 768 4931 nos
822 4866 1045 4930 Berua
1099 4866 1420 4949 scriptum
1474 4877 1574 4936 est
1627 4887 1710 4934 ex
1753 4888 1880 4952 quo
1934 4868 2029 4934 illi
2085 4867 2442 4935 redierunt.

510 4945 819 5017 Salutant
874 4960 938 5016 te
996 4953 1202 5018 nostri
1244 4973 1469 5018 omnes
1486 5005 1500 5030 ‚
1559 4955 1946 5019 nominatim
1990 4976 2158 5021 uxor
2199 4966 2268 5021 et
2310 4963 2446 5020 tota

2177 5248 2187 5259 ο

511 5235 769 5434 &ag-2
802 5239 1266 5378 {somma
1286 5243 1654 5369 &amr
1668 5246 1964 5374 rm
1995 5245 2448 5385 ww&

1995 462 2521 537 ammom
2564 469 2994 543 2112--2114

4353 463 4480 533 438

2532 652 2797 725 camilia
2872 650 3311 719 Gratulamur
3351 652 3540 718 vobis
3578 650 3882 734 syndicus
3924 660 3993 717 et
4031 670 4239 718 novos
4280 671 4473 717 sena*

2533 749 2708 805 tores
2747 738 3133 805 successisse
3174 759 3259 804 ex
3301 738 3505 803 animi
3546 737 3888 804 sententia.
3954 734 4280 805 Dominus
4320 735 4471 804 illos

2534 834 2603 892 et
2659 846 2775 891 vos
2836 844 3061 893 omnes
3122 830 3313 909 regat
3373 845 3493 890 suo
3556 845 3589 889 s
3634 823 3806 975 1332
3824 823 4060 974 153310
4115 821 4358 907 optimo
4400 832 4470 897 et

3503 1047 3685 1112 Tuus
3727 1045 3966 1112 Petrus
4005 1044 4297 1111 Viretus.

2534 909 2917 977 diutissime.
3003 909 3417 985 Lausannae.
3434 910 3490 988 ²)

3400 1358 3689 1366 ae—-o-d—

3409 1591 3594 1665 2113.

2924 1744 3385 1814 oALleth
3429 1744 4003 1812 RADzlwmo,
4036 1744 4083 1830 Ι)

2719 1919 3058 2019 (fontia-mat
3110 1939 3251 1983 eam
3304 1923 3359 1982 et
3412 1918 3633 1982 laudat
3679 1919 3751 1982 in
3804 1917 4011 1985 studio
4065 1914 4368 2013 evanyelii
4422 1918 4477 1978 et

2534 2004 3303 2175 &mhefm
3354 2005 3751 2085 hortaturque
3801 2008 3870 2066 at
3916 2001 4143 2084 Reyem
4187 2002 4273 2067 ad
4313 2000 4479 2065 ulem

2546 2264 2654 2331 (Ex
2689 2263 2941 2316 thesauro
2977 2262 3187 2315 Bezano
3223 2262 3304 2313 ed.
3340 2261 3542 2314 Genev.
3580 2277 3631 2328 p.
3674 2257 3787 2325 160,
3824 2260 3981 2313 Laus.
4021 2276 4076 2329 p.
4111 2256 4232 2326 338,
4266 2257 4478 2311 Hanov.

2546 2351 2600 2401 p.
2651 2330 2768 2397 378,
2820 2331 3029 2386 Ohouet
3074 2348 3125 2399 p.
3170 2329 3289 2395 216,
3347 2331 3521 2382 Amst.
3570 2345 3622 2396 p.
3660 2326 3742 2381 99.
3815 2328 4021 2381 Gallica
4073 2328 4246 2380 versio
4298 2327 4476 2379 Berol.

3009 2416 3061 2468 p.
3099 2397 3217 2467 192,
3253 2398 3462 2468 anglica
3498 2397 3705 2450 Philad.
3744 2395 3837 2449 111.
3880 2394 4018 2463 133.)

2547 2571 2999 2636 Illustrissimo
3021 2568 3334 2651 Principi,
3380 2568 3463 2633 D.
3511 2568 3775 2632 Nicolao
3812 2565 4149 2644 Radziwil,
4194 2564 4367 2631 Duci
4408 2564 4479 2628 in

2548 2656 2753 2723 Olika
2787 2667 2853 2721 et
2885 2656 3166 2734 Niessin,
3211 2655 3513 2720 Palatino
3549 2653 3872 2729 Vilnensi,
3920 2653 4148 2736 Magni
4186 2652 4482 2717 Ducat-us

2545 2743 2948 2809 Lithuaniae
2991 2762 3299 2825 supremo
3344 2739 3723 2816 Marscalco,
3770 2747 3836 2802 et
3871 2737 4480 2816 Archicancellario,

2976 2828 3258 2892 Domino
3301 2826 3595 2910 apprime
3639 2824 4058 2891 observande.

2719 2981 2910 3064 Quod
2955 2989 3050 3059 te,
3117 2980 3567 3045 Illustrissime
3625 2980 3973 3061 Princeps,
4040 2979 4108 3043 in
4162 2979 4287 3043 hoc
4346 2986 4482 3042 tam

2547 3069 2802 3136 excelso
2859 3068 3122 3133 honoris
3190 3066 3396 3152 gradu
3461 3067 3741 3150 positum
3801 3064 3993 3130 homo
4057 3062 4357 3150 ignobilis
4415 3070 4483 3127 et

2546 3155 2791 3221 nullius
2833 3155 2968 3220 fere
3021 3156 3091 3218 in
3133 3152 3379 3218 mundo
3431 3153 3623 3237 pretii
3681 3151 3889 3217 literis
3939 3152 4101 3215 meis
4144 3149 4480 3233 compello,

2548 3241 2846 3324 quamvis
2890 3238 3199 3305 audacter
3240 3238 3309 3303 id
3354 3260 3393 3304 a
3436 3260 3539 3304 me
3584 3239 3722 3303 fieri
3767 3259 3900 3302 non
3937 3237 4251 3321 ignorem,
4311 3236 4481 3318 quod

2546 3336 2768 3392 tamen
2825 3325 2988 3390 mihi
3042 3345 3159 3409 per
3214 3333 3279 3390 te
3342 3324 3539 3390 licere
3597 3345 3730 3388 non
3796 3325 4207 3388 humanitate
4270 3322 4483 3387 solum

2548 3419 2681 3490 tua,
2738 3411 2851 3477 sed
2891 3412 3180 3476 maxime
3222 3411 3463 3494 pietate
3505 3410 3711 3475 fretus
3753 3408 4039 3487 confido,
4097 3408 4292 3493 longo
4337 3428 4483 3472 ver-

2546 3498 2777 3564 borum
2818 3497 3091 3563 circuitu
3136 3517 3269 3561 non
3314 3503 3532 3578 petam
3576 3503 3649 3560 ut
3691 3495 3855 3560 mihi
3898 3494 4229 3561 concedas.
4308 3493 4481 3558 Nam

2548 3593 2624 3650 ut
2665 3584 2941 3650 obscura
2983 3584 3069 3649 sit
3113 3604 3257 3648 mea
3299 3581 3601 3659 conditio,
3658 3581 3808 3664 quia
3862 3589 4087 3645 tamen
4128 3600 4333 3645 unum
4376 3599 4481 3643 me

2547 3670 2844 3754 agnoscis
2903 3691 2987 3733 ex
3030 3668 3278 3735 Christi
3333 3669 3558 3746 servis,
3624 3688 3740 3749 pro
3798 3674 3915 3731 tua
3968 3667 4039 3731 in
4095 3667 4482 3750 magistrum

2546 3757 2763 3838 ipsum
2807 3756 3173 3820 reverentia
3214 3752 3461 3838 patebit
3505 3754 3738 3837 aliquis
3779 3752 3965 3831 mihi,
4020 3758 4096 3817 ut
4138 3773 4342 3834 spero,
4399 3748 4482 3815 ad

2548 3853 2725 3906 tuam
2785 3840 3299 3924 Amplitudinem
3360 3860 3672 3906 accessus.
3773 3838 3916 3904 Iam
3974 3858 4132 3904 vero
4189 3836 4480 3903 studium

2544 3948 2767 3994 meum
2819 3925 2988 4009 quod
3044 3927 3289 3993 sanctis
3346 3926 3474 3991 tuis
3529 3925 3698 3990 votis
3752 3924 4077 3990 consentit
4119 3925 4209 3989 sic
4250 3923 4480 4008 proba-

2546 4021 2687 4080 tum
2730 4013 2814 4076 iri
2858 4011 3137 4088 confido,
3201 4023 3272 4077 ut
3328 4013 3467 4077 sine
3522 4011 3650 4076 alia
3706 4008 4267 4076 commendatione
4322 4007 4480 4074 satis

2544 4098 2705 4163 mihi
2752 4098 2921 4183 apud
2967 4107 3034 4162 te
3068 4099 3316 4183 gratiae
3351 4097 3666 4164 conciliet.
3734 4096 3958 4178 Quum
3979 4095 4215 4179 ubique
4251 4096 4479 4160 floreco

2544 4185 2805 4267 cupiam
2855 4204 3132 4268 regnum
3192 4184 3475 4262 Christi,
3542 4203 3716 4249 nunc
3772 4191 3992 4247 tamen
4051 4201 4159 4247 me
4216 4180 4481 4245 Polonia

2545 4269 2777 4336 merito
2833 4270 3113 4352 quadam
3163 4269 3474 4353 peculiari
3532 4288 3688 4335 cura
3746 4267 4066 4333 sollicitat.
4166 4266 4336 4332 Nam
4396 4286 4481 4331 ex

2749 4558 2809 4627 2)
2847 4558 2988 4615 Dies
3039 4576 3149 4615 non
3194 4560 3508 4627 ati-§cremas
3554 4565 3647 4613 est.
3728 4558 3854 4613 Nos
3902 4558 3979 4612 ad
4017 4559 4095 4613 10.
4142 4555 4479 4624 referendas·

2541 4633 2818 4697 putamus,
2893 4637 3074 4698 repta·
3107 4645 3172 4683 ea
3196 4645 3343 4751 guae
3378 4628 3444 4681 de
3476 4627 3746 4682 Articulis
3791 4626 4054 4682 Zebedaei
4093 4626 4261 4697 deque
4307 4625 4477 4681 Don-

2546 4698 2781 4750 martino
2856 4698 3091 4751 icantur.
3162 4699 3185 4762 (
3257 4732 3270 4757 ,
3301 4694 3455 4751 2108.
3490 4695 3663 4759 2111).

2547 4763 2720 4821 aua.
2745 4765 2805 4831 1)
2844 4765 3110 4821 Nicotaus
3128 4766 3169 4821 I
3180 4765 3233 4821 V.
3257 4766 3567 4835 coqnoenine
3584 4763 3777 4831 Myer,
3815 4763 4169 4826 eoo-sobrinus
4191 4762 4481 4817 Barbarae

2551 4834 2815 4890 Raaemz
2848 4836 3115 4890 secandae
3148 4838 3343 4890 axoris
3374 4837 3521 4901 regis
3552 4832 3892 4901 Siqismundi
3907 4831 4161 4901 Augusti,
4195 4833 4478 4886 conciona-

2546 4904 2754 4959 tor-‘bus
2796 4919 2863 4958 es
2910 4904 3146 4958 Palania
3189 4910 3241 4959 et
3273 4903 3547 4958 Bor-assia
3580 4904 3856 4958 accersitis
3903 4900 4097 4955 Vanae
4132 4903 4195 4954 in
4228 4901 4348 4954 suis
4389 4913 4479 4952 ae-

2546 4971 2709 5028 dibus
2742 4974 3073 5042 evanqelium
3115 4972 3435 5042 prae-dicari
3483 4972 3645 5026 iussit
3693 4977 3742 5025 et
3787 4971 3849 5023 in
3889 4970 4119 5039 praedia
4162 4984 4269 5023 suo
4303 4969 4479 5023 vicino

2548 5040 2791 5096 Luhislet'
2831 5043 3107 5097 ecclesiam
3152 5057 3231 5096 ev.
3275 5040 3534 5097 condidit.
3630 5039 3944 5107 Sumptzbus
4006 5039 4125 5094 suis
4180 5037 4371 5092 Bs‘bb'a
4418 5038 4481 5091 ia

2548 5110 2791 5179 usqemun
2820 5111 3127 5178 polonicam
3161 5124 3320 5163 versa
3352 5111 3501 5178 typis
3533 5109 3815 5163 mandavit
3848 5106 4015 5174 (Lab.
4043 5123 4102 5176 p.
4130 5105 4244 5170 33).
4289 5104 4481 5161 Etiam

2548 5181 2667 5233 eius
2699 5196 2840 5234 uxor
2870 5179 3097 5244 firmiter
3142 5178 3320 5232 saeris
3352 5194 3430 5232 ev.
3482 5177 3825 5232 adhaerebat.
3919 5175 4065 5232 Obiit
4108 5190 4160 5229 a.
4204 5172 4341 5229 1565
4381 5180 4483 5230 ma

2552 5246 2701 5303 1567.
2773 5247 2917 5302 Fica·
2950 5249 3069 5302 eius
3113 5254 3350 5317 quam
3383 5245 3461 5300 ad
3614 5246 3783 5316 tifics‘a
3826 5260 3991 5301 sacra
4033 5244 4208 5299 denuo
4253 5258 4309 5298 se
4354 5259 4480 5299 coa·

2548 5315 3148 5440 225..“““¹.·1.33⁹⁰.{23:;
3174 5315 3329 5455 330¹?
3361 5313 3631 5439 :ia-2¹¹·
3666 5313 3815 5377 ⁵⁹⁰³
3890 5314 4038 5369 Μ
4085 5312 4318 5369 Nm
4358 5310 4488 5368 ⁰⁰³·
