4850 6200
471 417 600 484 891

477 621 643 668 vera
695 601 812 668 reli
866 600 1010 668 ‘one
1062 608 1520 687 permaneant,
1566 620 1780 684 neque
1836 600 2043 668 socios
2097 599 2432 685 religionis

479 686 568 754 ad
610 686 1034 755 desectionem
1078 687 1231 755 fidei
1274 684 1613 754 sollicitari
1668 686 2054 766 sustineant,
2113 705 2431 768 orareque

481 784 562 840 ut
604 773 698 839 sic
739 784 1044 858 pergant:
1102 795 1174 840 se
1215 774 1391 839 enim
1435 785 1502 839 et
1543 772 1885 838 facultates
1929 782 1994 838 et
2039 772 2428 857 sanguinem

471 868 554 925 -81
592 860 799 925 vitam
840 868 1073 943 sponte
1107 870 1173 925 et
1211 858 1570 926 liberaliter
1611 856 2036 942 deposituros,
2074 858 2130 922 si
2177 857 2325 941 quis
2363 856 2433 922 vi

484 943 649 1011 velit
703 943 787 1011 ad
839 944 1065 1029 iniqua
1119 956 1188 1011 et
1252 966 1400 1011 cum
1469 964 1633 1010 vera
1685 943 1999 1029 religione
2066 942 2435 1028 pugnantia

479 1028 763 1116 adigere.
822 1030 1087 1097 Interea
1129 1028 1371 1097 adsunt
1412 1028 1543 1095 duo
1587 1029 1786 1114 legat-i
1828 1050 1870 1095 a
1903 1028 2432 1095 Locarneusibus

481 1117 684 1197 missi,
729 1115 952 1182 doctor
992 1116 1254 1200 quidam
1298 1115 1618 1192 medicus,
1673 1124 1741 1181 et
1793 1115 2030 1181 nobilis
2072 1115 2429 1199 quidam.⁴)

481 1202 811 1268 Referunt
853 1203 918 1268 in
963 1213 1195 1269 senatu
1241 1200 1513 1268 Calend.
1556 1200 1699 1267 Ian.
1744 1210 2130 1267 convocatos
2171 1201 2242 1265 in
2287 1219 2431 1267 coe·

477 1294 626 1353 tum
647 1286 890 1365 fideles,
922 1297 989 1353 et
1023 1288 1125 1353 his
1147 1310 1230 1354 ex
1253 1287 1480 1353 charta
1500 1288 1772 1354 recitata
1815 1307 1959 1352 esse
1994 1287 2428 1370 sequestrium

483 1374 700 1458 capita
716 1425 730 1450 ,
801 1371 1087 1439 additam
1156 1373 1431 1441 amicam
1496 1372 2018 1439 adhortationem
2083 1394 2124 1438 a
2185 1371 2431 1439 locum-

485 1468 751 1526 tenente
795 1470 978 1536 (nam
1037 1459 1403 1543 praefectus
1461 1468 1684 1525 noster
1738 1459 1956 1525 iussus
2013 1467 2113 1525 est
2166 1479 2237 1524 se
2295 1476 2427 1522 non

479 1544 847 1612 immiscere
891 1545 1046 1611 huic
1088 1545 1382 1629 negotio)
1437 1556 1504 1609 et
1557 1542 1787 1622 scriba,
1843 1554 1920 1611 ut
1970 1544 2041 1610 iu
2085 1544 2265 1610 viam
2325 1563 2428 1609 re-

486 1629 703 1696 deant.
733 1634 787 1713 Ι’)
845 1630 1215 1697 Iudicatum
1261 1642 1600 1715 praeterea
1621 1630 1867 1716 legatos
1888 1630 2072 1696 brevi
2117 1639 2428 1696 venturos

483 1717 595 1867 {32⁰³
653 1725 864 1781 totum
920 1715 1262 1782 absolvant
1318 1717 1668 1798 negotium.
1769 1715 2118 1783 Caeterum
2175 1724 2428 1799 patres-

551 1801 766 1867 milias
827 1802 1083 1868 circiter
1136 1804 1219 1867 80
1276 1800 1636 1868 destinasse
1699 1802 1909 1869 solum
1975 1812 2229 1868 vertere
2294 1822 2429 1866 una

487 1908 638 1953 cum
683 1886 820 1953 suis
863 1887 1143 1964 familiis,
1180 1887 1306 1953 uisi
1352 1887 1774 1953 clementiora
1807 1887 2133 1954 audierint
2166 1908 2207 1952 a
2249 1887 2426 1972 lega-

483 1972 571 2038 tis
614 1972 910 2039 venturis
952 1992 993 2036 a
1037 1977 1072 2036 7
1119 1973 1593 2058 rebuspublicis
1637 1973 1745 2040 vel
1785 1973 2108 2051 undecim,
2152 1972 2426 2056 ideoque

483 2060 660 2143 ipsos
703 2058 836 2123 iam
881 2058 1113 2124 missos
1155 2058 1404 2144 legatos
1462 2058 1770 2143 parandis
1828 2059 2141 2143 hospitiis.
2245 2058 2425 2140 Quo·

485 2144 665 2210 niam
720 2165 875 2210 vero
928 2143 1449 2210 commodissima
1501 2145 1671 2210 foret
1734 2145 2167 2230 migrantibus
2211 2144 2424 2210 Vallis

483 2229 736 2296 'I'ellina
809 2230 1087 2296 Rhaetis
1175 2231 1502 2308 subiecta,
1591 2231 1865 2297 orabant
1948 2231 2419 2313 amplissimum

481 2325 800 2395 senatum,
846 2315 1068 2381 literas
1120 2314 1202 2379 ad
1247 2316 1538 2382 Rhaetos
1582 2316 1915 2393 scriberet,
1973 2316 2206 2399 quibus
2261 2316 2421 2400 ipsis

479 2410 734 2485 peteret
789 2401 1158 2484 hospitium.
1185 2404 1238 2481 ⁶)
1352 2399 1635 2468 Senatus
1695 2402 1818 2468 hac
1866 2399 2299 2487 postulatione
2356 2411 2423 2468 et

477 2486 880 2571 expositione
910 2507 1174 2569 prorsus
1196 2497 1575 2567 commotus,
1619 2488 1988 2553 consolatus
2010 2497 2111 2555 est
2153 2488 2421 2572 legatos,

477 2573 859 2656 aperuitque
904 2571 1128 2638 urbem
1175 2581 1242 2637 ct
1284 2594 1516 2658 agrum
1552 2594 1744 2639 suum
1788 2575 2188 2659 migraturis.
2249 2573 2424 2655 Quia

477 2678 635 2724 vero
674 2657 773 2722 illi
812 2678 881 2723 se
938 2658 1288 2724 Rhaetiam
1347 2659 1627 2727 incolere
1685 2658 1882 2725 malle
1942 2659 2420 2743 significabant,

476 2753 545 2809 et
586 2743 731 2809 ideo
774 2743 1000 2810 literas
1039 2743 1122 2809 ad
1160 2744 1452 2812 Rhaetos
1510 2745 2075 2811 commendatitias
2133 2746 2421 2829 postula-

476 2829 666 2906 bant,
734 2850 839 2894 am
889 2829 1173 2895 lissimus
1236 2840 1499 2896 senatus
1565 2829 1724 2897 duos
1794 2831 1926 2897 illis
1980 2831 2286 2897 adiunxit
2335 2853 2421 2898 ex

476 2929 708 2982 senatu
794 2935 972 2980 viros
1053 2916 1401 2980 autoritate
1488 2926 1555 2981 et
1631 2916 1814 2983 senio
1895 2916 2289 2984 reverendos
2354 2924 2423 2983 et

474 3000 754 3083 Rhaetis
805 3002 1196 3084 acceptoa.⁷)
1299 2999 1394 3065 Hi
1449 3021 1585 3066 una
1646 3023 1794 3068 cum
1855 3001 2091 3084 legatis
2146 3002 2420 3069 Curiam

474 3086 743 3238 ffiofecti
788 3098 958 3164 sunt,
1004 3086 1295 3170 paraturi
1340 3085 1641 3155 fidelibus
1698 3087 1994 3171 hospitia.
2092 3088 2421 3156 Dominus

560 3192 644 3238 ne
687 3181 921 3237 vertat.
1021 3172 1165 3255 Ego
1209 3181 1348 3237 toto
1391 3172 1515 3239 hoc
1558 3194 1730 3240 anno
1788 3175 1868 3240 de
1912 3173 2212 3241 omnibus
2254 3195 2420 3259 quae

474 3257 648 3324 facta
705 3265 876 3334 suut,
935 3254 1159 3323 fideles
1203 3257 1654 3325 Locarnenses
1712 3260 2157 3344 frequentibus
2212 3261 2421 3327 literis

477 3341 826 3428 diligenter
881 3341 1205 3422 admonui,
1272 3354 1339 3409 et
1400 3344 1616 3411 adhuc
1671 3345 1984 3412 consolari
2044 3367 2175 3411 non
2220 3367 2416 3414 cesso,

475 3425 806 3494 Dominus
827 3426 999 3494 adsit
1040 3428 1171 3496 illis
1214 3439 1282 3494 et
1325 3428 1584 3496 roboret
1604 3432 1838 3515 spiritu
1883 3453 2021 3513 suo,
2065 3452 2419 3517 eorumque

473 3514 882 3581 misereatur.

646 3599 960 3685 Angliam
1003 3602 1326 3685 recepisse
1369 3621 1606 3686 papam
1629 3609 1696 3669 et
1737 3615 2046 3688 papatum
2091 3626 2223 3672 808
2268 3624 2417 3670 nes·

474 3687 588 3752 cis.
677 3686 855 3755 Usus
902 3697 1003 3752 est
1060 3685 1358 3753 diabolus
1400 3688 1471 3752 in
1515 3687 1631 3754 illa
1677 3688 2123 3774 recuperanda
2166 3690 2419 3757 duobus

475 3771 736 3840 eximiis
777 3771 1072 3856 organis:
1117 3774 1189 3838 in
1225 3793 1431 3858 regno
1473 3772 1753 3858 quidem,
1815 3776 2205 3843 Vintonienei
2247 3776 2418 3860 epis-

473 3877 654 3941 copo,
681 3861 731 3934 ο)
773 3865 962 3924 extra
982 3879 1281 3943 regnum,
1326 3858 1695 3944 Reginaldo
1731 3861 1882 3928 Polo
1920 3861 2257 3940 cardinali,
2304 3862 2420 3946 qui

473 3943 610 4008 iam
652 3954 719 4008 et
762 3944 1003 4026 primas
1026 3945 1214 4028 regni
1258 3955 1326 4009 et
1359 3944 1883 4031 archiepiscopus
1918 3946 2417 4014 Cantuariensis

475 4037 733 4095 creatus
775 4037 893 4095 est.
996 4030 1323 4114 Receptus
1372 4041 1470 4097 est
1525 4032 1777 4099 solenni
1834 4053 2073 4118 pompa
2129 4032 2418 4100 Londini

678 4302 735 4368 4)
777 4301 1028 4357 Medic-u
1057 4302 1170 4367 fuit
1217 4301 1544 4358 madum
1577 4303 1768 4371 Dauo,
1818 4306 2044 4361 011800·οω
2077 4323 2271 4361 amaea
2304 4322 2418 4362 00000

473 4377 748 4428 maana
782 4378 860 4426 881
915 4370 1152 4441 (Meyer.
1201 4370 1243 4424 1.
1290 4370 1436 4438 429).
1520 4372 1836 4440 Adfaeramt
1887 4377 1950 4428 ia
1994 4382 2188 4430 senata
2319 4378 2327 4389 '
2366 4377 2418 4430 0'0

477 4440 618 4497 101008
665 4439 792 4523 Ian!-
841 4456 947 4510 qao
979 4439 1070 4521 0108
1111 4440 1131 4493 1
1193 4441 1278 4522 att·
1321 4441 1688 4521 &elvetiorum
1737 4442 2052 4498 Locamun
2086 4460 2161 4514 ap

471 4511 798 4580 8000098108οι
830 4507 1082 4563 8800100080
1116 4523 1145 4563 8
1183 4514 1364 4563 setun.

680 4576 740 4642 ὗ)
779 4578 1171 4635 Lae-munem
1204 4583 1323 4632 erat
1360 4577 1525 4645 Rape.
1565 4578 1753 4634 Brido
1787 4580 1874 4633 vir
1918 4585 2093 4636 aetate
2133 4587 2417 4648 provocate

473 4653 526 4704 81
557 4648 795 4703 mitioris
815 4647 956 4702 88118
988 4647 1233 4728 indolis..
1259 4646 1479 4728 (Meyer
1515 4645 1659 4728 191).
1709 4647 2033 4716 Praefectus
2063 4656 2185 4704 erat
2202 4650 2416 4705 1888108

477 4715 772 4783 Eunomia,
819 4723 1041 4771 88000100·
1328 4730 1422 4782 m,
1465 4717 1566 4782 qui
1607 4732 1719 4770 00000
1763 4716 2079 4771 Locarnam
2122 4718 2418 4789 reliquerat

472 4802 507 4840 0
528 4787 739 4856 coucy&
773 4786 1160 4840 instructiones
1192 4785 1301 4839 eibi
1332 4799 1399 4838 0ae

475 4923 518 4975 Γ
673 4853 1057 4978 611108ὣο3πο
1092 4852 1403 4936 adversari·
1415 4852 1700 4977 e{Hesperiis-32
1715 4855 2037 4975 ἀσιῳιοῠακτ,
2080 4872 2148 4938 308
2189 4872 2413 4941 8080098-

470 4937 698 5047 'm
735 4939 955 5062 ww
986 4927 1322 5058 1800302τὸ00188
1357 4938 1413 4977 ec
1490 4936 1608 4976 8008
1653 4938 1712 4976 000
1755 4940 1781 4975 8
1825 4938 1996 4979 nouas
2043 4940 2187 4980 mres
2231 4942 2415 4998 0089000·

679 5057 734 5142 ’1)
771 5060 857 5115 10.
892 5060 1181 5126 3011108010,
1215 5060 1621 5115 emam-arian
1655 5066 1706 5115 81
1741 5059 1911 5116 Rem.
1950 5061 2015 5118 018
2055 5062 2224 5120 0100000
2255 5081 2414 5135 prae·

465 5128 665 5196 fecium
703 5144 762 5183 000
809 5128 954 5184 Wad
1198 5129 1220 5182 1
1252 5129 1351 5195 (M
1505 5127 1655 5194 429).

554 5267 565 5280 .
678 5194 740 5279 8)
777 5193 954 5279 8181310
1015 5198 1297 5281 Gar-incr
1435 5200 1512 5253 ’008
1570 5199 1796 5268 spurcas
1857 5199 2096 5258 1310008110·
2165 5199 2416 5286 17008001

465 5281 697 5403 (Qatnu
727 5333 780 5389 11
829 5268 959 5402 2943
995 5266 1454 5393 Ροιεωωηεῖιᾷἶω
1666 5283 1850 5338 '‘W‘'
1911 5269 2160 5338 tamam
2221 5271 2413 5341 “mm

1503 4785 1514 4797 ⁶
1535 4799 1684 4850 urus,
1722 4791 1850 4839 ante

1995 408 2522 479 EPISTOLAE
2562 411 2979 476 2090-2091

2011 4786 2413 4844 ‘advocas-etur.
2524 4812 2539 4816 -
2642 4812 2657 4818 -

4348 409 4472 473 392

2532 598 2617 665 ad
2660 596 2733 664 S.
2778 597 3055 664 Crucem
3098 598 3170 663 in
3225 597 3384 664 8888
3426 598 3728 666 Paulina.
3748 598 3802 684 ⁹)
3919 597 4350 663 Proiecerunt
4401 617 4473 664 se

2531 682 2614 750 ad
2671 685 2813 750 eius
2870 682 3068 768 pedes
3113 694 3453 769 magnates
3508 692 3579 751 et
3644 682 4114 751 absolutionem
4167 681 4475 749 benedic-

2532 771 2902 854 tionemque
2943 770 3361 854 apostolicam
3385 769 3710 855 supplices
3742 769 4164 854 postularunt
4184 789 4224 833 a
4244 768 4472 848 bestia,

2532 857 2919 922 confitentes
2996 876 3068 922 se
3153 861 3228 920 15
3297 858 3488 922 annis
3566 877 3606 922 a
3683 854 4002 923 catholica
4077 873 4473 938 romanaque

2533 941 2805 1008 ecclesia
2862 940 3178 1009 abscissos
3243 963 3363 1026 per
3417 950 3690 1026 vepreta
3751 941 4231 1008 haereticorum
4284 941 4472 1007 aber·

2534 1026 2803 1094 ravisse.
2924 1026 3308 1094 Orationem
3380 1027 3613 1095 habuit
3688 1029 3759 1093 in
3834 1047 4024 1094 caeco
4100 1026 4216 1091 illo
4284 1036 4473 1092 coetu

2549 1113 3001 1192 VintoniensiS,
3066 1116 3181 1197 qui
3261 1124 3329 1179 et
3395 1115 3605 1196 ipsam
3684 1115 4020 1179 revocavit
4092 1113 4473 1188 oraticnem,

2575 1219 2728 1264 uam
2772 1200 2926 1265 olim
2970 1199 3090 1266 sub
3133 1220 3289 1285 rege
3332 1198 3688 1285 Hem-ycho
3729 1197 3810 1265 de
3847 1197 4217 1264 obedientia
4249 1196 4471 1263 edidit.

2532 1219 2900 1352 gardinalis
2941 1306 3140 1369 quum
3197 1287 3487 1352 venisset
3539 1286 3623 1351 ad
3675 1286 3972 1371 reginam
4015 1282 4307 1351 Mariam
4359 1282 4473 1349 de-

2532 1371 3040 1454 stituereturque
3093 1371 3421 1438 salutandi
3477 1371 3757 1437 formula
3821 1381 4005 1435 tanta
4064 1371 4474 1454 reparatione

2531 1456 2765 1541 digna,
2824 1456 3070 1541 placuit
3124 1458 3224 1523 uti
3283 1457 3501 1524 verbis
3569 1458 3815 1524 archan
3900 1455 3979 1533 li,
4052 1458 4197 1523 Ave
4254 1456 4474 1522 Maria

2529 1543 2743 1626 gratia
2762 1542 2972 1626 plena,
3018 1543 3343 1609 Dominus
3378 1558 3594 1610 tecum
3618 1553 3739 1609 810.
3885 1562 4110 1609 080088
4130 1542 4474 1608 hominum

2531 1638 2813 1706 mentes,
2869 1650 2908 1694 o
2966 1639 3233 1712 pectora
3287 1630 3506 1696 caeca!
3610 1628 3805 1706 Veni,
3863 1629 4015 1694 veni
4063 1629 4147 1694 D.
4192 1628 4347 1694 Iesu
4402 1636 4472 1693 et

2528 1711 2790 1778 vindica
2830 1715 3288 1781 contumeliam
3330 1726 3514 1781 tuam
3568 1725 3635 1782 et
3674 1734 3891 1781 assere
3945 1714 4217 1798 gloriam
4266 1725 4467 1780 tuam.

2527 1798 2799 1866 Fratres
2850 1802 3058 1867 nostri
3112 1802 3392 1885 episcopi
3435 1811 3504 1868 et
3545 1801 3794 1867 nobiles
3829 1798 4044 1866 adhuc
4082 1802 4469 1866 incarcerati

2528 1894 2869 1963 tenentur,
2936 1886 3118 1953 brevi
3195 1886 3365 1952 forte
3450 1887 3751 1953 tradendi
3832 1886 4070 1953 iudicio
4147 1886 4470 1971 spirituali

2528 1970 2697 2054 quod
2764 1971 2895 2037 iam
2960 1983 3330 2056 reparatur,
3389 1993 3544 2038 mox
3610 1972 3874 2038 brachio
3935 1971 4275 2038 saeculari.
4384 1972 4470 2037 18

2527 2056 2794 2122 vincula
2845 2058 3282 2124 coniiciuntur
3338 2058 3623 2142 quotidie
3678 2060 4025 2124 innumeri.
4128 2056 4473 2124 Inhibetur

2527 2142 2649 2207 sub
2691 2162 2903 2226 poena
2960 2145 3191 2228 capitis
3252 2166 3337 2211 ne
3394 2145 3499 2211 cui
3550 2145 3765 2211 exsuli
3817 2146 4070 2231 feratur
4126 2142 4467 2210 auxilium.

2524 2228 2741 2294 Iactat
2799 2229 3220 2296 Vintonieneis
3243 2231 3628 2297 effecturum
3651 2251 3740 2305 se,
3789 2240 3863 2295 ut
3884 2229 4143 2295 exsules
4166 2231 4469 2294 omnibus

2526 2315 2713 2381 eiecti
2758 2315 2932 2395 locis,
2979 2327 3296 2400 cogantur
3352 2316 3617 2382 tandem
3670 2317 3841 2382 fame
3893 2317 4122 2399 perire,
4180 2315 4468 2398 adeoque

2525 2401 2820 2485 proprios
2865 2422 3118 2486 ungues
3159 2402 3406 2467 rodere.
3525 2402 3660 2484 Qui
3712 2400 3888 2485 apud
3946 2422 4063 2467 nos
4119 2413 4471 2466 versantur

2524 2485 2746 2571 Angli,
2828 2488 3023 2553 valde
3116 2489 3493 2553 tristantur:
3579 2486 3694 2553 sed
3781 2487 4192 2554 consolamur
4271 2488 4468 2568 ipsos.

2526 2569 2836 2638 Orandus
2880 2584 2984 2639 est
3026 2572 3250 2640 sedulo
3293 2574 3619 2639 Dominus
3636 2625 3651 2647 ,
3711 2573 3991 2638 afflictae
4035 2593 4189 2638 suae
4232 2573 4471 2656 ubique

2525 2657 2833 2724 ecclesiae
2877 2658 3106 2724 dexter
3147 2671 3215 2724 et
3247 2660 3566 2744 propitius
3600 2659 3788 2726 adsit.

2696 2744 2984 2811 Polonus
3010 2748 3094 2823 ¹⁰)
3138 2747 3247 2829 qui
3285 2745 3477 2812 hasce
3514 2745 3633 2811 tibi
3670 2746 3797 2810 fert
3834 2744 4059 2809 literas
4098 2744 4180 2809 ad
4222 2743 4473 2828 aliquot

2524 2849 2782 2896 menses
2816 2831 2987 2914 apud
3021 2853 3140 2896 nos
3181 2832 3443 2915 paravit
3475 2832 3558 2897 D.
3583 2831 3936 2897 Francisco
3970 2829 4359 2914 Lysemanno
4385 2829 4470 2913 ¹¹)

2524 2913 2899 2999 hospitium.
2996 2917 3188 2982 Dixit
3244 2916 3433 2982 illum
3491 2917 3612 2982 tibi
3656 2938 3798 2984 esse
3841 2936 4084 2993 carum,
4143 2926 4470 2982 caeterum

2523 3021 2740 3066 aerem
2785 3002 3152 3081 adversum,
3197 3015 3273 3068 ut
3314 3003 3529 3069 locum
3573 3013 3828 3069 mutare
3884 3009 4155 3087 cogatur
4207 3009 4474 3085 propter

2524 3096 2910 3238 pergetuam
2995 3088 3341 3155 adversam
3451 3087 3910 3156 valetudinem.
4062 3087 4325 3156 Adiecit
4408 3097 4473 3152 te

2524 3193 2630 3238 mo
2676 3194 2712 3238 o
2748 3182 3046 3250 tractare,
3084 3187 3197 3239 aut
3237 3175 3418 3241 brevi
3454 3187 3905 3253 tractaturum,
3941 3175 4349 3259 quaestiones
4388 3195 4476 3240 an

2522 3259 2592 3322 in
2638 3260 2830 3325 terris
2874 3261 3079 3343 possit
3121 3259 3392 3327 ecclesia
3446 3264 3588 3347 regi
3629 3263 3774 3327 sine
3816 3260 4161 3345 temporali
4210 3258 4469 3344 capite?

2524 3364 2802 3427 quorum
2882 3346 2970 3411 sit
3032 3347 3432 3412 constituere
3509 3347 3844 3432 episcopos
3910 3359 3977 3411 et
4048 3346 4471 3412 ecclesiarum

2521 3430 2904 3497 ministros?
2995 3432 3248 3517 Regem
3295 3439 3473 3498 enim
3517 3434 3600 3499 ad
3644 3433 3805 3500 haec
3863 3432 4078 3515 capita
4133 3431 4470 3516 postulare

2520 3517 3031 3598 responsionem.
3132 3516 3335 3602 Spem
3392 3529 3731 3604 praeterea
3786 3539 3928 3585 esse
3970 3518 4223 3603 Regem
4265 3518 4470 3585 refor-

2522 3610 2854 3668 maturum
2897 3602 3079 3669 brevi
3124 3604 3480 3673 ecclesiam.
3584 3604 3659 3672 Si
3701 3625 3858 3671 vero
3901 3605 3988 3668 sit
4030 3604 4154 3670 hoc
4195 3611 4270 3669 ut
4314 3601 4469 3671 dicit

2522 3696 2590 3752 et
2624 3696 2695 3753 tu
2739 3690 3209 3773 expositionem
3251 3691 3525 3757 istarum
3570 3692 4026 3775 quaestionum
4085 3709 4295 3774 paras,
4352 3708 4469 3756 oro

2522 3784 2596 3839 ut
2651 3773 2814 3840 mihi
2870 3777 3354 3844 communicare
3416 3777 3726 3862 digneris.
3845 3774 3981 3844 Sed
4035 3777 4167 3841 iam
4218 3774 4468 3842 dudum

2521 3860 2614 3925 fui
2659 3861 2779 3926 tibi
2823 3861 3135 3929 molestus
3174 3863 3398 3947 inepta
3438 3885 3588 3929 mea
3645 3863 4046 3948 garrulitate.
4146 3861 4469 3928 Oondona

2520 3946 2645 4011 hoc
2685 3946 2869 4013 mihi.
2980 3947 3165 4014 Vale.
3268 3949 3580 4015 Salutant
3633 3958 3701 4014 te
3745 3961 3812 4016 et
3866 3959 4014 4014 tuos
4068 3957 4468 4034 symmystas

2521 4033 2729 4097 nostri
2773 4047 3178 4118 symmystae
3221 4056 3466 4101 omnes.
3556 4035 3639 4101 D.
3685 4036 3872 4101 Iesus
3907 4044 4129 4099 servet
4169 4043 4233 4099 te
4274 4034 4466 4100 nobis

2521 4116 2634 4183 diu
2673 4117 3086 4185 incolumem.
3175 4119 3423 4186 Iterum
3470 4122 3635 4202 vale,
3679 4120 3941 4187 domine
3976 4118 4354 4187 honorande
4396 4128 4467 4186 et

2520 4204 2723 4269 frater
2780 4205 2854 4269 in
2899 4204 3172 4272 Christo
3229 4207 3581 4273 carissime.
3694 4207 3945 4292 Tiguri,
4012 4210 4105 4272 18.
4165 4205 4460 4272 Ianuarii

2689 4460 2962 4529 Utinam
2986 4465 3073 4547 ¹²)
3133 4464 3239 4529 hic
3291 4463 3483 4548 plura
3546 4463 3934 4530 haberemus
4006 4474 4155 4530 tuae
4217 4465 4466 4530 Defen-

2519 4547 2721 4615 sionis
2765 4550 3183 4634 exemplaria,
3231 4559 3345 4616 aut
3380 4549 3791 4617 Froschovero
3835 4558 4057 4616 nostro
4099 4569 4249 4616 cum
4291 4551 4467 4616 bona

2518 4634 2733 4720 gratia
2789 4644 2857 4701 et
2903 4636 3320 4703 concessione
3373 4635 3458 4701 D.
3514 4635 3766 4704 Robem·
3829 4634 4053 4703 liceret
4108 4636 4289 4702 illam
4355 4636 4464 4703 hic

2728 4926 2785 4992 9)
2821 4926 2876 4981 d.
2933 4926 3016 4981 24.
3066 4927 3209 4982 Nou.
3247 4926 3491 4998 (surm,
3565 4927 3728 4980 Mem.
3786 4926 3883 4982 111.
3922 4927 3972 4981 1.
4020 4943 4077 4996 p.
4110 4925 4230 4993 323,
4277 4925 4467 4982 Wesen-

2512 5013 2572 5066 Ρ·
2607 4993 2816 5132 8Ἆέ’.1)0)
2858 5062 3151 5135 Sequentia
3184 5067 3372 5121 omnia
3407 5079 3575 5135 usque
3609 5065 3712 5121 ad.-
3759 5064 4017 5120 Oondona
4058 5063 4161 5118 hoc
4204 5063 4362 5127 mihi,
4400 5063 4468 5118 in

2517 5133 2639 5190 aad·
2674 5149 2819 5269 ”osb
2921 5140 3222 5259 'mnnita
3298 5203 3396 5273 qui
3461 5217 3639 5257 00080088
3704 5200 3916 5258 Martio
3998 5201 4250 5257 Meum
4320 5202 4471 5257 venit

2516 5272 2853 5340 (Patalam
2882 5271 3171 5342 Ballinqer
3202 5270 3347 5331 455.)

2724 5338 2818 5409 12)
2851 5339 3008 5396 Haec
3040 5356 3248 5412 quoque
3278 5341 3433 5395 Besa
3465 5341 3782 5409 00091οΥ80001.
3820 5415 3822 5418 ι
