4850 6200
295 496 389 560 257
2078 496 2238 557 1554
2277 489 2459 558 IUN.

290 681 674 765 ffierouymus
715 679 827 762 qui
872 688 1215 764 tantopere
1258 680 1499 764 scripto
1531 679 1647 746 illo
1681 676 2193 747 commendatur.

286 767 482 834 Nescio
549 786 639 831 an
692 776 761 831 et
818 764 1146 832 Fallacia-9
1196 767 1496 833 conscius
1559 765 1791 843 fuerit,
1863 767 1975 851 qui
2032 765 2195 833 alias

288 853 442 920 novit
488 851 572 917 ad
628 859 935 918 senatum
994 860 1293 918 vestrum
1343 853 1645 919 scribere.
1733 851 1887 917 Non
1929 852 2196 938 ignoras

284 946 583 1022 praeterea
624 957 786 1020 quos
830 935 1073 1004 babeas
1116 936 1431 1004 Genevae
1486 936 1709 1005 hostes
1766 949 1835 1003 et
1876 939 2195 1005 bonorum

286 1024 556 1091 omnium.
622 1022 853 1106 Neque
895 1022 1170 1089 dubium
1204 1033 1307 1090 est
1345 1024 1512 1090 mibi
1545 1024 1704 1107 quin
1740 1023 2120 1092 tabellarius
2138 1022 2195 1109 ⁶)

282 1132 317 1176 a
345 1131 457 1194 quo
508 1108 804 1176 redditus
861 1116 961 1175 est
1017 1107 1188 1176 liber
1239 1110 1459 1193 aliqua
1513 1131 1598 1176 ex
1686 1118 1830 1176 arte
1868 1109 2066 1176 huius
2108 1111 2197 1176 sit

282 1197 543 1262 consuas
597 1195 769 1274 facti,
827 1215 1107 1279 suasque
1163 1197 1235 1261 in
1292 1195 1416 1262 hac
1470 1195 1582 1261 fab
1749 1204 1817 1261 et
1872 1195 2014 1279 ipse
2068 1195 2195 1261 sibi

282 1282 598 1348 attributas
663 1288 887 1365 partes
951 1283 1177 1366 egerit.
1280 1281 1418 1349 Sed
1470 1282 1654 1348 Deus
1708 1281 2013 1348 detrahet
2075 1281 2196 1346 ali-

281 1367 502 1451 quando
557 1387 876 1451 personas
928 1368 1089 1433 istas
1146 1366 1384 1450 quibus
1439 1367 1690 1433 tamdiu
1732 1367 2043 1435 ecclesiae
2084 1368 2195 1434 isti

277 1453 542 1519 homines
584 1452 900 1519 ludificati
943 1464 1115 1519 sunt.
1185 1453 1362 1520 Basa
1401 1454 1473 1518 in
1516 1453 1640 1521 bac
1682 1463 1830 1520 erat
1869 1455 2197 1520 sententia

278 1550 341 1604 ut
371 1538 618 1605 famoso
656 1539 769 1605 isti
810 1537 1030 1605 libello
1086 1539 1592 1622 responderetur
1648 1549 2022 1606 exterorum
2078 1561 2195 1606 no-

274 1626 422 1691 mine
469 1626 585 1708 qui
642 1626 899 1691 senatui
951 1634 1174 1691 vestro
1230 1625 1639 1692 declararent
1680 1624 1836 1710 quid
1876 1626 2005 1709 ipsi
2047 1647 2193 1693 sen-

274 1712 415 1776 tiant
452 1709 538 1777 de
580 1712 723 1777 eius
764 1722 1010 1789 autore,
1068 1724 1133 1776 et
1189 1732 1390 1795 quam
1432 1710 1512 1776 ab
1555 1732 1633 1778 eo
1676 1710 1808 1778 siut
1849 1711 2048 1776 alieni
2090 1713 2192 1777 in-

275 1795 646 1881 dignumque
702 1795 996 1864 iudicent
1049 1818 1170 1863 suo
1222 1799 1565 1864 consortio.
1655 1797 1791 1865 Sed
1834 1798 2002 1863 nihil
2046 1807 2193 1864 ten-

273 1882 521 1948 tandum
578 1883 841 1967 putavit
894 1892 962 1948 te
1002 1883 1389 1949 inconsulto.
1409 1886 1466 1953 ²³)
1553 1883 1704 1949 Non
1749 1883 1927 1950 enim
1970 1893 2195 1951 censet

270 1966 659 2035 scribendum
702 1968 873 2051 quod
914 1968 1304 2052 publicetur,
1349 1969 1463 2034 sed
1500 1978 1759 2035 tantum
1795 1966 1967 2053 quod
2002 1990 2192 2036 sena-

269 2056 348 2118 tui
376 2055 704 2131 offeratur,
740 2063 816 2120 ut
850 2056 907 2120 si
942 2055 1051 2138 qui
1086 2053 1255 2121 forte
1288 2056 1423 2122 sint
1456 2054 1567 2139 qui
1602 2076 1828 2121 aurem
1849 2055 2195 2123 calumniis

268 2138 379 2205 illis
414 2140 621 2206 nimis
662 2140 916 2207 facilem
1004 2140 1401 2219 raebuerint,
1457 2143 1708 2208 occasio
1750 2144 1964 2207 omnis
2007 2163 2195 2226 prae-

266 2222 493 2292 cidatur
538 2225 830 2292 nocendi.
984 2228 1111 2293 osti
1169 2228 1344 2293 enim
1402 2249 1599 2312 quam
1657 2227 1774 2293 illa
1829 2228 1966 2293 sint
2008 2227 2191 2311 plau-

267 2311 451 2378 sibilia
508 2311 741 2379 multis
800 2332 967 2395 quae
1020 2314 1092 2378 in
1144 2324 1210 2379 te
1267 2324 1676 2380 evomuntur.
1766 2313 1939 2379 Nam
1982 2321 2191 2381 totum

266 2395 409 2462 illud
445 2400 640 2464 virus
681 2397 852 2483 quod
908 2400 981 2462 in
1037 2410 1105 2466 te
1148 2399 1431 2466 effusum
1474 2408 1593 2476 est,
1651 2420 1783 2465 non
1841 2411 1945 2466 est
1996 2402 2192 2465 unius

263 2485 537 2563 pectoris.
628 2485 729 2550 'Pu
783 2485 995 2551 scribe
1049 2484 1130 2551 de
1185 2487 1382 2551 rebus
1424 2484 1730 2551 omnibus
1772 2485 2032 2569 quando
2079 2507 2191 2552 va-

264 2569 414 2635 cabit
452 2570 688 2653 magis.
757 2571 930 2637 Nam
973 2573 1106 2637 scio
1147 2572 1317 2637 nihil
1352 2592 1641 2656 unquam
1686 2572 1806 2638 tibi
1848 2592 2193 2656 superesse

264 2657 573 2738 mporis.
660 2656 923 2724 Salutat
981 2668 1047 2722 te
1107 2680 1272 2724 uxor
1329 2667 1396 2723 et
1452 2657 1700 2723 familia
1753 2666 1908 2723 tota.
1997 2658 2191 2724 Meus

266 2738 469 2807 Panas
491 2746 551 2840 θ)
635 2754 811 2809 recte
858 2743 1072 2842 ‘valet
1143 2744 1273 2810 Dei
1352 2745 1682 2811 beneficio.
1810 2743 2191 2810 Woenm'llius

262 2910 462 2979 Nom.
520 2850 617 2979 ¹12¹?
616 2838 905 2981 ⁹33⁸.OE
925 2829 1813 2982 ‘’ffifflzoefflffl
1816 2851 2192 2982 oefflffi

260 2996 673 3151 iiaoelmiois‘
741 3000 910 3066 Vale
953 3003 1200 3085 optime
1234 3022 1311 3068 ac
1345 3002 1726 3069 diutissime.
1794 3004 2191 3069 Lausannae

331 3136 345 3150 .
420 3087 565 3153 unii
618 3092 800 3153 1554.

1215 3212 1398 3275 Tuus
1441 3211 1682 3276 Petrus
1728 3210 2017 3276 Viretus.

406 3396 701 3463 Remitte
727 3396 976 3463 Haneri
996 3397 1223 3464 literas
1258 3420 1378 3484 per
1397 3399 1574 3466 hunc

258 3479 667 3548 tabellarium.

1112 4051 1300 4120 1⁹07.

632 4203 1305 4274 BULLINGERUS
1351 4204 1788 4273 OALVINO.

402 4376 925 4458 Iterumprobat
983 4374 1240 4444 Calvina·
1317 4376 2185 4444 mmmdehaereuois

245 4462 579 4528 mdis
641 4462 1033 4546 miraturque
1094 4463 1198 4529 sai
1267 4464 1866 4546 mumadam-ob
1924 4466 2183 4532 eandem

246 4547 2182 4643 nequtiumfacessere,qmmecaliiidemdioeerintane-

246 4634 1155 4718 mproptereavitwpcrati.

246 4802 345 4860 (h
387 4805 645 4861 thesauro
689 4822 776 4877 ep.
821 4805 1035 4862 Besano
1094 4808 1178 4863 ed.
1225 4807 1429 4863 Genev.
1479 4825 1532 4877 p.
1580 4805 1706 4875 147,
1751 4808 1912 4863 Lana.
1958 4826 2012 4878 p.
2056 4808 2181 4879 292,

244 4867 440 4927 Emer.
486 4892 535 4944 p.
582 4873 713 4942 327,
763 4873 974 4930 Obouet
1068 4917 1080 4929 .
1130 4873 1258 4945 19⁷,
1303 4880 1477 4931 Amet.
1537 4894 1589 4946 p.
1631 4875 1717 4932 91.
1797 4878 2182 4948 Fragmentum

594 4949 808 4998 tantum
844 4960 965 5000 esse
998 4945 1219 4999 videtur
1252 4946 1431 5016 capite
1464 4948 1824 5010 mucetum.)

242 5354 1621 5426 mmmmuwad.14.et21.1unss

439 5423 493 5492 8)
536 5426 718 5483 Vin-ets·
744 5425 965 5494 filiolatu,
995 5441 1175 5481 me
1209 5426 1369 5484 Febr.
1409 5427 1546 5482 1556
1576 5435 1834 5484 mm.

4127 498 4245 559 158

2471 678 2623 745 Non
2664 676 2924 759 desunt,
2968 688 3072 746 sat
3113 679 3264 759 scio,
3308 688 3375 745 et
3408 700 3603 763 saepe
3637 679 3850 759 audio,
3895 682 4006 766 qui
4049 703 4246 766 cupe-

2296 774 2452 831 rent
2507 784 2549 829 a
2603 778 2698 844 te,
2761 765 2854 831 mi
2915 762 3198 843 Gabino,
3271 763 3534 831 domine
3595 765 3867 833 colende
3920 776 3990 833 et
4044 769 4246 835 frater

2298 851 2661 929 carissime,
2719 850 2885 917 illud
2930 859 3396 935 argumentum
3451 872 3581 917 non
3626 852 3826 918 fuisse
3869 861 4241 921 tractatum.

2299 935 2438 1003 Sed
2479 948 2636 1003 sunt
2677 958 2911 1003 rursus
2955 937 3070 1022 qui
3112 950 3182 1003 et
3222 938 3467 1022 gratias
3509 937 3628 1004 tibi
3669 948 3878 1023 agunt
3910 960 4028 1023 pro
4062 939 4245 1007 labo-

2298 1022 2500 1101 ribus,
2559 1023 2631 1088 in
2674 1042 2955 1105 quorum
2999 1044 3272 1089 numero
3315 1032 3382 1088 et
3422 1044 3542 1090 nos
3585 1023 3698 1108 qui
3742 1023 3896 1090 huic
3937 1025 4246 1094 ecclesiae

2297 1108 2753 1174 ministramus
2796 1129 3043 1188 sumus,
3099 1117 3166 1174 et
3207 1119 3575 1193 agnoscunt
3618 1120 4077 1194 argumentum
4122 1111 4245 1181 hoc

2297 1194 2735 1260 necessarium
2781 1210 2924 1260 esse
2967 1193 3141 1278 quod
3183 1203 3504 1261 tractetur
3540 1194 3752 1262 hodie.
3845 1197 4114 1261 Dudum
4158 1199 4241 1264 D.

2295 1280 2604 1346 Urbanus
2650 1279 2891 1365 Reyius
2911 1284 2962 1357 ¹)
3001 1301 3134 1347 una
3174 1301 3322 1345 cum
3365 1282 3670 1347 omnibus
3702 1280 4246 1367 Luneburgensis

2296 1365 2606 1432 ecclesiae
2672 1366 3021 1445 ministris,
3091 1365 3268 1432 edito
3340 1368 3539 1433 etiam
3606 1367 3777 1433 libro
3848 1366 4246 1435 Germanico

2296 1450 2587 1518 ostendit
2625 1453 2771 1518 iure
2814 1450 3038 1519 divino
3092 1461 3160 1517 et
3201 1451 3489 1518 humano
3541 1455 3825 1520 coerceri
3867 1453 4244 1534 haereticos,

2297 1548 2440 1605 tum
2483 1538 2681 1604 etiam
2724 1537 2868 1604 iure
2911 1536 3118 1617 civili,
3177 1539 3232 1604 si
3286 1539 3489 1623 impia
3530 1560 3664 1606 non
3709 1538 4020 1606 deffinunt
4059 1561 4244 1624 spar-

2295 1644 2481 1709 gere,
2526 1633 2641 1691 aut
2682 1623 3064 1708 blasphema
3105 1625 3176 1691 in
3218 1625 3438 1690 Deum
3480 1634 3878 1708 sparserunt.
3966 1625 4104 1694 Our
4144 1626 4243 1691 illi

2297 1731 2429 1776 non
2472 1710 2869 1787 irascuntur,
2912 1711 3024 1793 qui
3067 1711 3136 1775 in
3179 1720 3246 1775 te
3289 1709 3483 1776 hodie
3519 1711 4026 1794 reprehendunt,
4072 1712 4246 1796 quod

2295 1798 2650 1880 probarent
2723 1797 2778 1861 si
2858 1797 3099 1861 certius
3177 1817 3318 1871 rem
3406 1797 3897 1880 expenderent?
4017 1798 4244 1881 Nuper

2303 1883 2602 1949 Titianus
2620 1887 2676 1958 ²)
2721 1881 2990 1965 quidam
3031 1881 3244 1947 Italus
3287 1882 3726 1965 Anabaptista
3777 1893 3846 1948 et
3890 1884 4245 1950 Hebionita

2295 1977 2364 2035 et
2383 1968 2821 2035 Helvidianus
2862 1970 2934 2033 in
2976 1987 3302 2034 carcerem
3338 1969 3663 2035 coniectus
3705 1989 3745 2033 a
3787 1969 4002 2035 tribus
4021 1970 4244 2036 Rhae-

2298 2055 2427 2121 tiae
2472 2054 2841 2120 foederibus
2884 2055 3020 2138 igni
3064 2054 3579 2121 concremandus
3613 2055 3864 2134 fuisset,
3909 2057 4037 2122 nisi
4078 2057 4243 2122 oeci-

2297 2142 2503 2207 nisset
2542 2139 2967 2225 palinodiam:
3014 2138 3443 2206 nihilominus
3489 2140 3729 2207 Ouriae
3770 2143 3976 2226 virgis
4018 2162 4248 2209 caesus

2297 2248 2337 2291 a
2392 2228 2679 2293 Rhaetio
2738 2226 2986 2292 eiectus
3043 2236 3159 2291 est.
3249 2224 3418 2306 Quis
3474 2227 3567 2292 ibi
3625 2238 3768 2293 erat
3810 2229 4121 2294 saevitiae
4180 2238 4250 2292 et

2297 2313 2659 2379 atrocitatis
2714 2312 3027 2397 magister
3041 2311 3072 2372 Ῥ
3176 2309 3484 2379 Calvinus
3546 2314 3669 2379 hoc
3729 2335 3863 2378 non
3918 2315 4071 2381 fecit
4124 2336 4246 2380 nec

2297 2399 2522 2465 suasit.
2612 2398 2791 2464 Sunt
2848 2400 3046 2464 etiam
3102 2398 3213 2463 alii
3273 2400 3513 2482 ubique
3571 2400 3699 2464 viri
3767 2399 3920 2465 boni
3972 2403 4081 2482 qui
4143 2402 4242 2466 in-

2297 2484 2609 2570 telligunt
2641 2486 2875 2568 impios
2912 2499 2980 2549 et
3020 2483 3437 2567 blasphemos
3481 2485 3779 2551 homines
3819 2507 3949 2551 non
3986 2493 4246 2551 tantum

2296 2570 2739 2636 admonendos
2774 2579 2843 2635 et
2874 2571 2942 2634 in
2979 2590 3305 2636 carcerem
3347 2571 3842 2649 concludendos,
3889 2572 4005 2638 sed
4048 2573 4245 2638 etiam

2295 2658 2508 2740 capite
2552 2677 2694 2722 esse
2736 2655 3163 2722 mulctandos.
3241 2657 3344 2722 Ne
3386 2677 3545 2742 ergo
3587 2660 3809 2742 pigeat
3852 2667 3916 2723 te
3960 2659 4244 2740 suscepti

2296 2742 2552 2808 laboris.
2639 2741 2968 2807 Dominus
3012 2744 3254 2808 sanctis
3305 2744 3643 2809 conatibus
3700 2752 3767 2808 et
3821 2743 4053 2810 studiis
4108 2764 4244 2808 non

2296 2828 2521 2893 deerit.
2602 2827 2755 2895 Scio
2800 2828 2919 2894 tibi
2959 2848 3084 2894 nec
3124 2828 3387 2895 crudele
3426 2850 3569 2895 esse
3611 2830 3968 2913 ingenium,
4011 2850 4134 2895 nec
4177 2839 4243 2893 te

2294 2914 2497 2980 ullam
2533 2915 2941 2979 atrocitatem
2978 2913 3369 2997 approbare:
3419 2918 3566 2999 quis
3610 2915 3862 2982 nesciat
3897 2916 4090 2980 etiam
4134 2914 4243 2979 hic

2296 2999 2562 3066 modum
2637 2999 3079 3066 adhibendum
3157 3000 3343 3067 esse?
3455 3000 3541 3065 At
3612 2999 3932 3084 quomodo
3999 3000 4243 3065 Servate

2296 3086 2521 3153 lernae
2584 3085 2942 3153 haereseon
3023 3098 3090 3152 et
3167 3086 3683 3170 pertinacissimo
3748 3087 4000 3153 homini
4063 3089 4239 3172 parci

2380 3174 2580 3239 tuerit
2620 3196 2753 3239 non
2798 3173 3007 3239 videO.
3098 3173 3266 3238 Vale
3319 3174 3390 3238 in
3437 3173 3702 3240 Obristo
3745 3194 3895 3239 cum
3939 3173 4243 3240 omnibus

2292 3195 2499 3325 ffinis.
2590 3258 2794 3325 Orate
2836 3280 2955 3343 pro
2999 3259 3200 3324 nobis,
3291 3259 3540 3342 Tiguri,
3595 3266 3686 3324 12.
3733 3260 3911 3324 Iunii
3963 3266 4142 3324 1554.

2293 3482 2470 3538 1967.
2497 3482 2553 3550 1)
2597 3481 2813 3537 Rada&
2848 3487 2949 3536 est.-
2987 3482 3090 3534 Eia
3139 3481 3467 3535 Bedencken
3513 3481 3611 3534 der
3645 3482 4123 3551 Lfineburgischeu
4169 3483 4244 3535 ob

2294 3553 2445 3606 einer
2488 3550 2750 3605 Oberkeit
2791 3549 3032 3619 gezieme
3067 3548 3156 3602 die
3191 3549 3575 3604 Widerteuffer
3616 3551 3751 3603 oder
3792 3550 3991 3604 andere
4035 3551 4243 3605 Κοῖτοι·

2294 3621 2395 3674 mit
2429 3621 2556 3674 dem
2591 3619 2833 3674 Schwert
2877 3635 2947 3672 zu
2989 3618 3219 3672 ricbten.
3273 3616 3425 3673 1537.
3475 3621 3530 3675 4.
3599 3617 3685 3685 Of.
3723 3618 3962 3673 eiusdem
3993 3620 4243 3673 Euchiri-

2293 3690 2424 3744 dion
2460 3689 2595 3743 oder
2627 3688 3040 3742 Handbfichlein
3089 3688 3237 3741 eines
3280 3687 3394 3742 chr.
3429 3688 3687 3754 Ffirsten,
3736 3686 3925 3742 Ottoni
3939 3727 3953 3754 ,
3999 3688 4244 3743 Ernsten

2292 3759 2402 3812 und
2457 3758 2744 3812 Francisco
2802 3756 3120 3812 Gebrfidern
3165 3756 3476 3826 Hertzogen
3533 3774 3601 3809 zu
3662 3755 4080 3821 Braunscbweig
4131 3757 4243 3810 und

2292 3828 2585 3896 Lfineburg
2607 3825 2913 3896 gewidmet.
2975 3825 3268 3892 (Heimbae
3359 3869 3377 3907 2
3422 3824 3550 3881 Uro.
3590 3824 3712 3879 131oe
3761 3825 3771 3838 “
3838 3866 3853 3893 ,
3885 3824 4082 3880 Ηαικὸ.
4106 3825 4242 3879 1851

2290 3913 2344 3964 p.
2388 3894 2485 3949 168
2519 3911 2633 3965 sqq.
2713 3893 2973 3958 Πλυιοηο,
3019 3892 3150 3949 Urb.
3191 3839 3436 4016 Rffus
3472 3893 3596 3948 Eu».
3634 3893 3663 3946 1
3741 3896 3787 3944 l.
3820 3910 3876 3962 p.
3917 3891 4057 3958 185.)

2499 3963 2555 4031 2)
2597 3962 2749 4032 Quae
2781 3964 2872 4018 hic
2906 3968 3215 4017 manantur
3358 3978 3410 4016 a.
3449 3962 3585 4018 1549
3615 3964 3904 4034 perlinam.
3990 3963 4246 4018 Reium

2291 4031 3853 4102 nhufiaetltulussoendquipersshum‘anvaqatus
4001 4034 4245 4087 dmm

2293 4101 2551 4172 deq-nata
2570 4101 2877 4171 aparqebat,
2909 4099 3359 4155 muna-mmm
3388 4102 3719 4171 peculiarem
3736 4101 3846 4155 sibi
4083 4117 4243 4171 prae·

2290 4170 2531 4227 tendens.
2604 4169 2863 4237 Neqabat
2903 4169 3366 4236 damnationem,
3421 4171 3747 4234 mustum,
3799 4170 4124 4240 baptismum
4157 4171 4243 4223 iu-

2288 4241 2380 4364 ζυο
2428 4325 2467 4363 a
2510 4238 2952 4363 ’lagmdgw
2988 4239 3410 4376 penulam
3481 4308 3579 4363 sed
3617 4237 4132 4364 Gauggscws
4173 4322 4244 4360 nc

2286 4384 2500 4449 martyr
2529 4377 2713 4443 factus
2741 4377 2928 4446 plum
2959 4376 3249 4431 habiturus
3283 4383 3419 4431 esset
3442 4377 3682 4432 asseclas
3714 4392 3879 4447 quam
3913 4379 4085 4442 mbas,
4123 4392 4243 4431 eun·

2286 4447 2366 4503 ud
2395 4446 2738 4516 palin-odiam
2767 4447 3051 4515 permovit,
3087 4450 3138 4499 et
3170 4447 3624 4501 certosarticndos
3657 4445 4012 4516 &proposuit
4043 4445 4244 4516 quibus

2487 4516 2816 4584 nubem-npm'
2779 4520 2787 4528 '
2815 4521 2896 4571 set
2926 4513 3099 4596 viv-9⁸21
3113 4529 3306 4569 metus
3339 4520 3393 4570 et
3424 4515 3599 4569 solum
3622 4520 3829 4570 veo-tm
3861 4520 4081 4570 coactus
4108 4514 4238 4581 fuit·

2286 4532 2378 4639 ff
2410 4601 2475 4641 eo
2522 4586 2859 4654 scripmnt
2895 4582 3238 4638 mamardus
3283 4580 3332 4636 7.
3378 4585 3521 4654 Any.
3572 4581 3704 4638 1549
3750 4590 3800 4639 et
3838 4578 4111 4639 Gallicis&
4153 4580 4240 4636 25.

2289 4655 2416 4709 Iun.
2459 4652 2609 4722 1554,
2646 4658 2869 4723 uterque
2902 4653 2980 4706 ud
3014 4651 3412 4722 Bennisoa-um,
3447 4654 3522 4717 cf.
3560 4653 3757 4718 Porta,
3800 4652 3926 4707 hist.
3978 4653 4078 4717 ros.
4115 4652 4239 4706 cccl.

2285 4722 2539 4847 aba}
2568 4738 2628 4846 fl.
2669 4720 2740 4844 8Ξρ
2770 4737 2896 4791 paq.
2945 4719 3026 4773 76.
3068 4718 3183 4774 133.
3255 4720 3563 4792 Ηοίίίοιρον,
3599 4720 3753 4776 Helo.
3794 4718 3929 4775 KG.
3976 4721 4077 4776 111.
4112 4718 4236 4782 814,
4267 4777 4276 4786 ,

2334 4808 2366 4848 r
2625 4834 2636 4844 .
2744 4828 2756 4841 .
