4850 6200
475 454 601 519 299

472 638 770 706 invenerit
811 640 947 720 ipse
987 656 1153 702 nunc
1187 636 1416 719 paucis
1450 654 1516 700 se
1549 636 1608 700 ei
1649 632 2042 702 commendat.
2122 633 2419 715 Qasr-itur
2461 634 2467 646 ¹

471 726 549 792 de
593 724 1098 790 Imtheranorum
1149 720 1693 805 superstitionibus
1749 720 1834 785 ad
1865 720 2236 801 papi-smum
2268 739 2419 801 pro-

473 812 644 876 xime
707 808 1126 877 accedentibus
1194 812 1251 873 et
1316 806 1564 873 Galvtni
1621 807 1813 873 libros
1875 804 2234 871 recentiores
2295 804 2421 871 sibi

475 898 638 961 mitti
680 896 862 979 cupit.

803 1065 910 1133 (Ex
946 1063 1281 1135 autographo
1308 1062 1438 1119 Ood.
1473 1062 1672 1118 Gener.
1709 1059 1824 1127 113,
1860 1061 1951 1117 fol.
1986 1058 2096 1126 96.)

475 1235 871 1304 Doctissimo
914 1245 1107 1319 atque
1149 1234 1553 1318 pientissimo
1586 1234 1728 1299 viro
1764 1233 1846 1297 D.
1870 1232 2106 1298 Ioanni
2141 1229 2421 1297 Calvino

476 1324 887 1391 Genevensis
931 1321 1239 1387 ecclesiae
1282 1320 1580 1402 episcopo
1616 1318 1999 1404 dignissimo
2043 1317 2309 1383 domino
2354 1324 2423 1382 et

1092 1407 1299 1472 amico
1334 1404 1802 1471 colendissimo.

647 1545 717 1611 S.
785 1543 959 1609 Filio
1022 1562 1167 1606 meo
1227 1541 1297 1605 in
1346 1540 1599 1606 Gallias
1655 1561 1773 1623 per
1819 1540 2164 1607 Genavam
2223 1540 2420 1622 profi-

474 1630 762 1709 ciscenti,
813 1628 1070 1695 Calvine
1126 1626 1498 1693 doctissime
1554 1638 1620 1691 et
1675 1626 2103 1710 pientissimo,
2164 1624 2314 1690 dedi
2351 1626 2421 1689 in

474 1715 805 1783 mandatis
846 1724 922 1780 ut
963 1721 1114 1797 post
1151 1712 1467 1779 salutatos
1503 1713 1858 1796 Tigurinae
1901 1711 2211 1777 ecclesiae
2253 1710 2423 1793 epis-

474 1821 670 1884 copos
715 1811 780 1865 et
823 1800 1178 1877 ministros,
1222 1806 1289 1863 te
1332 1818 1584 1880 quoque
1625 1798 1945 1864 inviseret
1988 1808 2056 1862 et
2096 1816 2243 1862 mea
2280 1796 2424 1861 offi-

474 1889 578 1954 cia
643 1886 761 1950 tibi
825 1887 1106 1951 offerret.
1215 1884 1387 1949 Nam
1453 1895 1602 1968 post
1666 1905 1872 1948 unum
1948 1894 2062 1948 aut
2138 1881 2422 1946 alterum

474 1972 868 2053 colloquium
910 1970 1082 2054 quod
1138 1971 1211 2036 in
1249 1969 1530 2035 comitiis
1573 1968 2163 2051 Ratisponensibus
2208 1977 2422 2033 tecum

473 2056 676 2123 habui
742 2056 912 2141 (tum
979 2057 1154 2122 enim
1233 2055 1307 2120 in
1372 2055 1523 2121 aula
1613 2053 2044 2121 illustrissimi
2109 2054 2424 2137 principis

477 2144 875 2226 Landyravii
940 2142 1072 2226 egi)
1093 2144 1146 2223 ²)
1215 2163 1472 2225 semper
1535 2149 1602 2206 te
1668 2142 1916 2221 amavi,
1983 2140 2424 2206 constantiam

477 2236 654 2294 tuam
715 2229 941 2311 magni
997 2228 1118 2293 feci
1173 2238 1238 2293 et
1298 2227 1730 2293 eruditionem
1786 2234 1964 2292 tuam
2030 2224 2422 2310 praedicavi,

475 2314 959 2382 lucubrationes
1015 2322 1161 2379 tuas
1229 2312 1636 2379 doctissimas
1689 2320 1755 2377 et
1808 2312 2248 2397 pientissimae
2305 2331 2423 2377 ex·

475 2400 682 2483 passis
728 2400 901 2464 ulnis
943 2421 1073 2464 non
1112 2409 1370 2464 tantum
1422 2398 1835 2482 amplexatus
1891 2418 2066 2477 sum,
2126 2396 2244 2462 sed
2285 2396 2425 2480 ple-

472 2487 692 2569 risque
746 2484 930 2550 bonis
975 2486 1136 2550 viris
1191 2484 1273 2550 ad
1334 2492 1451 2550 tua
1491 2483 1771 2569 legenda
1826 2494 1895 2550 et
1951 2492 2019 2549 te
2071 2482 2423 2548 amandum

477 2580 667 2637 autor
709 2572 817 2635 fui.
880 2570 1016 2636 Sed
1061 2592 1175 2653 spe
1219 2591 1365 2636 mea
1407 2571 1762 2635 frustratus
1807 2590 1987 2635 sum:
2032 2569 2207 2636 filius
2248 2569 2426 2635 enim

475 2665 542 2723 te
599 2678 809 2740 neque
868 2655 1044 2721 domi
1084 2677 1293 2739 neque
1339 2657 1408 2720 in
1466 2655 1628 2721 urbe
1687 2663 1831 2720 tum
1887 2656 2160 2732 invenit,
2219 2674 2424 2737 quum

474 2742 629 2807 illac
687 2743 1012 2807 transiret.
1113 2741 1338 2823 Quare
1405 2742 1775 2807 consultum
1832 2742 1960 2807 fuit
2015 2741 2224 2807 literis
2278 2740 2427 2806 istis

473 2849 695 2895 meum
730 2849 888 2911 erga
924 2838 988 2893 te
1025 2828 1254 2893 testari
1298 2828 1588 2892 animum
1629 2836 1695 2893 et
1728 2827 1859 2893 illis
1893 2826 2223 2906 laconicis,
2268 2845 2425 2890 nam

471 2921 740 2998 propter
786 2913 1106 2980 tabellarii
1149 2913 1556 2995 inopinatum
1612 2912 1862 2978 abitum
1907 2913 2099 2996 plura
2142 2913 2426 2979 scribere

472 3020 608 3065 non
652 3000 852 3065 licuit.
940 2998 1202 3064 Licebit
1252 3006 1479 3082 postea
1533 3020 1735 3082 quum
1791 2998 2119 3064 rescivero
2179 3005 2246 3063 te
2303 2998 2426 3064 hoc

473 3084 832 3152 laconismo
876 3106 1009 3149 non
1053 3106 1198 3149 esse
1240 3084 1581 3150 offensum.
1651 3085 1824 3150 'I'um
1863 3084 2041 3149 enim
2086 3082 2425 3150 declarabo

474 3180 794 3254 quantum
839 3169 1091 3235 laboret
1133 3169 1404 3236 ecclesia
1457 3178 1729 3253 propter
1772 3171 1993 3236 hostes
2037 3170 2341 3253 utrinque
2386 3191 2426 3235 a

475 3256 728 3321 dextris
785 3263 851 3321 et
908 3256 1193 3321 sinistris
1250 3257 1629 3322 saevientes.
1717 3254 2090 3322 Lutherani
2147 3275 2425 3337 namque

473 3343 611 3410 suis
656 3341 1209 3425 impanationibus
1244 3342 1839 3426 superstitiosisque
1871 3341 2426 3408 incantationibus

473 3427 815 3494 ecclesiam
873 3448 1006 3493 non
1069 3430 1289 3492 minus
1357 3437 1796 3510 conspurcant
1861 3449 2056 3511 quam
2130 3427 2426 3511 papistae

475 3534 621 3580 eam
664 3513 857 3597 plane
915 3514 1280 3596 exstirpare
1335 3522 1403 3579 et
1444 3513 1713 3579 nefariis
1757 3513 1953 3598 nugis
1997 3522 2194 3596 atque
2235 3533 2424 3596 prae-

474 3599 766 3684 stigiosis
842 3598 1379 3665 fascinationibus
1457 3598 1731 3683 perdere
1799 3610 2133 3665 conantur.
2245 3597 2425 3681 Quid

472 3686 654 3751 enim
711 3684 964 3749 tristius
1021 3687 1128 3767 pio
1193 3684 1498 3751 accedere
1556 3685 1801 3768 poterit
1857 3706 2054 3769 quam
2111 3685 2167 3751 si
2235 3705 2425 3751 occu-

472 3770 669 3836 latior
692 3776 724 3808 ·
779 3769 1018 3835 viderit
1075 3771 1263 3837 novis
1320 3769 1843 3837 absolutionibus
1898 3771 2207 3856 privatiS,
2267 3789 2425 3853 quo·

471 3854 758 3921 rundam
791 3866 1222 3938 peccatorum,
1267 3875 1434 3940 quae
1468 3857 1823 3939 praecipua
1855 3871 2111 3933 vocant,
2157 3876 2424 3920 enume-

472 3938 868 4020 rationibus,
934 3942 1244 4025 mirisque
1302 3943 1476 4008 circa
1533 3943 1840 4027 synaxim
1899 3955 1963 4008 et
2021 3943 2168 4026 plus
2227 3961 2423 4025 quam

473 4024 891 4093 idololatricis
970 4028 1399 4092 caeremoniis
1473 4049 1725 4094 novum
1795 4028 2012 4113 parari
2067 4029 2147 4092 ad
2207 4026 2424 4110 papis-

472 4133 657 4178 mnm
703 4111 995 4179 aditum?
1075 4113 1270 4178 Nunc
1314 4121 1536 4180 autem
1577 4135 1653 4180 ro
1699 4135 1737 4180 0
1780 4123 1859 4180 ut
1898 4114 2192 4179 libellum
2239 4122 2427 4178 tuum

475 4197 558 4263 de
578 4199 817 4264 missae
853 4219 1120 4278 canone,
1143 4201 1200 4276 ⁸)
1238 4201 1397 4264 item
1419 4200 1623 4265 alium
1705 4222 1741 4266 e
1769 4200 1957 4267 novis
1991 4197 2425 4265 martiribus*

470 4284 531 4352 si
573 4284 779 4350 latine
835 4285 968 4350 sint
1023 4284 1375 4369 conscripti
1430 4306 1629 4370 opera
1681 4287 1872 4352 istius
1914 4285 2144 4371 optimi
2184 4285 2317 4350 viri
2358 4291 2427 4351 et

473 4369 556 4434 de
610 4378 675 4435 te
731 4370 976 4454 optime
1033 4372 1271 4437 mereri
1329 4372 1659 4456 cupientis
1700 4370 1783 4437 ad
1827 4393 1934 4438 me
1991 4372 2423 4437 transmittas:

470 4475 628 4522 nam
674 4455 887 4521 solvet
939 4477 1086 4522 meo
1143 4456 1409 4522 nomine
1466 4456 1912 4524 libentissime.
1999 4458 2190 4542 Rogo
2233 4476 2424 4540 prae-

471 4548 654 4607 terea
697 4553 772 4607 ut
815 4544 874 4607 si
916 4543 1263 4608 molestum
1320 4564 1453 4608 non
1508 4544 1594 4610 sit
1636 4565 1905 4627 operum
1950 4550 2214 4609 tuorum
2259 4562 2425 4627 quae

474 4627 556 4692 ab
612 4649 784 4693 anno
840 4631 919 4692 53
981 4627 1064 4692 ad
1117 4637 1530 4711 praesentem
1591 4650 1886 4696 mensem
1941 4628 2285 4713 publicasti
2339 4625 2425 4693 ad

471 4734 580 4778 me
625 4712 991 4797 catalogum
1035 4714 1276 4779 mittas.
1366 4713 1559 4780 Dabo
1614 4736 1881 4799 operam
1936 4736 2022 4780 ne
2069 4721 2137 4779 te
2180 4712 2427 4782 locatae

475 4799 547 4863 in
591 4820 697 4864 me
752 4819 986 4882 operae
1041 4801 1386 4882 poeniteat
1476 4799 1662 4880 Vale,
1720 4800 2135 4867 ornatissime
2176 4799 2301 4880 vir,
2359 4805 2428 4865 et

473 4884 782 4952 ecclesiae
825 4893 899 4950 ut
943 4885 1057 4951 diu
1080 4885 1171 4952 sis
1213 4894 1549 4970 superstes
1593 4886 1818 4954 sedulo
1859 4909 1979 4973 per
2000 4886 2342 4952 Christum
2386 4905 2427 4951 a

474 5057 630 5069 ——-

525 5298 536 5310 ⁶
678 5158 738 5296 ἐξ
772 5160 1443 5309 ῗκοὲηωθέεεξιζῗηῗῶταω
1486 5229 1573 5284 hic
1618 5230 1889 5299 decimet,
1932 5229 2049 5283 nisi
2091 5229 2268 5298 ipsum
2300 5227 2429 5296 tani

468 5295 1332 5435 magutisssiofflnzemmm⁰
1403 5297 1573 5354 Liber
1606 5299 1674 5353 de
1709 5298 2060 5369 Martyntue
2093 5298 2280 5354 ηιαῑιιε
2311 5312 2426 5354 esse

1974 442 2500 512 EPIS'POLAE
2543 443 2960 509 2038-2041

4342 445 4468 509 300

2520 628 2665 695 Deo
2722 631 2965 714 optimc
3034 630 3326 698 maximo
3394 629 3725 715 precabor.

2523 716 2714 782 vemb
2781 736 2861 782 ao
2927 719 3010 781 54
3826 632 4169 719 Augustae
4229 636 4283 697 1.
4328 628 4467 698 No·

3530 801 3802 890 Geryon
3844 802 4160 891 Scylerus

3339 906 3766 991 Augustanae
3807 907 3966 992 reip.
4010 904 4318 974 medicus.

3295 1204 3697 1213 m———q—

3401 1420 3601 1491 2039.

2898 1574 3409 1643 HALLERUS
3452 1575 3706 1644 BULL
3717 1572 4099 1643 INGERO.

2703 1743 2973 1827 Scripsit
3030 1746 3116 1811 ad
3159 1745 3539 1812 zebedaeum
3568 1767 3694 1828 pro
3729 1768 3890 1832 pace
3932 1752 3987 1813 et
4027 1745 4467 1814 conciliatione.

2529 1828 2880 1897 Ber-nenses
2922 1830 3295 1915 Defensioni
3340 1830 3690 1899 Gon-sensus
3728 1854 3850 1899 non
3890 1831 4283 1899 subscribent.

2528 2000 2891 2083 (Excerptum
2939 2018 3007 2056 ex
3053 2004 3389 2127 autogra3ghc
3434 2003 3598 2059 Arch.
3644 2004 3821 2084 Turio:
3866 2003 4009 2059 Plut.
4048 2003 4145 2058 vl.
4182 2004 4304 2058 Vol.
4349 2000 4470 2066 154,

2726 2071 2854 2125 clun
2890 2071 3029 2141 Epp.
3068 2073 3223 2128 Tom.
3326 2114 3340 2141 ,
3377 2073 3468 2128 fol.
3503 2070 3621 2127 206.
3657 2102 3723 2113 -
3759 2073 3972 2127 Sunler.
4011 2072 4135 2127 Vol.
4172 2070 4285 2137 83.)

2528 2277 4475 2294 ——-—————-————-——

2535 2364 2608 2375 —
2656 2362 2739 2373 --
2781 2326 2977 2410 Quod
3025 2326 3358 2396 calvinum
3401 2330 3635 2396 attinet
3673 2330 3903 2414 scripsi
3947 2331 4116 2397 serio
4158 2327 4241 2395 ad
4288 2327 4476 2395 Zebe-

2530 2413 2787 2480 dacum:
2833 2435 3021 2497 spero
3064 2414 3202 2481 fore
3246 2424 3322 2481 ut
3363 2437 3828 2501 componamus
3870 2415 3994 2483 hoc
4036 2415 4393 2499 negotium.
4420 2414 4474 2497 ¹)

2533 2496 2715 2581 Quid
2790 2510 3020 2567 contra
3091 2500 3517 2584 Wessphalum
3582 2502 3916 2586 scripserit
3978 2502 4201 2568 videre
4265 2500 4472 2585 cupio.

2531 2583 2940 2670 Subscriptio
2995 2607 3189 2672 aegre
3233 2608 3273 2652 a
3314 2587 3501 2654 nobis
3543 2587 3941 2656 obtinebitur
3957 2590 4016 2665 2)
4072 2593 4338 2673 propter
4376 2585 4474 2650 di-

2528 2691 2723 2737 versa
2779 2681 3083 2756 corrupte
3139 2671 3569 2740 iudicantium
3626 2674 3884 2740 iudicia.
3971 2672 4210 2741 Nescio
4251 2680 4474 2738 tamen

2529 2756 2685 2842 quid
2729 2755 2944 2824 adhuc
2984 2760 3298 2826 futurum.

2701 2842 2962 2911 Bernae
3004 2845 3124 2912 cal.
3170 2844 3483 2913 Novemb.
3537 2850 3718 2912 1554.

3517 2982 3702 3048 'I'uus
3746 2982 3928 3050 Ioan.
3972 2980 4300 3052 Hallerus.

3305 3294 3713 3305 ..m

3405 3529 3607 3602 2040.

3139 3682 3381 3750 BEZA
3427 3682 3858 3752 OALVINO.

2702 3851 3004 3922 Bolseous
3074 3853 3399 3941 α’ρχέκακος
3463 3875 3656 3922 novas
3721 3862 3917 3923 ’κοινά
3984 3856 4218 3923 narbas.
4324 3855 4478 3940 Ipse

2518 3939 2817 4111 mm
2874 3942 3280 4026 profecturus
3342 3947 3432 4009 est
3495 3944 3606 4010 sed
3672 3944 3907 4010 invitus
3959 3948 4029 4009 ut
4082 3941 4289 4028 ’καρίς
4350 3961 4478 4009 nou

2530 4199 2640 4266 (Ex
2695 4198 3033 4268 autographo
3079 4199 3210 4255 Ood.
3267 4197 3432 4254 Goth.
3473 4198 3596 4263 404,
3648 4199 3739 4253 fol.
3784 4198 3903 4253 71⁷.
3961 4229 4029 4239 —
4086 4200 4279 4256 Edidit
4317 4200 4475 4256 Bret-

3212 4268 3514 4322 schneider.
3549 4285 3604 4337 p.
3638 4268 3785 4334 110.)

2701 4440 2959 4508 Eximio
3000 4459 3196 4506 servo
3229 4439 3359 4505 Dei
3391 4439 3476 4505 D.
3502 4438 3734 4506 Ioanni
3772 4440 4054 4516 Oalvino
4096 4442 4269 4527 patri
4309 4441 4479 4509 mihi

2530 4525 3122 4594 observandissime
3179 4532 3248 4592 et
3290 4526 3702 4593 Genevensis
3745 4527 4055 4596 oculeum
4098 4526 4478 4596 fidelissimo

2528 4613 2791 4697 pastori.

3970 4700 4300 4769 Genevae.

2702 4833 2774 4902 S.
2853 4835 3087 4903 Habeo
3145 4836 3267 4904 tibi
3324 4855 3634 4920 magnam
3693 4835 3975 4920 gratiam
4034 4838 4115 4904 de
4184 4839 4480 4923 utrisque

2529 4921 2662 4987 tuis
2703 4921 2916 4988 literis
2969 4943 3245 5007 quarum
3304 4922 3543 4988 alteras
3599 4921 3813 5006 primo
3868 4943 4124 5008 quoque
4182 4932 4479 5010 tempore

2530 5005 2771 5073 curabo
2817 5007 3188 5094 Tubingam
3247 5006 3687 5093 perferendas.
3778 5006 4133 5076 Caeterum
4181 5014 4327 5104 περὶ.
4374 5012 4483 5077 τοῦ

2531 5229 2795 5296 accan
2837 5229 2922 5299 ef.
2960 5229 3038 5288 Ν.
3073 5229 3228 5285 2016.
3265 5228 3417 5286 2080.

2530 5368 2636 5437 (N.
2670 5298 2998 5436 Ξοὲξιρκοά
3059 5300 3263 5357 dudm
3322 5299 3584 5358 odoinus
3647 5301 3732 5358 ita
3774 5303 4024 5370 ficturum·
4070 5301 4482 5372 suspicabatur.
