4850 6200
473 420 608 487 451

662 605 736 674 S.
782 604 860 672 D.
949 602 1038 672 D.
1082 603 1416 671 Iohannes
1469 598 1885 684 willemum)
1929 619 1972 665 a
2010 598 2294 665 Rhaetis
2329 620 2443 665 vo-

479 701 678 764 catus
737 692 1162 759 concionatur
1217 690 1286 754 in
1339 687 1755 771 Prettigovia
1806 685 1996 752 valle.
2112 684 2444 750 Dominus

485 777 807 851 concedat
928 778 1152 843 iritum
1198 773 1410 861 princi
1456 772 1626 837 alem
1679 772 1763 838 D.
1822 790 1862 837 a
1909 771 2316 853 Rapoldatein
2367 779 2447 835 ut

490 888 577 935 ea
615 886 786 949 quae
829 862 884 930 O
936 862 1080 929 risti
1125 867 1282 928 sunt
1325 880 1408 925 ve
1442 860 1490 923 't
1524 868 1590 924 et
1626 856 1880 923 audeat.
1903 858 1961 940 ²)
2049 857 2246 923 Mitto
2289 865 2445 922 tuae

491 952 724 1039 pietati
788 948 949 1016 duos
1013 947 1284 1025 libellos,
1347 945 1628 1011 alterum
1695 944 1972 1008 latinum
2037 941 2123 1007 D.
2191 941 2444 1009 Calvini

491 1048 726 1105 eontra
768 1044 1025 1102 nostros
1063 1035 1222 1099 istos
1266 1031 1720 1116 antagonistas
1745 1033 1798 1107 ⁸)
1841 1031 1912 1094 in
1947 1048 2146 1095 causa
2180 1048 2443 1107 coenae,

495 1123 777 1189 altarum
822 1120 1270 1207 germanicum
1330 1115 1410 1182 de
1472 1115 1706 1182 ultimo
1764 1114 2018 1181 iudicio.
2041 1118 2098 1196 ⁴)
2195 1112 2445 1179 Addidi

492 1218 564 1277 et
626 1207 904 1275 alterum
983 1203 1361 1288 exemplum
1427 1221 1545 1286 pro
1608 1200 2047 1267 illustrissimo
2126 1200 2440 1284 principe.

493 1293 572 1361 Si
630 1294 962 1377 putaveris
1026 1291 1088 1357 ei
1146 1311 1278 1355 non
1338 1287 1664 1373 ingratum
1722 1287 1876 1365 fore,
1932 1307 2046 1352 oro
2112 1296 2176 1351 te
2241 1296 2319 1351 ut
2381 1285 2443 1352 ei

495 1379 734 1446 offeras
777 1400 923 1445 meo
959 1377 1238 1456 nomine,
1283 1384 1353 1441 et
1374 1372 1590 1439 verbis
1614 1374 1745 1438 tuis
1779 1393 1989 1448 ornes,
2037 1371 2443 1455 salutemque

497 1464 676 1532 dicas
720 1463 1212 1531 officiosissime.
1311 1460 1458 1527 Non
1504 1459 1734 1543 scripsi
1794 1458 2141 1542 quidquam
2187 1479 2271 1523 ne
2314 1457 2442 1541 ipsi

495 1551 810 1617 molestus
854 1571 1081 1615 essem.
1186 1546 1262 1613 Si
1306 1566 1468 1612 vero
1511 1544 1846 1630 putaveris
1888 1544 2103 1627 ipsum
2153 1565 2272 1609 nec
2310 1543 2441 1608 mei

495 1658 582 1703 ne
627 1658 711 1701 ue
769 1634 972 1701 libelli
1043 1633 1242 1699 ullam
1300 1632 1678 1698 habiturum
1752 1630 2105 1708 rationem,
2163 1630 2442 1695 liberum

497 1722 614 1789 tibi
659 1721 824 1787 facio
868 1718 1158 1786 donandi
1201 1720 1414 1802 ipsum
1461 1717 1563 1783 cui
1616 1716 1913 1781 volueris,

669 1806 878 1872 Varia
922 1816 1081 1872 sunt
1121 1802 1296 1887 apud
1341 1825 1461 1869 nos
1504 1823 1675 1868 nova
1727 1822 1891 1886 quae
1934 1822 2138 1885 quum
2194 1800 2442 1867 chartis

497 1893 907 1960 committere
943 1912 1069 1956 non
1106 1891 1195 1955 sit
1215 1900 1454 1969 tutum,
1493 1910 1690 1973 quum
1729 1887 1896 1971 quod
1919 1887 2186 1951 incertis
2223 1888 2440 1951 feran-

501 1989 612 2045 tur
657 1977 1009 2055 autoribus,
1059 1989 1195 2041 tum
1244 1974 1418 2059 quod
1459 1973 1781 2059 quaedam
1824 1974 1986 2037 satis
2022 1974 2158 2038 sint
2198 1972 2440 2051 odiosa,

497 2064 776 2147 tempori
835 2064 994 2129 haec
1049 2063 1550 2129 committemus.
1667 2058 1898 2125 Sermo
1957 2068 2056 2124 est
2106 2069 2443 2142 praeterea

496 2149 750 2215 multus
805 2149 884 2214 de
934 2169 1090 2233 pace
1149 2149 1322 2212 inter
1393 2146 1739 2213 Caesarem
1793 2156 1857 2211 et
1907 2144 2176 2210 Gallum
2233 2144 2444 2211 conci·

496 2235 739 2315 Rauda,
768 2239 818 2314 ⁶)
863 2233 941 2300 de
985 2234 1257 2301 concilio
1291 2229 1752 2309 continuando,
1796 2230 1859 2297 id
1905 2241 2023 2309 est,
2070 2229 2149 2295 de
2184 2232 2442 2296 exscin-

498 2320 711 2388 denda
749 2322 1042 2387 veritate.
1105 2319 1304 2385 Multi
1349 2333 1415 2383 et
1461 2319 1622 2384 varii
1662 2327 1817 2382 sunt
1849 2326 2116 2381 conatus
2154 2316 2440 2381 hostium

498 2406 817 2474 veritatis.
907 2405 1235 2472 Dominus
1278 2415 1498 2470 servet
1542 2425 1726 2468 suam
1771 2403 2128 2470 ecclesiam.
2237 2403 2444 2467 Plura

499 2494 846 2559 scriberem
893 2494 1019 2557 nisi
1065 2491 1343 2576 negotiis
1399 2489 1750 2574 impeditus
1803 2499 1869 2554 et
1927 2490 2237 2571 temporis
2295 2488 2442 2553 bre-

502 2579 702 2645 vitate
745 2578 1049 2644 exclusus
1095 2578 1222 2642 alio
1267 2596 1548 2659 raperer.
1653 2575 1789 2640 Ora
1822 2596 1942 2659 pro
1989 2574 2176 2640 nobis
2223 2574 2442 2639 Domi-

499 2684 678 2729 num.
782 2663 1015 2730 Saluta
1058 2663 1291 2727 fratres
1335 2671 1403 2727 et
1458 2662 1715 2727 amicos.
1815 2660 1984 2725 Vale
2043 2681 2192 2727 cum
2258 2660 2445 2727 bonis

502 2750 822 2819 omnibus.
911 2749 1144 2834 Tiguri
1189 2752 1291 2813 24.
1339 2746 1532 2813 Febr.
1577 2766 1633 2811 a.
1680 2745 1761 2811 D.
1819 2752 1995 2812 1555.

1627 2884 2051 2969 Bullingerus
2095 2892 2267 2948 tuus.

1269 3179 1446 3192 neuneu-m
1449 3180 1661 3192 ooooooooooooooo

1337 3437 1353 3453 ·
1372 3396 1562 3468 2122.

1020 3533 1423 3603 VIRETUS
1467 3533 1926 3602 PARELLO.

674 3705 1356 3789 Mombezyardensibus
1449 3707 1761 3773 ministris
1855 3711 2067 3774 eontra
2172 3706 2443 3773 Tocsani

501 3793 894 3878 tyrannidem
937 3791 1312 3875 opitulatum
1343 3791 1773 3877 proficiscenti,
1831 3794 1987 3875 quid
2042 3794 2442 3875 sperandum,

503 3950 728 3960 -ae—-ffl

501 4031 674 4087 2121.
715 4034 786 4154 ιὲ
809 4029 980 4113 quius
1015 4030 1192 4086 editae
1223 4029 1353 4087 siant
1388 4031 1517 4086 Zwo
1539 4031 1836 4102 Predigten
1872 4048 1976 4087 von
2013 4032 2136 4086 dem
2167 4032 2221 4089 h.
2241 4031 2441 4087 Nacht-

495 4101 662 4156 mdn·
705 4167 763 4236 2)
790 4099 1159 4241 Efficias?
1162 4100 1296 4224 11}
1336 4170 1490 4226 cuias
1532 4176 1693 4239 pater
1747 4167 1963 4225 Uli-neue·
2010 4170 2122 4224 iam
2166 4171 2444 4240 manualia

495 4239 734 4306 foedat,
788 4239 813 4291 ι’
850 4253 905 4292 se
939 4253 1074 4293 maa
1107 4239 1357 4293 ecclcsiae
1401 4239 1587 4293 lubens
1627 4238 1976 4304 reformasset
2020 4239 2136 4293 niso·
2165 4239 2302 4295 dit-’o
2337 4255 2442 4295 aaa

496 4308 735 4364 owine
817 4305 971 4362 cudis
1007 4307 1340 4373 Aucto-iacis,
1397 4307 1827 4377 Romanumque
1870 4309 2214 4376 episcopatus
2258 4314 2310 4365 et
2346 4310 2440 4365 ab·

496 4377 681 4460 batiae
785 4375 1161 4432 manchiorum
1203 4377 1556 4459 mutuom·
1611 4376 1746 4457 Post
1781 4392 1972 4459 paceqe
2019 4378 2297 4446 ralia-‘onis
2340 4378 2443 4433 hoc

494 4461 634 4598 *5:0.
653 4445 2242 4598 w.·⁰⁸.5„⁰⁶⁶⁰⁶v”⁶⁹“¹“..,.‘⁰i·.⁸⁶⁰”⁰025¹220'..“
2229 4446 2441 4598 m

811 4599 1005 4637 norun·
1038 4589 1282 4652 permota
1354 4583 1728 4638 Nubila-nnus
1767 4589 1898 4638 tunc
1930 4590 2090 4639 etnam
2125 4583 2441 4640 Fet-dmm·-

498 4653 605 4710 ἀει
645 4667 747 4708 rex
790 4657 1055 4724 putum
1098 4652 1282 4721 potuit
1325 4655 1376 4708 οι·
1416 4654 1634 4724 περσεία
1676 4653 1945 4720 facessere
1988 4668 2099 4709 non
2143 4652 2440 4710 desinebat.

497 4717 817 4788 (amru-iero.
851 4718 947 4776 111.
989 4718 1079 4774 181
1119 4721 1224 4789 sq.)

701 4788 766 4924 ες
805 4786 897 4914 a

1020 4859 1033 4871 '
1082 4786 1732 4914 :tud‘idofflzatt'dgtsunt
1767 4857 1912 4913 duae
1950 4859 2232 4941 conciones
2263 4860 2444 4928 ipsius

495 4926 906 5120 &aa
930 4924 1223 5051 zat-³...
1267 4923 1711 5052 awa·
1727 4927 2442 5066 ..scamandrum-02·

747 5137 768 5196 )
809 5132 920 5188 Pro
953 5138 1188 5202 tenpore
1220 5132 1281 5188 lu·
1311 5149 1558 5191 meree
1591 5140 1801 5191 tanam
1833 5140 2009 5189 erant.
2063 5133 2254 5189 Hense
2278 5133 2440 5190 Maio

501 5206 738 5321 'W
665 5201 684 5281 ·'
741 5202 1022 5327 “xm
934 5203 1152 5328 W..
1141 5202 1717 5328 ...²⁸¹⁸‘0ss‘05132'ffi‘’
1761 5200 2200 5328 “owe-..3⁰3
2233 5205 2438 5328 <ms

491 5338 527 5402 (
785 5338 820 5394 ι.
853 5339 970 5396 xv.
1002 5312 1257 5398 ea'sm.
1291 5340 1357 5396 11.
1392 5340 1541 5408 aaa.)
1586 5286 1760 5342 ''⁰¹'‘

2011 407 2539 479 EPIS‘POLAE
2574 411 2735 474 2121
2752 409 3002 473 -2123

4365 409 4490 473 452

2544 599 2702 681 quid
2742 597 3201 749 amman,
3276 597 3432 681 quid
3511 598 3871 681 faciendus
3940 596 4337 663 vitandumve
4408 597 4497 663 sit

2546 705 2743 766 exponi
2796 730 2813 747 .

2548 857 2653 924 (Ex
2698 854 3032 927 autographo
3079 853 3778 979 Bibgfflmopaslioruff
3798 853 4293 989 geneomensium,
4348 854 4489 925 Epp.

2720 1114 2978 1198 Insigni
3052 1111 3307 1179 Christi
3362 1134 3554 1179 servo
3611 1112 3945 1180 Guilelmo
4000 1112 4265 1178 Farello
4319 1112 4489 1178 Neo-

2548 1200 2872 1267 comensis
2918 1198 3228 1265 ecclesiae
3271 1196 3403 1264 fido
3468 1199 3711 1282 pastori
3776 1199 3965 1265 fratri
4022 1219 4098 1265 ac
4155 1199 4327 1282 patri
4374 1219 4490 1265 suo

2545 1285 2905 1370 plurimum
2948 1283 3335 1351 venerando.

3990 1421 4314 1489 Neocomi.

2718 1611 2788 1678 S.
2855 1612 2936 1677 In
2998 1617 3179 1676 tanta
3234 1610 3471 1676 horum
3530 1609 4019 1677 tabellariorum
4079 1612 4493 1679 festinatione

2547 1720 2677 1764 non
2722 1699 3053 1782 potuimus
3097 1698 3227 1762 nisi
3270 1697 3660 1763 festinanter
3703 1695 3782 1761 de
3836 1695 4029 1763 rebus
4080 1696 4491 1783 gravissimis

2547 1784 2936 1864 consultare,
2982 1803 3148 1868 quae
3193 1790 3413 1847 tamen
3459 1783 3706 1848 diutius
3749 1783 4285 1866 praemeditatam
4339 1805 4490 1851 con-

2545 1869 2965 1937 sultationem
3008 1868 3436 1952 postulabant.
3465 1872 3516 1954 ¹)
3618 1868 3847 1935 Placet
3901 1869 4244 1936 consilium
4302 1879 4375 1935 ut
4414 1891 4491 1936 eo

2546 1966 2611 2022 te
2668 1955 2983 2034 conferas,
3040 1956 3179 2021 sia
3232 1955 3315 2020 D.
3377 1953 3696 2021 Blaurero
3751 1956 4093 2038 impetrari
4144 1957 4356 2039 possit
4413 1964 4489 2020 ut

2546 2043 2719 2108 hanc
2765 2050 2982 2108 tecum
3028 2041 3336 2124 suscipiat
3382 2040 3790 2125 legationem.
3878 2039 4011 2107 Sed
4060 2062 4364 2107 veremur
4404 2063 4488 2108 ne

2545 2129 2739 2193 nimis
2782 2128 2988 2193 iustas
3029 2125 3265 2192 habeat
3308 2128 3451 2192 eius
3495 2124 3952 2193 detrectandae
3994 2148 4240 2194 causas.
4346 2126 4492 2194 Scis

2547 2215 2721 2279 enim
2767 2234 2897 2297 qua
2930 2213 3016 2279 sit
3038 2212 3306 2278 affectus
3331 2213 3673 2297 Tubingae
3708 2213 3964 2279 iniuria.
3986 2213 4042 2299 ²)
4095 2212 4491 2298 Quanquam

2547 2322 2701 2369 vero
2736 2307 2912 2366 certe
2956 2299 3199 2364 scimus
3246 2307 3497 2365 veteres
3545 2299 3813 2364 iniurias
3858 2299 3951 2363 illi
3991 2299 4492 2383 haudquaquam

2546 2387 2615 2452 in
2662 2407 2848 2451 mora
2890 2385 3044 2464 fore,
3093 2386 3399 2451 timemus
3447 2392 3686 2465 tamen,
3734 2393 3807 2450 ut
3851 2395 3953 2450 est
4009 2384 4363 2464 modestus,
4406 2406 4491 2451 ne

2547 2472 2671 2537 sibi
2715 2470 3124 2554 persuadeat,
3172 2471 3391 2536 minus
3426 2472 3650 2537 valere
3696 2468 3868 2555 apud
3902 2470 4085 2536 illum
4132 2472 4491 2558 principem

2547 2558 2893 2623 autoritate
2950 2577 3147 2640 quam
3207 2557 3439 2622 merito
3499 2558 3718 2624 valere
3783 2556 4064 2622 deberet.
4174 2555 4366 2639 Quod
4432 2558 4489 2622 si

2549 2644 2897 2722 detrectet,
2958 2643 3281 2708 nescimus
3350 2643 3543 2726 plane
3615 2642 3766 2727 quid
3823 2663 4085 2726 sperare
4138 2643 4493 2710 debeamus

2551 2730 2630 2795 de
2677 2739 2789 2794 tua
2852 2729 3268 2811 profectione,
3319 2730 3374 2795 si
3434 2729 3612 2795 solus
3672 2751 3748 2794 eo
3802 2729 4216 2796 concesseris.
4320 2729 4491 2795 Nam

2549 2815 2913 2899 principem
2958 2815 3309 2881 convenire
3353 2835 3486 2880 non
3532 2816 3793 2898 poteris.
3897 2813 3973 2881 Si
4040 2827 4228 2881 utare
4286 2817 4490 2881 inter-

2549 2901 2845 2985 pretibus
2897 2900 3130 2985 quibus
3179 2920 3413 2983 parum
3473 2910 3698 2984 gratus
3769 2902 3854 2966 sit
3927 2912 4075 2967 tuus
4146 2899 4489 2980 adventus,

2548 2987 2874 3054 nescimus
2919 3007 3045 3069 qua
3087 2984 3216 3050 fide
3260 2994 3442 3052 tuam
3502 3006 3764 3053 causam
3824 2988 4028 3053 acturi
4089 2988 4241 3052 sint.
4342 2987 4489 3053 Non

2549 3073 2722 3141 enim
2774 3091 3115 3158 speramus
3180 3071 3533 3139 Tossanum
3600 3071 3719 3138 tibi
3774 3071 4077 3139 futurum
4138 3071 4487 3140 admodum

2547 3161 2917 3245 propitium,
2959 3178 3167 3243 neque
3211 3159 3395 3225 nobis
3441 3179 3591 3243 spes
3627 3159 3757 3226 alia
3801 3172 3901 3226 est
3942 3158 4022 3225 de
4058 3161 4137 3227 iis
4180 3161 4293 3244 qui
4336 3167 4493 3226 sunt

2548 3246 2827 3330 principi
2864 3266 2903 3309 a
2944 3242 3251 3323 consiliis,
3296 3266 3456 3328 quos
3498 3244 3798 3311 audimus
3860 3265 4087 3310 omnes
4132 3247 4494 3330 impensius

2556 3333 2830 3398 Tosaano
2873 3336 2940 3396 et
2982 3331 3125 3396 eius
3317 3331 3504 3396 nnidi
3542 3332 3612 3396 in
3653 3332 3886 3397 fratres
3930 3342 3998 3398 et
4040 3333 4109 3396 in
4153 3331 4491 3398 ecclesiam

2547 3419 2786 3483 favere.
2903 3416 3132 3499 Neque
3189 3424 3348 3481 ltem
3416 3414 3714 3484 videmus
3772 3417 3920 3501 quis
3987 3417 4105 3482 tibi
4160 3440 4243 3484 ex
4302 3418 4489 3484 nobis

2548 3523 2762 3569 comes
2806 3502 3076 3586 adiungi
3123 3504 3344 3585 possit,
3385 3513 3499 3568 aut
3530 3505 3677 3587 quis
3718 3503 3973 3570 fructus
4016 3525 4098 3568 ex
4143 3503 4261 3569 tali
4288 3505 4490 3572 comi-

2548 3597 2687 3653 tatu
2745 3587 3013 3673 sperari.
3112 3587 3285 3653 Nam
3343 3609 3535 3653 nemo
3591 3598 3691 3656 est
3742 3598 4040 3656 nostrum
4101 3592 4209 3673 qui
4270 3589 4494 3675 aliqua

2547 3675 2769 3742 valeat
2811 3672 2984 3757 apud
3028 3673 3388 3759 principem
3424 3677 3790 3740 autoritate.
3895 3673 4173 3755 Deinde,
4234 3677 4287 3742 si
4334 3676 4490 3744 hinc

2546 3760 2925 3845 egredimur
2967 3760 3109 3826 sine
3151 3760 3347 3826 venia
3380 3768 3751 3826 nostrorum
3793 3762 4180 3846 principum,
4216 3759 4491 3828 dubium

2548 3869 2682 3912 non
2743 3856 2844 3913 est
2901 3846 3060 3930 quin
3118 3845 3514 3911 turbulentis
3561 3847 3705 3912 istis
3761 3849 4159 3931 temporibus
4216 3869 4491 3933 magnas

2545 3953 2925 3999 moveamus
2969 3931 3356 4015 tragoedias,
3400 3952 3566 4016 quae
3610 3932 3758 4015 plus
3802 3935 4080 3999 afferent
4121 3934 4309 3999 nobis
4353 3945 4487 3999 tur·

2544 4019 2779 4085 barum
2822 4038 3016 4102 quam
3053 4017 3290 4102 quietis
3323 4023 3390 4083 et
3431 4018 3570 4101 opis
3612 4017 3924 4085 fratribus
3977 4017 4211 4102 quibus
4257 4018 4491 4086 melius

2544 4104 2919 4173 consultum
2962 4103 3283 4187 cupimus.
3384 4103 3523 4169 Vos
3577 4125 3694 4189 pro
3752 4125 3823 4170 re
3867 4114 4024 4171 nata
4067 4105 4280 4189 capite
4334 4128 4489 4173 oon·

2544 4191 2704 4257 silia.
2791 4189 2942 4254 Non
2988 4188 3285 4255 videmus
3326 4210 3455 4272 qua
3488 4191 3881 4256 conscientia
3925 4190 4184 4256 admitti
4238 4193 4493 4275 possint

2544 4274 2804 4343 articuli
2840 4274 2950 4359 qui
2995 4273 3306 4340 fratribus
3349 4283 3823 4360 proponuntur.
3850 4276 3902 4362 ⁸)
3996 4276 4271 4342 Necesse
4315 4277 4493 4343 enim

2544 4581 2724 4638 8128.
2752 4581 2812 4649 1)
2860 4581 2992 4638 Vide
3022 4582 3100 4637 ad
3138 4582 3211 4637 N.
3248 4580 3402 4639 2106.

2748 4650 2808 4718 2)
2850 4650 3128 4707 Iniuriam
3172 4651 3343 4708 aliam
3528 4653 3539 4664 '
3709 4650 3983 4707 Blaumo
4026 4652 4240 4708 Man
4280 4653 4492 4712 mua-s

2542 4723 2759 4786 mnus,
2798 4727 3019 4789 praeter
3063 4720 3434 4776 amnium
3468 4737 3506 4775 a
3719 4718 3902 4777 vlf-‘oo
3936 4737 3988 4776 a.
4022 4718 4161 4775 1538
4205 4720 4493 4790 ἄσασθαι,

2543 4790 2646 4861 φη·
2677 4789 2928 4871 'rimata‘
2956 4790 3175 4871 ueyauit
3209 4788 3538 4858 cumdium
3572 4789 3720 4859 quod
3753 4788 3806 4843 ei
3848 4789 4139 4845 debebam
4171 4796 4233 4873 σᾳ
4263 4807 4495 4847 wam-

2546 4858 2686 4915 tualt
2720 4857 2797 4912 At
2887 4858 3149 4915 εῦαοοηει.
3226 4856 3403 4927 Quam
3438 4862 3618 4912 tamen
3653 4874 3704 4912 c.
3744 4856 3880 4914 154⁷
3915 4859 4031 4913 duc
4071 4858 4502 4930 Gar-stophen„

2541 4926 2682 5011 alud
2723 4928 2865 5010 ω’·
2918 4934 2995 5012 et,
3034 4926 3310 4983 Elam-oro
3352 4941 3467 4981 rent
3512 4927 3628 4981 alta
3672 4933 3844 4983 mente
3885 4930 4183 4996 reposita-
4224 4930 4499 4986 mahat

2538 5011 2635 5052 Μ
2667 4995 2845 5133 mg)
2942 5013 3296 5120 ...rammi
3334 5063 3573 5130 fusam
3617 5070 3861 5146 quatuor·
3888 5064 3973 5119 aa·
4004 5066 4361 5148 naama
4385 5033 4497 5124 ν’ὀ-

2541 5135 2646 5216 len·
2811 5174 2825 5199 ,
2920 5133 3221 5216 ,candaosa
3259 5130 3520 5189 Blcmont
3550 5139 3600 5188 ct
3639 5131 3695 5188 S.
3720 5131 3925 5215 ..luben
3954 5133 4118 5215 quod,
4136 5134 4499 5217 daupi-ua·

2552 5203 2695 5286 Vm
2772 5275 2782 5286 ·
2868 5216 3300 5284 manusco-perc
3318 5208 3675 5284 recusassent,
3697 5217 3821 5285 ‘aaut
3851 5217 3919 5258 ca
3951 5203 4260 5286 ςῳάιΰςοκι
4289 5219 4499 5285 rae-m

2539 5277 2871 5399 sarchan
2905 5272 3123 5328 adada
3163 5285 3323 5339 posse
3362 5286 3516 5341 speon
3558 5271 4499 5341 neuwen-usmeta&
