4850 6200
397 402 517 463 509

387 583 559 654 confi
599 593 674 651 et
709 584 1222 651 auroeomnium
1243 583 1876 667 possunttestificari
1911 585 2023 668 qui
2045 583 2340 665 aderant,

389 681 471 738 ut
507 670 753 754 aliquid
786 683 1017 737 eontra
1048 671 1286 736 statres
1318 667 1691 735 haberetur.
1751 667 1884 736 Sed
1922 690 2153 736 omnes
2185 690 2339 738 cum

388 757 582 825 laude
625 756 1072 824 innocentiam
1110 755 1336 821 testati
1365 762 1537 820 sunt.
1600 753 1776 821 Victi
1797 775 2031 822 omnes
2047 757 2336 823 fuerunt.

387 842 783 910 Innocentis
812 843 1020 908 maior
1063 862 1259 927 quam
1302 841 1410 907 vel
1451 840 1791 924 improbus
1832 862 2075 927 negare
2112 844 2338 927 possit.

383 929 519 997 Hic
588 939 850 996 tantmu
921 949 1058 994 non
1129 927 1417 994 restituti
1493 937 1655 992 sunt
1715 928 1973 1008 tratres,
2035 928 2206 1011 quod
2271 940 2339 995 et

395 1016 714 1085 Quotus
769 1015 1020 1080 vocatis
1076 1033 1117 1078 a
1167 1035 1238 1080 se
1294 1010 1498 1092 dixit,
1557 1026 1634 1079 ut
1691 1011 1843 1079 boni
1898 1014 2334 1093 consulerent,

383 1100 758 1169 habendam
803 1100 967 1167 alias
1007 1101 1302 1184 ipsorum
1343 1100 1682 1199 rationem.
1780 1098 1917 1165 Sed
1950 1100 2336 1183 improbitas

381 1211 557 1341 ω’
429 1208 562 1255 ¹¹⁰⁸
599 1203 1026 1351 ffliffls
1049 1185 1292 1337 QZ
1289 1206 1412 1335 ΜΠ
1376 1185 2335 1357 ρῄῖἶξῗίέῗοέξὶῗζὲἒέἑῖ

379 1363 452 1427 iu
494 1360 714 1426 iocum
750 1359 894 1425 able
980 1368 1221 1434 torum,
1255 1353 1516 1441 duoque
1548 1357 1680 1422 iam
1714 1355 2037 1436 adessent,
2073 1370 2333 1423 tantum

377 1447 598 1514 effecit
636 1455 714 1511 ut
753 1378 979 1511 cmnffx
1014 1443 1340 1512 everterit.
1445 1441 1684 1508 Videat
1719 1441 2029 1510 Christus
2073 1455 2140 1509 et
2181 1465 2334 1511 con-

379 1533 574 1611 sulat,
619 1529 966 1599 mendacia
1004 1528 1226 1614 palam
1275 1529 1474 1595 faciat
1515 1541 1584 1594 et
1636 1529 1977 1595 veritatem
2038 1531 2332 1596 omnium

378 1620 452 1685 in
494 1618 710 1685 lucem
749 1616 1057 1700 proferat.
1111 1614 1365 1681 Vereor
1398 1635 1485 1680 ne
1527 1614 1609 1680 ad
1636 1635 1852 1681 mores
1895 1636 2057 1698 quos
2080 1615 2333 1683 Romae

377 1703 755 1771 imbibimus
818 1701 1161 1768 redeamus
1239 1700 1429 1785 pulso
1507 1722 1589 1766 ex
1678 1700 1980 1767 cordibus
2043 1701 2330 1768 Christo.

377 1791 542 1875 Ego,
589 1801 670 1855 ut
709 1789 999 1873 ingenue
1043 1788 1267 1866 fatear,
1313 1807 1545 1871 pamm
1601 1808 1790 1870 spero
1847 1786 1927 1853 de
1983 1798 2119 1853 tam
2179 1809 2329 1873 gra-

382 1877 547 1943 viter
611 1876 814 1959 lapso,
873 1875 985 1957 qui
1039 1872 1507 1956 sesquiannum
1564 1873 1695 1939 iam
1755 1871 2044 1939 luctatus
2099 1882 2332 1940 contra

374 1963 548 2047 piam
595 1980 884 2037 causam,
925 1962 1075 2026 ficto
1119 1971 1186 2025 et
1227 1958 1631 2024 mendaciter
1673 1980 1875 2044 agens
1918 1969 2148 2026 contra
2190 1961 2327 2025 sin-

375 2067 558 2115 ceros
599 2047 861 2125 batres,
919 2044 1117 2111 nullis
1161 2046 1439 2128 scriptis,
1500 2043 1700 2111 nullis
1755 2044 2124 2111 hortatibus
2181 2067 2328 2129 per-

372 2135 624 2200 moveri
669 2133 884 2216 potuit
938 2151 1060 2197 nec
1113 2130 1346 2197 adduci
1403 2130 1615 2195 valuit
1668 2140 1744 2195 ut
1797 2153 1881 2197 ex
1940 2131 2137 2200 verbo
2193 2132 2326 2197 Dei

375 2232 699 2305 ageretur,
743 2221 956 2302 sitque
999 2230 1134 2284 tam
1191 2215 1486 2301 improbe
1537 2216 1863 2301 loquutus,
1923 2226 1999 2282 ut
2054 2219 2327 2284 confun-

375 2305 591 2372 denda
633 2308 858 2370 omnia
900 2317 968 2370 et
1011 2304 1339 2388 perditum
1395 2303 1480 2368 iri
1545 2302 1785 2368 dixerit
1851 2305 1907 2368 si
1974 2325 2055 2368 ex
2124 2304 2324 2370 verbo

374 2392 518 2476 quis
563 2390 726 2457 velit
765 2389 1061 2475 regulam
1105 2409 1367 2456 sumere
1411 2386 1651 2474 agendi
1694 2399 1762 2455 et
1804 2390 2076 2474 regendi
2120 2389 2325 2456 eccle-

374 2478 522 2558 sias,
562 2499 768 2561 quum
813 2476 980 2541 nihil
1033 2475 1122 2541 sit
1174 2474 1506 2551 incertius,
1565 2477 1659 2539 ita
1715 2474 2090 2541 hominibus
2149 2477 2327 2542 varie

373 2565 596 2629 omnia
637 2559 1246 2690 interpretantibus.
1348 2558 1555 2626 Vides
1610 2560 1769 2645 quid
1815 2562 2011 2628 verbo
2054 2560 2325 2627 deferat.

373 2648 800 2716 Academicos
853 2659 878 2724 )
923 2648 1138 2732 potius
1173 2646 1319 2714 vult
1359 2645 1600 2713 habere
1640 2654 1706 2711 et
1738 2647 1995 2713 efficere
2029 2658 2324 2731 pastores

372 2756 563 2820 quam
611 2755 766 2801 vere
809 2734 1220 2813 christianos,
1266 2731 1470 2798 solide
1505 2730 1812 2799 fundatos
1855 2734 1922 2798 in
1967 2732 2325 2800 stabilitate

374 2823 551 2887 verbi
586 2822 886 2887 omnium
920 2819 1283 2886 certissimi.
1345 2816 1540 2899 Quod
1581 2838 1786 2901 quum
1810 2817 2092 2884 dicerem
2129 2819 2322 2885 alteri

370 2927 592 2974 corum
638 2908 749 2991 qui
792 2927 1004 2990 nuper
1045 2918 1109 2971 te
1152 2905 1396 2981 invisit,
1444 2904 1783 2987 respondit
1840 2926 1909 2970 se
1954 2926 2086 2969 uon
2129 2925 2320 2989 posse

369 3013 498 3059 non
541 2993 709 3060 bene
742 3012 1011 3077 sperare
1054 2991 1135 3055 de
1178 3010 1274 3069 eo,
1332 3011 1452 3056 nec
1496 3011 1685 3073 posse
1742 2989 2034 3057 oblivisci
2092 3012 2321 3057 eorum

371 3102 534 3165 quae
569 3078 740 3146 vidit
783 3086 937 3145 ante
986 3077 1222 3145 serven
1265 3076 1734 3161 captivitatem.
1838 3077 2102 3144 Placuit
2143 3076 2318 3161 quod

369 3169 513 3249 pius
556 3167 764 3232 trater
807 3165 886 3230 de
931 3165 1305 3231 adversario
1353 3163 1539 3239 dixit,
1586 3172 1652 3227 et
1710 3163 1883 3246 quod
1926 3185 2056 3229 non
2114 3166 2319 3248 possit

371 3255 507 3318 eius
549 3251 847 3319 oblivisci
891 3252 958 3316 in
1003 3249 1336 3335 precibus,
1384 3251 1540 3331 quin
1582 3269 1809 3314 omnes
1859 3251 2209 3315 Tassamcm
2253 3257 2320 3315 et

369 3339 671 3406 ecclesias
723 3337 1040 3404 fratribus
1097 3335 1290 3402 hodie
1345 3333 1900 3401 commendarunt.
2021 3339 2317 3421 Agamus

367 3426 566 3509 igitur
608 3432 675 3490 et
721 3425 853 3489 vim
912 3424 1094 3489 nobis
1153 3423 1470 3487 faciamus
1527 3443 1645 3505 pro
1701 3422 1912 3488 salute
1971 3423 2193 3487 fratris
2248 3431 2318 3488 et

369 3532 484 3594 pro
525 3510 834 3586 ecclesiis,
879 3529 1000 3610 pro
1045 3509 1279 3593 quibus
1327 3519 1390 3572 te
1433 3519 1624 3573 orant
1667 3511 1903 3574 fratres
1961 3509 2073 3591 qui
2125 3507 2317 3574 hodie

363 3609 830 3674 convenerunt,
887 3617 1020 3660 imo
1065 3607 1245 3660 tuam
1292 3593 1399 3659 hic
1442 3593 1750 3678 flagitant
1793 3615 2011 3679 opem,
2057 3615 2316 3660 omnes-

363 3704 488 3768 que
547 3693 611 3748 te
671 3682 984 3760 salutant,
1044 3683 1215 3746 inter
1270 3700 1427 3763 quos
1482 3679 1747 3763 collega.
1851 3681 2162 3746 Neocomi
2210 3685 2308 3744 21.

1587 3904 1768 3968 Tuus
1810 3902 2137 3969 Far-ellus.

1240 4569 1430 4642 2154.

725 4725 1271 4795 GARNERIUS
1316 4723 1953 4795 BULLINGERO.

532 4897 764 4966 Multis
841 4899 1295 4965 obsmntiam

361 4986 763 5070 Arymtorati
827 4990 1132 5067 receptum
1187 4985 1447 5050 nunciat
1502 4989 1559 5048 et
1612 5005 1656 5047 a
1704 4982 1916 5049 Gallis
1972 4990 2305 5068 accepemus.

359 5069 464 5138 De
520 5071 860 5138 Germanis
920 5072 1192 5137 nondum
1248 5074 1482 5137 constat
1531 5070 1683 5152 quid
1745 5072 2109 5152 responsuri
2160 5073 2308 5150 sint,

341 5157 525 5225 Amr
544 5177 699 5241 quos
725 5155 1085 5242 ammius
1114 5161 1323 5223 coutm
1343 5157 1864 5223 sacramentarios
1885 5156 2305 5225 debacchatur.

1368 4918 1554 4963 suam
1629 4901 1890 4963 testatus
1949 4917 2308 4965 consensum

566 5327 954 5398 &Bell-unos.

2154 401 2315 463 1555
2359 396 2645 465 um.

4265 408 4393 470 51⁰

2444 586 2556 652 (Ex
2588 595 2819 709 autogr·
2856 586 2930 640 ho
2965 586 3182 710 w.
3206 588 3400 709 ¹{rm-ic.
3435 588 3576 643 Plut.
3601 588 3694 643 Vl.
3732 588 3855 643 Vol.
3901 589 4012 655 ΠΟ,
4051 590 4178 644 olim
4217 591 4391 651 Seria.

2764 695 2776 709 .
2940 695 2954 709 .
3036 697 3050 709 .
3159 700 3172 725 ,
3229 658 3299 709 ol.
3333 655 3451 711 880.
3494 686 3552 696 -
3590 658 3803 712 Slmlcr.
3842 658 3967 714 Vol.
4002 657 4114 725 84.)

2612 827 2995 895 Clarissimo
3047 849 3125 896 ac
3184 830 3479 913 piissimo
3537 830 3680 896 viro
3737 830 3818 897 D.
3878 831 4168 897 Henrico
4224 833 4388 898 Bul-

2440 912 2694 998 lingerc
2737 937 2855 981 suo
2899 916 2971 980 in
3016 915 3302 982 Domino
3356 917 3765 1000 praeceptori
3817 938 3894 983 ac
3935 919 4166 984 maiori
4211 918 4276 984 h.
4323 917 4387 985 d.

3962 1020 4211 1105 ‘figuti

2608 1188 2683 1257 S.
2728 1191 2803 1258 P.
2873 1189 3067 1274 Quod
3110 1191 3351 1258 nostris
3392 1191 3602 1257 literis
3645 1190 4037 1275 respondere
4080 1192 4387 1278 dignatus

2439 1275 2549 1355 sis,
2593 1287 2785 1361 pater
2828 1300 2904 1345 ac
2946 1289 3319 1362 praeceptor
3362 1279 3431 1344 in
3475 1276 3740 1345 Christo
3783 1275 4172 1358 venerande,
4213 1280 4386 1363 qnod

2442 1361 2718 1447 denique
2773 1364 2936 1429 mihi
2991 1364 3279 1448 adeoque
3349 1364 3469 1429 toti
3529 1363 3682 1430 huic
3746 1364 4053 1431 ecclesiae
4118 1372 4385 1432 nostrae

2440 1448 2801 1535 gallicanae
2845 1464 2982 1516 tam
3026 1451 3277 1517 sincere
3321 1472 3395 1518 ac
3439 1449 3713 1517 candide
3755 1451 4177 1530 consulueris,
4233 1472 4382 1536 gra-

2439 1536 2566 1601 tias
2608 1534 2819 1602 habeo
2861 1556 3193 1621 nunquam
3222 1539 3565 1621 perituras.
3623 1536 3738 1603 Sic
3775 1537 3949 1603 enim
3994 1559 4111 1603 nos
4153 1557 4384 1604 omnes

2434 1622 2586 1702 tibi,
2636 1622 2797 1689 satis
2841 1622 3084 1707 alioqui
3127 1623 3482 1703 devinctos,
3531 1622 3962 1690 devinctiores
4019 1622 4378 1690 reddidisti.

2435 1708 2529 1773 Et
2571 1728 2729 1774 sane
2773 1709 2960 1774 nobis
3004 1710 3308 1776 omnibus
3342 1708 3691 1775 admodum
3736 1708 4048 1793 probatur
4084 1722 4269 1775 tuum
4315 1719 4381 1774 et

2434 1795 2712 1860 fratrum
2756 1796 3050 1860 omnium
3091 1796 3203 1879 qui
3258 1795 3408 1862 istic
3458 1810 3617 1860 sunt
3674 1794 4015 1861 consilium
4070 1795 4244 1879 quod
4299 1794 4381 1860 de

2434 1881 2837 1948 confessione
2891 1881 3005 1946 illa
3061 1882 3448 1966 Augustana
3476 1884 3523 1962 ¹)
3586 1880 3774 1947 nobis
3833 1881 4377 1960 communicastis,

2432 1987 2555 2032 nec
2597 1966 2930 2033 diversum
2976 1979 3077 2035 est
3117 1990 3156 2032 a
3197 1966 3285 2032 D.
3333 1966 3584 2033 Calvisi
3628 1967 3913 2048 consilio,
3959 1966 4074 2033 sed
4111 1988 4380 2051 prorsus

2432 2050 2623 2118 idem.
2710 2051 2855 2119 Sibi
2898 2053 3077 2120 enim
3121 2075 3381 2136 semper
3424 2061 3491 2120 et
3532 2054 3771 2137 ubique
3813 2062 4066 2121 constat
4109 2054 4381 2138 spiritus

2432 2138 2684 2206 Christi
2728 2139 2899 2205 Iesu.
2965 2139 3198 2223 Itaque
3241 2160 3446 2223 quum
3490 2149 3585 2205 tot
3627 2140 3767 2223 pios
3811 2149 3880 2204 ct
3924 2136 4141 2206 doctos
4178 2142 4375 2219 viros,

2428 2234 2527 2291 tot
2570 2242 2830 2292 sanctas
2873 2226 3195 2301 ecclesias,
3255 2226 3388 2292 imo
3432 2236 3499 2291 et
3552 2227 3771 2309 ipsum
3818 2226 3946 2292 Dei
4004 2225 4280 2292 verbum
4338 2247 4380 2290 a

2428 2321 2618 2395 parte
2660 2325 2885 2377 nostra
2926 2310 3304 2389 habeamus,
3350 2332 3464 2395 per
3549 2334 3712 2390 mus,
3774 2313 4038 2379 favente
4083 2312 4246 2388 Deo,
4305 2313 4378 2376 in

2427 2397 2557 2465 fide
2599 2399 2919 2483 religione
2961 2408 3028 2462 et
3072 2397 3366 2463 doctrina
3409 2398 3463 2464 C
3556 2398 3660 2463 'sti
3716 2398 3831 2463 filii
3878 2398 4005 2463 Dei
4064 2397 4376 2479 quemad-

2427 2483 2700 2549 modum
2738 2484 3078 2561 hactenus,·
3119 2484 3377 2549 etiamsi
3422 2485 3672 2549 saeviat
3717 2484 4018 2561 mundus,
4074 2484 4377 2568 insurgat

2431 2567 2715 2636 Satanas
2759 2590 2907 2635 cum
2950 2570 3251 2636 omnibus
3296 2568 3653 2635 inferorum
3699 2571 3920 2653 portis.
3972 2568 4121 2635 Hoc
4165 2591 4372 2634 unum

2427 2676 2468 2721 a
2512 2657 2694 2723 vobis
2740 2678 2917 2722 nunc
2959 2657 3263 2741 petimus,
3322 2669 3398 2720 ut
3454 2676 3775 2721 memores
3837 2656 3980 2723 sitis
4035 2657 4245 2720 nostri
4302 2654 4374 2718 in

2429 2744 2665 2808 vestris
2710 2744 2954 2807 sanctis
3009 2741 3328 2825 precibus,
3390 2763 3515 2825 quo
3586 2741 3911 2807 Dominus
3968 2742 4152 2807 Deus
4213 2739 4371 2824 Opt.

2424 2829 2605 2895 Max.
2653 2842 2967 2912 perpetuo
3011 2828 3252 2913 dirigat
3277 2850 3394 2893 nos
3440 2844 3663 2894 sancto
3710 2829 3946 2911 spiritu
3972 2849 4087 2893 suo
4131 2829 4200 2891 in
4249 2827 4370 2891 hac

2423 2916 2536 2981 via
2581 2914 2874 2981 veritatis
2919 2926 2983 2979 et
3029 2914 3377 2992 doctrinae,
3424 2925 3617 2997 atque
3655 2915 3746 2980 sic
3792 2913 4124 2979 valeamus
4162 2913 4371 2977 officio

2423 3016 2648 3068 nostro
2694 3001 3066 3067 satisfacere
3111 3011 3178 3065 et
3216 3000 3298 3065 ad
3350 3002 3752 3084 propositum
3806 3000 3992 3065 nobis
4038 3012 4373 3065 certamen.

2422 3096 2600 3154 recta
2634 3087 2918 3155 tendere.
3016 3088 3278 3172 Nosque
3338 3088 3628 3153 vicissim
3684 3085 4010 3153 orabimus
4063 3109 4187 3169 quo
4233 3082 4371 3150 Do-

2423 3175 2644 3241 minus
2684 3174 3006 3260 adaugeat
3040 3177 3343 3258 spiritum
3388 3187 3683 3239 sanctum
3729 3196 3918 3239 suum
3967 3175 4032 3238 in
4070 3195 4182 3238 vos
4228 3193 4371 3238 ves-

2421 3263 2671 3344 trisque
2716 3262 3005 3329 ecclesiis
3048 3261 3404 3327 benedicat.

2592 3348 2947 3414 Caeterum
2986 3348 3423 3431 superioribus
3469 3346 3695 3412 diebus
3734 3347 3813 3410 D.
3848 3343 4149 3413 Calvinus
4193 3344 4373 3409 misit

2419 3435 2547 3500 huc
2591 3435 2674 3500 ad
2716 3444 2973 3501 nostros
3016 3436 3500 3501 concionatores
3546 3432 3837 3498 libellum
3882 3451 4073 3514 quem
4112 3431 4372 3496 noviter

2419 3521 2684 3604 scripsit
2729 3521 2807 3586 de
2853 3542 3037 3586 sacra
3081 3541 3295 3586 coena.
3318 3522 3375 3600 ²)
3440 3519 3764 3600 Receptus
3800 3516 4058 3601 quidem
4097 3533 4216 3592 est,
4253 3520 4369 3585 scd

2418 3605 2738 3690 quomodo
2797 3619 3099 3687 acceptus
3153 3607 3386 3671 nescio.
3502 3603 3812 3669 Nondum
3873 3604 4367 3686 responderunt,

2419 3692 2796 3775 responsuri
2856 3705 3094 3756 tamen.
3214 3693 3401 3755 'Punc
3458 3691 3841 3773 intelligetis
3898 3689 4051 3771 quid
4108 3692 4203 3755 rei
4262 3692 4366 3758 sit.

2418 3778 2623 3844 Nobis
2666 3778 2968 3844 omnibus
3014 3777 3229 3842 Gallis
3270 3778 3428 3841 satis
3473 3777 3799 3859 probatur.
3902 3776 4173 3842 Utinam
4231 3789 4366 3843 tam

2419 3865 2584 3930 bene
2627 3865 3013 3947 probaretur
3054 3864 3355 3929 omnibus
3401 3862 3771 3928 Germanis.

2592 3952 2830 4016 Noster
2887 3951 3201 4024 Beatus³)
3275 3950 3385 4031 qui
3461 3950 3592 4013 huc
3648 3948 3869 4014 Berua
3928 3950 4055 4013 iam
4117 3947 4365 4015 dudum

2414 4039 2602 4102 venit
2624 4039 2957 4121 negotium
2983 4036 3245 4101 facessit
3279 4034 3581 4100 omnibus
3619 4034 3767 4099 aliis
3799 4036 4365 4103 concionatoribus

2414 4133 2612 4207 atque
2654 4122 2957 4189 ecclesias
2999 4144 3130 4187 non
3168 4141 3402 4205 parum
3440 4131 3658 4186 vexat.
3750 4120 3874 4185 Ille
3910 4120 4034 4187 sibi
4071 4122 4363 4205 prudens

2413 4218 2533 4286 est,
2583 4209 2707 4274 sibi
2751 4208 2941 4292 sapit,
2989 4207 3090 4274 sui
3124 4228 3383 4291 semper
3422 4206 3654 4272 similis
3693 4217 3809 4271 est.
3900 4207 4142 4272 Manus
4187 4208 4363 4272 illius

2414 4303 2645 4361 contra
2703 4316 2928 4359 omnes
2994 4293 3464 4370 debacchatur,
3532 4295 3599 4357 in
3669 4295 4208 4358 sacramentarios
4277 4294 4362 4357 ad

2414 4402 2744 4456 nauseam,
2792 4379 2951 4446 adeo
2996 4389 3071 4445 ut
3114 4401 3232 4445 nec
3278 4401 3315 4444 a
3358 4378 3760 4445 Lntheranis
3849 4380 4130 4444 robetur.
4211 4379 4361 4443 Non

2414 4470 2591 4533 enim
2668 4467 2974 4550 intelligit
3055 4485 3174 4531 nec
3250 4465 3653 4550 intelligitur.
3849 4465 4106 4530 ominus
4174 4466 4389 4546 Deus⁴

2410 4709 2591 4765 am
2621 4709 2674 4773 1)
2710 4723 2786 4762 an
2820 4705 3177 4775 recipienda?
3218 4706 3365 4776 quod
3398 4707 3618 4760 minume
3651 4721 3776 4760 vero
3812 4705 3988 4759 εἰκαῖα
4021 4705 4178 4758 nobis
4210 4703 4357 4760 vida-

2409 4785 2518 4833 tur.
2588 4777 3079 4899 Iudaeam-sima
3119 4777 3383 4830 &amorii
3426 4791 3508 4844 ep.
3543 4775 3620 4828 ad
3655 4773 3847 4829 Oalmn'
3852 4792 3941 4827 um
3999 4773 4072 4827 N.
4108 4772 4246 4825 2125
4292 4777 4358 4826 de

2407 4850 2511 4903 hac
2546 4865 2602 4900 re
2636 4863 2672 4899 n
2750 4849 2789 4896 ‘.

2618 4915 2647 4965 2
2712 4915 2783 4969 N.
2821 4912 2976 4968 2088.

2618 4917 2677 5052 δὲ
2713 4982 2941 5037 41548
2974 4999 3093 5038 cum
3116 4981 3782 5038 SuberoaBu-nensibus
3818 4981 4087 5046 dimissus,
4122 4996 4175 5033 a.
4202 4977 4354 5033 1550.

2414 5053 2672 5108 Conrado
2710 5051 2974 5108 Schnellio
3009 5068 3055 5106 v.
3090 5053 3142 5106 d.
3181 5069 3250 5106 m.
3287 5051 3363 5106 ad
3401 5051 3454 5105 8.
3503 5050 3733 5104 Thomas
3766 5051 4034 5112 successit,
4066 5057 4355 5118 postquam

2409 5122 2743 5192 aliquandiu
2777 5123 3042 5176 diaconus
3077 5124 3152 5174 ad
3197 5137 3458 5174 summum
3506 5121 3750 5185 templum
3792 5121 3918 5184 fuit.
3997 5120 4263 5189 Opposuit
4297 5138 4367 5186 se,

2409 5193 2546 5247 abra
2584 5192 2761 5245 atiani
2798 5189 3026 5245 Interim
3062 5197 3112 5244 et
3151 5189 3455 5244 Conventus
3489 5190 3665 5242 eccles.
3705 5191 4005 5254 autoritati,
4049 5197 4098 5242 et
4133 5190 4351 5244 tandem

2411 5278 2462 5313 a.
2506 5263 2524 5311 l
2567 5258 2635 5313 57
2685 5275 2904 5315 munere
2949 5259 3238 5314 abdicatus
3274 5259 3417 5326 fuit,
3470 5269 3634 5313 antea
3682 5275 3720 5312 a
3758 5256 4041 5313 Commu
4084 5263 4352 5314 exclusus.

2410 5328 2620 5399 (Karb-
2659 5328 2825 5383 Βίαν.
2856 5343 3081 5399 pamm.
3162 5327 3429 5383 Roelm'ch
3462 5328 3553 5381 111.
3594 5327 3705 5393 98.)
