4850 6200
530 415 652 477 367

819 595 834 610 “
932 594 947 608 “
1013 591 1365 661 admodum
1428 613 1619 659 servo
1670 591 1940 658 Domini
1992 590 2148 657 Iesu
2209 589 2461 656 Christi

529 682 764 750 Ioanni
923 680 1078 746 vino
1120 699 1361 763 magno
1402 676 1785 744 illustratori
1826 675 2156 743 doctrinae
2197 676 2460 760 pietatis

527 767 718 835 fratri
760 773 827 832 et
866 772 1273 850 symmystae
1315 783 1512 848 quam
1554 763 1905 829 carissimo.
1964 846 2284 915 Gonane·

695 1041 833 1105 Vix
894 1038 1236 1106 credebam
1300 1036 1393 1101 ita
1454 1035 1691 1104 habere
1756 1044 1833 1101 ut
1893 1036 2101 1103 bonus
2163 1037 2270 1103 vir
2333 1037 2458 1103 hac

526 1125 856 1194 transiens
895 1124 1241 1203 referebat,
1295 1131 1435 1188 tam
1474 1121 1665 1189 facile
1706 1121 1925 1188 omnia
1966 1122 2199 1207 Tiguri
2239 1130 2457 1187 trans-

528 1222 687 1281 acta.
714 1210 765 1298 ¹)
860 1208 993 1277 Sed
1049 1209 1279 1275 literae
1340 1229 1503 1292 quas
1556 1208 1794 1274 misisti
1813 1209 1869 1281 2)
1930 1229 2163 1294 magno
2305 1207 2457 1274 udio

526 1318 636 1366 me
679 1296 1123 1383 perfuderunt,
1182 1313 1432 1380 agoque
1465 1294 1711 1379 gratias
1752 1293 2039 1360 Domino
2086 1315 2175 1378 qu
2316 1300 2455 1359 tam

526 1385 808 1470 benigne
849 1381 1183 1449 nobiscum
1226 1386 1395 1466 agat.
1487 1378 1681 1462 Quod
1723 1377 1907 1445 addis
1948 1379 2029 1446 de
2071 1379 2456 1462 intemperie

527 1471 825 1549 istorum,
859 1468 1076 1535 nescio
1112 1487 1199 1532 an
1245 1466 1581 1532 vesaniam
1640 1485 1864 1532 vocem
1906 1466 2079 1548 quod
2134 1466 2230 1530 ita
2282 1466 2456 1531 insa·

528 1557 734 1634 niant,
806 1551 1166 1652 persimiles
1216 1552 1454 1617 nostris
1507 1552 1618 1634 qui
1673 1551 1830 1617 olim
1899 1552 2005 1652 hic
2076 1557 2453 1635 praeerant:

526 1637 1124 1795 33f..:¹:.¹z'¹3.”.¹1¹332
1158 1658 1442 1789 :zm
1487 1644 1788 1790 3⁹:¹35.
1816 1637 2459 1806 ssfi¹ss2013⁸’1.¹⁵3ffi

534 1810 869 1879 Garamas
899 1830 1117 1876 secum
1162 1807 1459 1887 habebat,
1503 1816 1569 1875 et
1609 1828 1805 1875 nemo
1847 1829 2072 1875 eorum
2105 1807 2460 1893 quidquam

527 1905 748 1974 norat,
806 1915 888 1961 ne
943 1895 1202 1961 literam
1238 1892 1498 1979 quidem
1551 1916 1752 1959 unam
1806 1896 2143 1960 nominare
2185 1902 2459 1979 poterat.

527 1981 704 2050 Sane
748 2002 880 2047 non
916 1981 1135 2046 minus
1177 1980 1428 2063 ineptos
1478 1987 1637 2064 puto
1679 2000 1790 2046 eos
1831 1980 1943 2064 qui
2000 1999 2309 2047 censurae
2361 1980 2462 2044 tui

527 2067 744 2152 operis
780 2064 1099 2150 designati
1158 2077 1328 2132 sunt.
1355 2069 1407 2144 ³)
1509 2064 1642 2133 Sed
1695 2064 1853 2150 quid
1904 2065 2107 2133 facias
2151 2087 2303 2133 cum
2357 2067 2462 2131 in-

528 2154 707 2220 sanis
741 2151 993 2219 iudiciis
1037 2160 1103 2218 et
1148 2160 1281 2216 tam
1327 2151 1774 2230 insolentibus,
1833 2158 2291 2236 praeterquam
2347 2150 2464 2217 ad-

526 2238 786 2305 mireris
860 2237 1272 2305 clementiam
1363 2237 1546 2304 illam
1628 2238 1971 2304 coelestem
1986 2289 2003 2317 ,
2086 2259 2252 2322 quae
2326 2244 2464 2302 tam

611 2322 799 2390 rditis
843 2333 909 2390 et
930 2336 1064 2389 tam
1087 2323 1408 2407 corruptis
1444 2322 1815 2390 bominibus
1859 2334 2134 2390 suatam
2177 2323 2465 2408 insignia

573 2430 701 2476 ona
764 2409 1073 2494 largitur,
1184 2427 1307 2473 uae
1368 2429 1520 2491 pars
1583 2409 1918 2476 conculcat
1971 2408 2273 2494 pedibus,
2330 2428 2463 2473 non

528 2515 718 2562 secus
759 2515 953 2578 quam
996 2515 1176 2578 porei
1219 2494 1558 2574 immundi,
1618 2516 1772 2579 pars
1814 2503 1889 2560 ut
1934 2515 2128 2561 canes
2185 2495 2460 2560 lacerat:

525 2583 643 2648 vix
686 2589 784 2645 est
827 2581 1122 2647 invenire
1164 2580 1275 2663 qui
1319 2588 1627 2666 agnoscat
1680 2588 1746 2645 et
1803 2581 2085 2665 excipiat
2142 2590 2216 2646 ut
2258 2580 2461 2646 decet.

526 2664 844 2750 Optarem
908 2674 974 2732 te
1039 2667 1200 2733 haec
1265 2668 1553 2748 accipere
1617 2689 1698 2733 ex
1761 2686 1965 2732 manu
2030 2666 2331 2743 Domini,
2397 2673 2466 2731 et

571 2752 697 2817 atri
750 2750 1341 2818 misericordiarum
1379 2754 1625 2837 gratias
1667 2772 1860 2838 agere
1901 2772 2100 2837 super
2155 2772 2233 2817 eo
2291 2750 2463 2835 quod

612 2846 660 2915 t,
701 2857 936 2921 nempe
980 2846 1055 2902 ut
1108 2835 1288 2903 labor
1330 2846 1481 2905 tuus
1532 2846 1668 2903 tam
1731 2837 2042 2921 probetur
2108 2835 2459 2923 Tigurinis.

527 2924 591 2989 A
635 2920 950 2990 Blamero
964 2925 1022 3004 ⁴)
1068 2943 1265 3007 quam
1318 2923 1602 2989 maxime
1655 2922 2161 3003 commendatur,
2218 2932 2287 2990 et
2326 2944 2463 2988 non

529 3006 751 3074 dubito
793 3009 948 3091 quin
991 3008 1040 3073 ii
1083 3008 1196 3093 qui
1229 3027 1482 3075 mecum
1523 3008 1767 3075 faciunt
1799 3028 1931 3074 non
1954 3012 1990 3045 ⁴⁵
2032 3008 2459 3075 admirentur.

524 3093 662 3162 Sed
704 3091 1239 3160 absurdissimum
1304 3103 1403 3161 est
1446 3093 1617 3179 quod
1670 3095 1777 3161 isti
1835 3093 2106 3175 audent,
2173 3105 2240 3161 et
2302 3116 2463 3162 sane

524 3189 630 3247 est
689 3179 1117 3246 intolerabile.
1250 3178 1490 3246 Verum
1556 3180 1701 3247 ideo
1774 3201 1909 3246 non
1976 3181 2095 3247 tibi
2161 3181 2462 3247 excidere

525 3264 716 3332 debet
736 3264 906 3349 quod
927 3265 1385 3351 improbissimi
1405 3265 1658 3347 volunt,
1678 3287 1890 3351 neque
1910 3266 1978 3333 id
1999 3265 2464 3350 praestandum

524 3349 696 3436 quod
729 3350 924 3418 valde
956 3361 1200 3437 optant.
1302 3351 1482 3432 Quid
1538 3354 1710 3419 enim
1763 3353 1993 3419 volunt
2035 3351 2216 3418 aliud
2263 3372 2463 3436 quam

521 3446 600 3504 ιιι
639 3445 716 3502 tu
760 3438 907 3504 istic
950 3457 1268 3521 nusquam
1312 3458 1704 3521 compareas,
1751 3440 1874 3520 vel,
1919 3440 1975 3505 si
2018 3436 2089 3503 id
2143 3459 2274 3505 non
2316 3458 2463 3523 pos-

519 3524 674 3603 sint,
723 3530 798 3588 ut
840 3522 1105 3590 taceas?
1162 3524 1218 3590 si
1262 3523 1335 3589 in
1395 3533 1601 3591 totum
1656 3545 1787 3591 non
1843 3531 2073 3611 potest,
2131 3524 2201 3588 in
2241 3531 2459 3607 parte:

521 3607 696 3693 quod
740 3609 794 3674 si
830 3607 897 3673 id
941 3630 1072 3675 non
1296 3618 1561 3688 uuntur,
1606 3609 1837 3677 saltem
1893 3609 2061 3676 nihil
2104 3609 2349 3676 scribas
2392 3617 2463 3674 et

521 3694 689 3760 nihil
723 3694 872 3760 istic
913 3694 1084 3762 edas.
1141 3695 1400 3778 Quibus
1443 3695 1787 3783 indignum
1823 3705 1888 3763 te
1931 3695 2040 3761 vel
2076 3695 2145 3761 in
2187 3695 2460 3760 minimo

519 3781 789 3859 servire,
854 3779 968 3846 sed
1026 3789 1255 3850 eontra
1309 3781 1684 3863 nitendum,
1738 3783 1993 3848 firmius
2056 3781 2127 3844 in
2171 3780 2461 3847 Domino

520 3872 773 3932 statuas
815 3862 1104 3946 haerere,
1147 3869 1473 3951 potentius
1560 3888 1633 3934 ro
1675 3868 1959 3934 Domino
1995 3867 2188 3950 loqui,
2232 3874 2462 3934 contra

517 3951 1323 4102 §ffieffibimprobitaten
1365 3961 1438 4054 et
1472 3975 1518 4039 p
1543 3974 1666 4019 ura
1696 3953 1853 4056 ‘istic
1886 3954 1955 4020 in
1990 3954 2202 4104 luget?
2244 3951 2459 4104 edHero.

831 4057 855 4100 1
910 4058 1210 4105 invenies
1264 4058 1483 4104 omma
1539 4061 1606 4105 m
1715 4061 1749 4107 s
1804 4058 2054 4106 commo
2100 4058 2139 4102 a
2353 4060 2459 4104 ar-

518 4121 810 4187 moniam
853 4129 1036 4188 tuam
1059 4127 1111 4202 δ)
1153 4122 1312 4191 adeo
1354 4145 1781 4192 necessariam
1824 4135 1891 4192 et
1973 4144 2126 4192 uam
2172 4125 2460 4189 maxime

517 4205 770 4285 utilem,
826 4216 894 4273 et
942 4207 1072 4274 alia
1125 4229 1292 4293 quae
1347 4210 1521 4294 apud
1566 4220 1629 4278 te
1678 4211 1879 4279 habes
1945 4233 2018 4276 1n
2084 4210 2457 4295 prophetas,

518 4291 678 4377 quid
743 4290 992 4360 diutius
1054 4294 1255 4362 latere
1309 4295 1531 4364 sines?
1671 4296 1811 4364 Cur
1887 4317 2023 4363 non
2085 4294 2459 4363 aedificabis

523 4377 827 4447 ecclesias
842 4378 877 4442 Ἰ
976 4377 1197 4462 Quum
1253 4381 1366 4447 isti
1408 4390 1541 4448 tam
1585 4382 1872 4468 improbe
1922 4391 1991 4448 te
2042 4381 2457 4459 conveniant,

522 4470 820 4549 optarem
872 4471 941 4530 te
993 4466 1213 4550 potius
1275 4474 1493 4536 tacere
1544 4474 1611 4535 et
1665 4490 1819 4535 mox
1881 4467 1965 4534 ad
2021 4467 2150 4534 alia
2201 4465 2459 4552 agenda

524 4557 940 4630 convertero,
987 4572 1184 4636 quam
1227 4554 1439 4620 subito
1456 4554 1745 4638 recipere
1786 4553 2026 4639 aliquid
2060 4551 2233 4638 quod
2276 4553 2462 4619 nobis

525 4728 750 4736 ,-----

525 4808 713 4866 ²0⁷⁸.
733 4808 792 4944 13
835 4807 1227 4865 Vidaeoakmo'
1256 4808 1451 4933 w
1481 4808 1761 4866 Fau-onum
1793 4809 1872 4867 N.
1904 4807 2060 4866 2068.

728 4877 800 5014 23)
827 4878 1252 5018 &mg-mora
1273 4946 1505 5028 macas,
1539 4946 1665 5001 viae
1684 4947 1824 5003 aaa
1848 4945 2081 5003 &nam
2111 4946 2191 5002 aa
2220 4945 2305 5001 24.
2329 4946 2467 5003 12⁶0.

533 5013 648 5086 Qu·
680 5021 858 5099 nugo»
890 5018 1005 5098 ὅσοι
1038 5017 1387 5098 sequentuin
1412 5016 2212 5098 improficuas-permiserunt,
2243 5020 2306 5071 ut
2328 5017 2467 5098 ‘huic

662 5084 1587 5223 mmmaxfm
1627 5084 1894 5141 mdemr.
1962 5084 2466 5210 Εωαῧοηοκωα

731 5219 795 5358 :3
828 5219 916 5345 :f-
944 5220 1212 5346 :w

2012 398 2533 469 EPISTOLAE
2575 402 2996 466 2075—2077

4368 399 4490 462 368

2560 597 2819 658 tantum
2859 589 3311 672 incommodet,
3354 597 3423 656 et
3463 588 3725 656 tandem
3767 610 3877 658 eos
3911 596 4181 675 tangere
4214 594 4282 654 et
4324 609 4492 673 pun-

2563 698 2718 764 gere
2760 686 2839 743 ut
2880 676 3069 744 decet
3105 685 3242 743 tam
3281 684 3592 742 amentes.

2731 761 2925 845 Quod
2979 784 3126 830 cum
3182 760 3360 829 Besa
3413 768 3631 828 actum
3693 769 3823 841 est,
3844 765 3871 802 ⁸
3961 760 4116 845 quid
4176 761 4493 826 miremur

2561 849 2845 915 fautores
2897 848 3134 915 Semeti
3189 869 3323 915 non
3374 868 3515 913 esse
3558 848 3799 914 amicos
3921 866 4082 926 enac,
4139 867 4340 929 quum
4374 845 4490 925 tui,

2560 933 2694 999 imo
2719 933 2983 1014 Christi,
3025 935 3161 1000 sint
3181 955 3377 1018 quam
3420 932 3844 999 infensissimi
3876 932 4112 999 hostes.
4168 930 4494 997 Dominus

2560 1019 2765 1099 Iesus,
2849 1020 2966 1103 qui
3046 1026 3182 1085 tam
3269 1020 3623 1086 clementer
3703 1027 4072 1103 peccatores
4136 1024 4490 1101 exspectat,

2559 1107 2718 1172 istos
2760 1113 2829 1171 et
2848 1106 2992 1172 istis
3034 1104 3299 1183 similes,
3343 1124 3618 1189 quorum
3662 1124 3798 1170 non
3830 1123 4072 1189 parvus
4107 1114 4209 1171 est
4248 1105 4494 1188 passim

2559 1212 2892 1270 numerus,
2952 1199 3184 1275 tangat
3239 1200 3307 1255 et
3360 1192 3664 1256 immutet
3719 1209 4004 1274 prorsus,
4061 1191 4166 1257 vel
4231 1191 4494 1257 omnino

2559 1276 2764 1356 tollat,
2810 1286 2878 1342 et
2910 1276 3099 1343 nobis
3142 1275 3255 1342 det
3295 1275 3494 1342 nullis
3535 1275 3771 1360 frangi,
3828 1274 4132 1360 nullaque
4187 1274 4493 1360 improbi-

2561 1371 2693 1428 tate
2739 1362 2837 1428 ita
2888 1362 3171 1442 moveri,
3224 1368 3300 1427 ut
3353 1359 3704 1445 quidquam
3764 1360 3951 1426 nobis
4009 1360 4267 1428 excidat
4321 1360 4495 1427 unde

2559 1448 2780 1515 minus
2822 1447 3188 1514 illustretur
3232 1468 3469 1512 nomen
3523 1447 3813 1524 Domini,
3867 1456 3934 1512 et
3986 1448 4205 1513 minus
4262 1467 4496 1532 propa-

2560 1542 2757 1619 getur
2780 1532 3074 1599 doctrina
3093 1533 3369 1617 pietatis.
3424 1530 3860 1611 Condonabis,
3892 1532 3948 1598 si
3971 1555 4083 1600 sus
4102 1533 4494 1611 Minervam,

2561 1628 2640 1686 ut
2697 1618 2936 1685 dicitur
2959 1670 2975 1698 ,
3041 1618 3332 1684 audeam.
3443 1616 3578 1683 Sed
3619 1639 3749 1683 non
3814 1617 3945 1684 fert
4013 1639 4195 1684 amor
4258 1619 4354 1684 tui
4419 1626 4496 1683 ut

2563 1713 2833 1771 taceam.
2910 1704 3181 1771 Lubens
3225 1711 3291 1769 te
3323 1704 3712 1783 invisissem,
3758 1704 3815 1769 si
3856 1725 3977 1788 per
4012 1705 4497 1771 inclementiam

2563 1790 2725 1858 coeli
2769 1799 2836 1856 et
2877 1791 3131 1857 viarum
3176 1787 3586 1857 incommoda
3625 1788 3929 1856 licuisset.
3985 1787 4176 1871 Quod
4221 1790 4276 1855 si
4320 1811 4497 1856 nunc

2562 1897 2878 2029 gens—effi?
2907 1875 3244 1976 expedire,
3288 1875 3455 2027 nibli]
3505 1875 3769 1941 omnino
3820 1896 4129 1956 morarer,
4190 1874 4496 1942 Christus

2592 1985 2699 2029 axi
2859 1984 2884 2026 1
2919 1982 3136 2027 omma
3178 1981 3377 2028 secun
3423 1982 3477 2027 a.

2734 2048 3197 2133 Tigurinorum
3232 2047 3489 2113 animus
3525 2054 3592 2113 et
3634 2055 3884 2113 rectum
3906 2045 4214 2114 iudicium
4251 2045 4330 2112 de
4367 2069 4500 2113 non

2565 2132 3038 2219 proscindendo
3082 2132 3345 2199 Christo
3400 2141 3470 2198 et
3523 2132 4037 2199 commendando
4088 2133 4497 2200 Antichristo

2567 2219 2773 2302 deque
2817 2218 3076 2284 tuendis
3141 2219 3332 2286 iustis
3387 2226 3457 2284 et
3517 2239 3650 2284 non
3716 2218 4072 2302 plectendis
4135 2218 4328 2285 valde
4391 2240 4497 2285 me

2567 2314 2836 2371 recreat.
2858 2305 2918 2390 ⁷)
3010 2304 3514 2371 Potentissimus
3570 2302 3894 2370 Dominus
3967 2325 4078 2372 eos
4127 2305 4387 2372 roboret
4430 2314 4498 2370 et

2566 2391 2787 2457 hostes
2829 2410 2982 2456 suos
3016 2390 3315 2474 protinus
3359 2396 3745 2472 prosternat,
3804 2398 3873 2456 et
3925 2391 4228 2457 miseram
4271 2390 4501 2457 mundi

2568 2477 2957 2561 sapientiam
3003 2486 3069 2541 et
3109 2474 3522 2561 prudentiam
3580 2476 3764 2560 fuget
3819 2475 3902 2542 ab
3943 2476 4026 2542 iis
4078 2478 4187 2559 qui
4248 2475 4499 2543 Christi

2567 2560 2821 2629 censeri
2876 2561 3134 2641 volunt,
3191 2560 3423 2645 detque
3489 2569 3564 2627 ut
3625 2560 3831 2628 solam
3888 2583 4113 2628 omnes
4171 2570 4500 2630 sectentur

2567 2648 2910 2716 coelestem
2954 2656 3022 2713 et
3056 2668 3135 2713 ea
3175 2648 3489 2713 nitantur.
3578 2645 3746 2714 Vale
3778 2649 3965 2725 bene,
4007 2656 4074 2714 et
4106 2649 4280 2731 piam
4313 2668 4501 2714 sume

2567 2734 2883 2800 ultionem
2927 2731 3007 2799 de
3070 2732 3320 2818 impiis:
3389 2733 3701 2798 nimirum
3744 2741 3986 2818 quanto
4050 2734 4198 2818 plus
4256 2741 4323 2799 te
4372 2735 4502 2798 im-

2566 2818 2790 2905 pedire
2868 2817 3165 2899 student,
3245 2826 3426 2885 tanto
3534 2819 3742 2903 magis
3831 2819 4170 2887 incumbas
4254 2819 4502 2903 gloriae

2566 2906 2838 2984 Christi,
2895 2904 3065 2988 quod
3119 2913 3187 2971 et
3236 2905 3413 2972 facis.
3512 2903 3832 2984 Quamvis
3882 2905 4011 2971 ista
4061 2904 4332 2989 indigna
4387 2903 4504 2970 ad-

2565 2990 2834 3057 modum
2876 2991 3012 3057 sint
3052 2998 3274 3056 tamen
3314 2990 3512 3074 longe
3554 2989 3683 3056 alia
3724 2990 4094 3075 superanda
4134 2997 4309 3057 sunt.
4365 2988 4505 3056 Sed

2566 3076 2721 3163 quid
2776 3078 2850 3143 in
2903 3077 3169 3145 Christo
3232 3097 3365 3143 non
3412 3076 3564 3143 licet
3605 3097 3867 3161 sperare
3931 3097 4124 3164 agere
4187 3086 4252 3143 et
4318 3075 4499 3160 pati?

2566 3165 2804 3232 Effecit
2842 3163 3163 3230 hactenus
3205 3183 3409 3246 supra
3449 3182 3709 3228 omnem
3753 3183 3958 3246 spem,
3999 3163 4236 3231 efficiet
4291 3163 4502 3229 multo

2564 3251 2827 3317 maiora.
2930 3247 3199 3317 Stemus
3251 3247 3586 3331 intrepidi:
3648 3257 3870 3315 nostra
3924 3271 4056 3316 non
4112 3258 4213 3315 est
4258 3270 4502 3334 pugna,

2564 3357 2698 3402 non
2754 3336 3156 3403 conserimus
3209 3354 3461 3412 manus,
3525 3334 3849 3402 Dominus
3913 3343 4016 3402 est
4074 3336 4185 3420 qui
4230 3341 4497 3420 pugnat.

2564 3421 2980 3505 spectatores
3023 3421 3232 3507 magis
3275 3441 3500 3486 sumus
3532 3440 3730 3503 quam
3772 3429 4038 3488 actores.
4098 3422 4503 3508 Lacrymosa

2564 3507 2728 3574 satio
2785 3508 2917 3573 iam
2980 3526 3180 3590 supra
3232 3526 3425 3590 quam
3478 3504 3649 3571 credi
3706 3514 3922 3590 potest
3976 3527 4254 3575 messem
4310 3504 4501 3573 nobis

2564 3594 2757 3660 affert
2798 3614 2997 3677 quam
3040 3592 3499 3677 gratissimam,
3543 3593 3722 3656 omni
3765 3592 4001 3677 gaudio
4045 3592 4324 3677 plenam.

2731 3678 2895 3746 Iube
2937 3677 3215 3763 collegas
3236 3678 3457 3743 salvos
3499 3698 3659 3757 esse,
3682 3676 3998 3759 Budaeos,
4036 3679 4503 3746 Nonnandiom

2566 3784 2716 3831 cum
2756 3766 2975 3843 fratre,
3027 3764 3316 3831 Trecium
3337 3770 3403 3828 et
3436 3761 3748 3847 quidquid
3770 3772 3871 3830 est
3891 3765 4166 3848 piorum.
4224 3764 4500 3850 Collega

2559 3857 2685 4004 ΕΠ
2682 3851 2951 3929 salutat,
3018 3848 3497 3916 Dommartinus
3562 3857 3630 3915 et
3691 3850 3908 3918 frater.
4047 3849 4356 3918 Neoeomi
4429 3856 4493 3916 4.

2686 3937 2852 4003 uarii
2890 3939 3071 4000 1555.

3779 4072 3962 4139 'l'uus
4003 4070 4322 4138 Farellus.

2766 4362 2827 4427 6)
2874 4362 3542 4422 Vidoibidasetm
3596 4362 3829 4419 &atus
3880 4361 3967 4417 14.
4017 4361 4500 4421 namnet.

2565 4431 2865 4567 ‘wir
2919 4432 3304 4571 :m
3165 4434 3853 4560 wammam
3626 4431 4204 4571 Bmw
3973 4434 4291 4568 ...Ma
4306 4498 4497 4567 Μ.)

2697 4570 2709 4584 ’
2918 4571 3272 4642 edictumque>
3304 4572 3553 4627 acilium
3587 4570 3938 4626 &decretum
3969 4568 4500 4635 mae-aluam

2557 4644 2882 4694 recusarunt
2929 4644 2981 4694 et
3029 4655 3085 4696 α.
3128 4639 3181 4695 d.
3227 4640 3355 4696 111.
3402 4641 3550 4696 Non.
3598 4639 3726 4696 Ian.
3779 4639 3922 4694 cim
3971 4638 4499 4695 oenomaum

2558 4707 2890 4765 numitor
2922 4709 3312 4779 approbarunt.
3382 4708 3616 4782 (Meyer,
3653 4707 3908 4764 locam
3940 4706 3986 4761 1.
4018 4704 4162 4773 390.)
