4850 6200
344 481 447 547 161
2125 475 2285 534 1554
2332 466 2515 537 IUN.
4196 472 4319 534 162

337 680 499 739 crata
539 677 657 747 est,
712 680 785 734 ut
843 663 1194 751 aliquando
1254 664 1403 731 usui
1457 674 1523 730 et
1580 672 1963 730 ornamento
2006 659 2260 728 Christi

336 755 627 824 ecclesiae
690 774 832 821 esse
1055 752 1122 817 ‘t.
1213 750 1379 817 Vale
1443 750 1687 834 optime
1745 770 1822 816 ac
1875 747 2258 815 diutissime.

338 842 718 908 Lausannae
763 843 860 905 13.
942 838 1086 904 unii
1133 842 1314 902 1554.

1071 976 1255 1041 Tuus
1298 973 1539 1041 Petrus
1584 972 1853 1038 Viretns
1897 993 1977 1038 ex
2023 970 2263 1036 animo.

1326 1272 1393 1279 0--

1192 1525 1381 1597 1⁹7⁰.

558 1681 1031 1752 CALVINUS
1076 1679 1606 1751 EXSULIBUS
1658 1675 2021 1745 ANGLIS.

500 1856 876 1927 Con-solatur
916 1876 1035 1933 coe,
1094 1856 1337 1919 animos
1381 1873 1588 1919 eorum
1622 1852 1823 1935 eriyit,
1884 1850 2166 1914 hortatur
2206 1852 2274 1912 ut

334 1947 562 2013 studiis
614 1943 829 2010 scdulo
886 1961 1140 2025 οροναηι
1196 1944 1419 2005 navent
1435 1990 1451 2017 ,
1520 1942 1733 2020 sperat
1794 1936 1924 2018 fore
1980 1940 2049 1998 ut
2105 1932 2274 1999 brevi

335 2030 674 2115 aliquando
710 2028 1029 2098 Dominus
1070 2028 1236 2109 ips-is
1277 2026 1363 2091 ad
1404 2045 1593 2090 suum
1633 2043 1792 2105 opus
1823 2020 2273 2103 perficiendum

334 2291 722 2412 §Describimus
767 2306 833 2341 ex
872 2289 1083 2341 Simleri
1122 2287 1247 2339 Vol.
1281 2283 1367 2353 82,
1417 2286 1511 2354 qni
1546 2301 1605 2335 se
1640 2283 2003 2350 desumpsisse
2038 2279 2171 2360 dicit
2206 2296 2273 2361 ⁶.¹

356 2361 473 2413 nelli
520 2359 653 2411 Vita
688 2374 788 2427 per
827 2356 1585 2493 Hnmfredoztgiaszrggtzugaf
1622 2349 1718 2415 91,
1754 2351 1905 2403 cuius
1951 2351 2075 2403 libn
2122 2351 2277 2402 nobis

334 2602 463 2667 Piis
512 2612 583 2666 et
628 2600 863 2671 doctis,
930 2598 1041 2681 qui
1109 2616 1285 2661 nunc
1344 2595 1604 2659 exsules
1649 2591 1729 2656 ab
1772 2592 2015 2675 Anglia
2073 2615 2140 2657 se
2194 2591 2278 2656 ad

334 2686 579 2754 Christi
644 2686 1081 2750 ministerium
1149 2693 1562 2764 comparant,
1632 2679 1699 2743 in
1761 2678 2029 2743 ecclesia
2076 2679 2277 2762 'rigu-

796 2771 960 2848 rina‚
987 2770 1038 2853 ¹)
1081 2767 1394 2832 fratribus
1437 2763 1808 2830 carissimis.

497 2912 897 2994 Quanquam
956 2929 1159 2993 prope
1213 2926 1687 2992 supervacuum
1748 2906 1885 2969 fore
1940 2901 2275 2977 ducebam,

334 3000 781 3082 proficiscente
826 2995 910 3061 ad
950 3017 1071 3059 vos
1113 2995 1358 3078 optimo
1402 2996 1599 3057 fratre
1644 3001 1869 3055 nostro
1915 2987 1998 3052 D.
2027 2988 2275 3062 LeverO,

408 3109 441 3151 r
484 3085 717 3150 literas
759 3103 798 3148 a
841 3104 946 3148 me
991 3081 1247 3158 tentari,
1307 3078 1479 3164 quod
1534 3079 1673 3162 ipse
1716 3096 1936 3142 coram
1980 3093 2278 3140 sermone

332 3107 525 3256 ffinge
570 3169 805 3236 melius
850 3180 917 3234 et
955 3168 1224 3234 uberius
1330 3167 1663 3240 raestabit,
1721 3185 1841 3246 ego
1900 3173 2115 3226 tamen
2174 3159 2279 3224 vel

334 3259 579 3323 frustra
622 3256 913 3322 ciusdem
958 3263 1189 3338 rogatu
1233 3189 1326 3317 adj
1354 3274 1468 3317 vos
1503 3252 1784 3318 scribere
1820 3246 2040 3323 malui,
2084 3266 2278 3330 quam

334 3345 543 3411 officio
570 3363 719 3408 meo
754 3340 995 3406 deesse.
1065 3341 1214 3405 Duo
1250 3349 1468 3403 autem
1508 3337 1668 3402 mihi
1708 3336 1994 3400 breviter
2026 3332 2282 3416 agenda

336 3521 399 3530 0—-

336 3636 511 3695 10⁷0.
556 3639 612 3702 1)
652 3635 850 3706 Strype
911 3634 1063 3690 Eccl.
1112 3634 1276 3687 Men.
1330 3630 1453 3685 111.
1494 3629 1559 3684 P.
1606 3629 1655 3682 Ι.
1745 3668 1755 3679 .
1803 3627 1933 3681 232.-
1983 3629 2062 3681 At
2097 3625 2280 3678 zui-ic:

336 3707 515 3762 bither
552 3722 703 3761 came
737 3676 924 3770 (1564)
969 3704 1138 3757 about
1171 3703 1370 3755 twelve
1406 3699 1660 3768 English:
1787 3713 1996 3777 arence-
2018 3695 2282 3776 Eumfrey

334 3793 437 3831 vus
469 3792 608 3840 one,
654 3773 977 3828 afterwards
1026 3773 1119 3825 the
1154 3769 1343 3840 King's
1387 3767 1610 3823 learned
1656 3766 1796 3837 prof.
1842 3767 1903 3818 of
1943 3766 2140 3818 dmmt
2224 3780 2282 3843 in

336 3843 537 3900 Oxford
575 3843 782 3908 (Amor
814 3845 960 3897 vitae
988 3841 1200 3897 Jewelia·
1236 3847 1379 3893 unde
1413 3837 1544 3891 haec
1576 3852 1655 3903 ep.
1694 3835 1990 3903 desumpta,
2026 3832 2095 3898 cf.
2167 3845 2287 3894 amo

338 3914 551 3970 letters
586 3913 659 3968 11.
695 3909 844 3975 752),
880 3911 989 3964 and
1022 3909 1169 3964 John
1188 3907 1493 3962 Parkhurst
1528 3922 1638 3958 was
1674 3903 1919 3967 another,
1955 3903 2065 3955 late
2104 3909 2284 3954 rector

335 3984 392 4038 of
418 3984 517 4038 the
554 3981 671 4036 rich
706 3982 875 4063 Ιίνιιις
913 3980 975 4035 os
996 3979 1159 4033 cleve
1196 3978 1303 4031 and
1337 3974 1651 4029 afterwards
1686 3972 1882 4041 bishop
1918 3971 1980 4026 os
2008 3969 2284 4051 Nora-ioh.

335 4052 481 4123 ‘l'bey
519 4053 596 4106 all
631 4052 772 4105 lived
800 4050 933 4102 with
968 4048 1127 4102 much
1163 4046 1393 4100 comfort
1426 4045 1481 4097 in
1518 4044 1610 4096 the
1648 4042 1815 4096 house
1851 4040 1912 4095 of
1927 4038 2284 4107 Chnstopher

338 4121 639 4177 tro-nove:-
674 4121 907 4187 printer,
942 4117 1050 4171 and
1084 4116 1213 4186 peid
1248 4114 1381 4168 each
1416 4113 1500 4166 bis
1534 4111 1807 4180 ordinary.
1870 4109 2046 4163 These
2084 4107 2281 4160 twelve

336 4207 482 4244 nme
530 4190 718 4243 hither
762 4188 947 4242 before
998 4186 1056 4239 P.
1106 4184 1251 4238 Mart
1288 4201 1315 4237 r
1372 4199 1521 4236 came
1568 4181 1705 4234 from
1756 4183 1800 4234 Δ
1908 4177 2057 4230 utine
2110 4183 2169 4230 to
2214 4177 2282 4228 be

338 4260 473 4328 prof.
500 4257 811 4325 ofdivinity
829 4257 986 4310 beret
1026 4255 1163 4318 who,
1206 4271 1253 4304 w
1296 4269 1363 4306 en
1383 4252 1634 4312 became,
1671 4251 1807 4302 brou
1886 4246 2102 4300 tJewel
2121 4246 2283 4313 along

339 4329 471 4382 with
506 4328 638 4382 him.
711 4326 858 4380 Here
908 4340 1052 4378 were
1087 4324 1203 4376 also
1237 4322 1346 4376 Jm.
1383 4320 1714 4388 Pilkington,
1751 4319 1861 4371 late
1897 4322 2100 4369 master
2134 4314 2197 4366 of
2226 4314 2280 4366 S.

334 4397 525 4452 John's
558 4397 781 4465 college,
814 4392 1071 4448 Gambrid
1111 4408 1157 4458 e,
1193 4388 1513 4444 aster-warda
1546 4388 1739 4456 bishop
1774 4384 2111 4446 ofDurham3
2148 4383 2280 4435 Tho.

337 4465 635 4531 Bentham,
683 4465 793 4518 late
828 4464 1007 4516 fellow
1045 4409 1110 4514 οἳ
1137 4459 1420 4529 Magdalen
1458 4458 1679 4525 college,
1731 4456 1920 4518 Oxou„
1960 4451 2282 4507 afterwards

338 4533 530 4605 bisbop
575 4535 637 4588 os
674 4531 963 4592 Iaiobfield3
1021 4530 1155 4584 Tho.
1204 4530 1402 4592 bever,
1453 4527 1581 4580 latel
1667 4531 1728 4577 at
1772 4522 2102 4585 Frankford3
2148 4520 2281 4573 Tho.

338 4603 593 4673 spenser,
630 4603 764 4657 Βοὴ.
809 4603 1122 4666 Βοωιιιοιιι,
1158 4598 1277 4651 Nic.
1316 4596 1515 4650 Oarvil.
1618 4594 1746 4647 hese
1792 4593 1953 4659 being
1999 4590 2128 4643 here
2174 4588 2284 4642 had

338 4669 1099 4808 fflrffsdsfflflzzzfflmb
1143 4660 2282 4800 „Srrbzffisffinaemfflsasr

340 4783 543 4865 'bose’
571 4825 757 4863 names
783 4756 950 4861 pwere
995 4775 1293 4874 stn’diously
1335 4771 1639 4858 concealed.
1687 4771 1958 4882 ,ῥεια-ιω
1992 4801 2171 4851 exstat
2203 4767 2285 4863 ep:

342 4878 419 4933 ad
460 4885 707 4934 mauu·
764 4875 1136 4940 Turinum,
1187 4889 1305 4931 cum
1354 4873 1509 4940 aliis,
1558 4870 1740 4924 bane.
1796 4867 2004 4921 Lmen
2050 4864 2120 4919 11.
2167 4861 2285 4918 ⁷51.

348 4947 540 5019 &type
572 4947 704 5002 M
735 4961 793 5015 p.
828 4944 960 4999 409.-
1005 4945 1167 5015 Many
1203 4943 1265 4998 os
1292 4942 1387 4995 the
1422 4939 1667 5010 English,
1712 4936 2002 5057 espec-iant}
2037 4933 2287 4988 student·

340 5018 542 5071 settled
587 5015 911 5070 themselves
955 5020 1013 5068 at
1058 5013 1247 5079 Zuric,
1302 5012 1389 5065 for
1433 5010 1528 5063 the
1585 5008 1718 5062 sake
1760 5007 1823 5060 of
1860 5005 1959 5058 Bul
2001 5020 2136 5074 nger
2180 5001 2287 5055 and

344 5089 503 5140 other
546 5083 767 5139 learned
826 5101 951 5138 men
996 5083 1169 5136 there.
1250 5080 1395 5135 Here
1441 5095 1583 5132 were
1618 5077 1811 5140 δεινοὶ,
1856 5074 2039 5138 Horu,
2098 5072 2289 5136 Lever,

346 5153 676 5221 Parkhnnt,
718 5152 1056 5223 Humpbrey‚
1104 5151 1432 5217 Beaumont‚
1477 5146 1733 5215 Mullings
1787 5142 1894 5197 and
1939 5141 2139 5196 others.
2209 5139 2290 5194 'l'o

346 5222 498 5279 these
543 5224 713 5278 exiles
747 5222 883 5277 both
920 5221 982 5276 P.
1022 5220 1236 5291 Mai-tyr
1282 5219 1423 5272 from
1469 5213 1800 5284 Struburgb
1847 5211 1955 5266 and
1999 5210 2053 5264 J.
2098 5208 2289 5291 Oalviu

347 5291 486 5347 fi-om
520 5292 742 5348 Genera
785 5297 955 5345 moto
1002 5288 1356 5344 comici-table
1403 5288 1608 5340 letters.
1678 5281 1823 5337 Both
1870 5297 1964 5334 are
2010 5284 2203 5359 extant
2232 5295 2290 5332 m

349 5359 448 5415 the
488 5361 605 5416 Life
650 5361 714 5416 of
755 5359 958 5430 Bishop
1004 5357 1181 5414 Jewel
1230 5363 1404 5410 wrote
1460 5356 1496 5409 b
1577 5354 1663 5407 Dr.
1698 5350 2029 5420 Humphrey.
2105 5346 2291 5401 Altam

354 5428 659 5501 Basti-yon·
689 5429 1047 5500 suppeditant
1079 5426 1211 5482 Zur.
1246 5425 1460 5481 Latere
1553 5463 1568 5476 .
1601 5419 1723 5476 747.

560 5514 786 5573 Calvi-i
812 5528 1001 5586 opu-a.
1066 5511 1181 5568 Vol.
1218 5509 1276 5565 X
1290 5508 1347 5565 V.

2365 666 2545 743 puto,
2601 664 2675 723 ut
2717 657 3007 723 dolorem
3051 656 3264 724 exsilii
3309 657 3512 723 vestri
3553 658 3648 723 mi
3682 657 3696 671 ‘
3748 679 3851 724 em
3899 657 4118 742 aliqua
4158 677 4327 724 con-—

2364 743 2711 819 solatione,
2785 752 2853 809 et
2907 763 3023 810 vos
3075 743 3159 809 ad
3211 742 3430 809 studia
3481 741 3628 828 piae
3731 745 4021 811 octrinae
4075 743 4319 828 quibus

2364 827 2740 897 incumbitis
2815 827 3266 913 persequenda
3332 828 3662 895 exhorter.
3776 830 3992 897 Triste
4060 852 4178 914 per
4240 852 4318 898 se

2366 915 2675 983 exsilium
2719 923 2839 993 est,
2895 914 3129 981 acerba
3172 936 3277 981 res
3321 923 3420 980 est
3467 915 3716 998 patriae
3772 916 4137 993 calamitas,
4197 938 4330 983 cu·—

2368 1000 2587 1067 mulus
2647 1020 2802 1066 vero
2861 1000 3183 1066 malorum
3241 1014 3342 1067 est
3399 1002 3642 1067 misera
3696 1000 4005 1067 ecclesiae
4060 1001 4322 1068 Christi

2370 1087 2724 1170 dissipatio,
2770 1086 3155 1169 praesertim
3200 1087 3312 1152 ubi
3356 1085 3578 1151 nullus
3620 1096 3893 1170 apparet
3933 1088 4101 1153 finis.
4179 1087 4332 1156 Se&

2370 1172 2524 1238 filiis
2549 1172 2694 1249 Dei,
2729 1174 2843 1254 qui
2878 1194 2948 1238 se
2984 1185 3353 1259 agnoscunt
3386 1171 3614 1238 mundi
3648 1171 3978 1253 haeredes,
4015 1175 4324 1241 exsulare

2375 1280 2507 1323 non
2566 1256 2728 1323 adeo
2773 1256 3009 1323 durum
3059 1272 3189 1324 est:
3249 1278 3322 1323 re
3374 1258 3520 1340 ipsa
3560 1277 3814 1341 quoque
3868 1260 4202 1325 assuefieri
4246 1267 4330 1327 ut.

2374 1344 2705 1428 peregrini
2762 1341 3018 1409 discant
3079 1366 3218 1410 esse
3277 1346 3348 1409 in
3411 1354 3587 1409 terra
3650 1343 3811 1409 utile
3845 1355 3991 1410 aest.
4090 1345 4320 1425 Quum

2376 1429 2649 1496 advenis
2694 1449 2903 1512 nuper
2947 1450 3092 1495 rece
3140 1429 3428 1497 taculum
3472 1438 3644 1496 esset
3685 1429 3949 1514 Anglia,
3991 1429 4324 1498 Dominus

2377 1537 2497 1581 vos
2557 1515 2625 1580 in
2684 1522 2977 1598 tempore
3033 1514 3294 1582 ilerum
3352 1515 3652 1599 exemplo
3722 1517 4161 1599 praemonuit,
4231 1538 4319 1583 ne

2377 1599 2561 1668 vobis
2619 1600 2972 1667 molestum
3029 1605 3197 1666 foret
3256 1600 3517 1667 easdem
3568 1601 3749 1667 obire
3805 1602 3997 1667 vices.
4101 1601 4325 1671 Causa

2376 1685 2620 1763 exsilii,
2680 1684 2854 1751 unde
2912 1685 3151 1751 levatio
3197 1687 3415 1769 aliqua
3471 1686 3752 1771 petenda
3796 1697 3951 1763 erat,
4006 1685 4318 1771 quodam-

2375 1773 2570 1837 modo
2643 1792 3008 1838 moerorem
3073 1771 3389 1856 duplicat,
3472 1772 3646 1856 quod
3722 1772 3996 1856 expulso
4062 1772 4324 1839 Christo

2377 1857 2696 1925 diabolica
2732 1860 3030 1943 tyrannis
3071 1859 3142 1923 in
3177 1860 3386 1941 patria
3423 1872 3642 1924 vestra
3674 1872 4031 1943 grassatur,
4077 1870 4145 1923 et
4185 1859 4324 1925 illic

2379 1942 2648 2029 trepidis
2692 1943 2922 2010 ovibus
2977 1944 3114 2027 lupi
3172 1943 3523 2010 crudeliter
3575 1944 3849 2010 inhiant.
3939 1944 4074 2010 Sed
4118 1966 4320 2027 quum

2378 2031 2620 2107 sciatis,
2663 2052 2792 2095 non
2836 2050 2976 2095 esse
3021 2051 3269 2095 novum
3313 2029 3582 2097 Christo
3621 2032 3740 2097 sub
3785 2051 3978 2098 cruce
4021 2051 4320 2113 regnare,

2382 2126 2458 2181 ut
2530 2115 2653 2181 sibi
2730 2138 2804 2182 ac
2875 2116 3014 2181 suis
3078 2138 3162 2181 ex
3218 2114 3449 2181 mundi
3518 2116 3880 2201 ignominia
3943 2117 4322 2200 magnificos

2380 2201 2750 2285 triumphos
2815 2202 3136 2284 acquirat,
3212 2212 3505 2268 vestrum
3566 2214 3670 2268 est
3731 2201 3855 2269 hoc
3921 2200 4322 2287 probationis

2381 2298 2675 2372 tempore
2731 2287 3033 2371 colligere
3087 2289 3338 2353 animos
3391 2288 3473 2353 ad
3514 2290 3978 2368 constantiam,
4036 2287 4243 2353 donec
4285 2312 4324 2353 e

2379 2374 2558 2440 coelo
2602 2394 2865 2438 manum
2911 2384 3186 2439 exserat.
3276 2373 3473 2440 Certe
3515 2393 3670 2439 suos
3711 2373 4001 2453 tandem,
4045 2395 4330 2456 quorum

2379 2482 2516 2526 non
2579 2460 2858 2543 exiguus
2923 2472 3022 2525 est
3085 2480 3422 2536 numerus,
3502 2461 3833 2543 respiciet,
3902 2470 3965 2524 et
4033 2460 4320 2525 hostium

2380 2555 2746 2629 compescet
2787 2543 3175 2629 superbiam,
3234 2545 3346 2630 qui
3390 2545 3550 2611 adeo
3593 2556 3938 2630 propterea
3980 2546 4322 2623 insultant,

2381 2642 2455 2697 ut
2518 2651 2654 2696 non
2719 2630 2832 2696 diu
2901 2632 3163 2696 futurus
3229 2631 3315 2696 sit
3393 2630 3750 2697 tolerabilis
3828 2652 4054 2696 eorum
4118 2631 4321 2696 furor.

2380 2717 2518 2782 Nos
2554 2718 2803 2781 interea
2837 2715 3060 2781 sedulo
3094 2738 3360 2800 operam
3395 2716 3549 2782 dare
3585 2717 3908 2794 convenit,
3947 2729 4025 2781 ut
4062 2726 4324 2783 nostros

2380 2824 2635 2886 quoque
2693 2801 2977 2886 gemitus
3021 2802 3344 2868 exaudiat.
3430 2803 3640 2869 Porro
3697 2824 3812 2868 vos
3866 2823 3998 2868 non
4041 2801 4328 2867 arbitror

2380 2889 2607 2953 multis
2642 2888 2862 2954 verbis
2895 2887 3250 2954 hortandos
3284 2909 3445 2967 esse,
3491 2900 3566 2954 ut
3599 2889 3674 2954 in
3708 2896 3931 2955 sancto
3965 2888 4092 2953 isto
4125 2907 4326 2953 cursu

2381 2984 2647 3039 strenue
2715 2975 3027 3058 pergatis:
3106 2995 3312 3040 unum
3385 2973 3507 3041 hoc
3567 2974 3650 3040 ad
3716 2996 3832 3041 vos
3892 2972 4330 3040 stimulandos

2382 3061 2676 3138 sufficiet,
2734 3060 2801 3126 in
2847 3081 3043 3145 quem
3086 3080 3275 3126 usum
3321 3058 3639 3126 divinitus
3681 3060 3825 3128 sitis
3868 3059 4163 3144 repositi,
4218 3081 4330 3125 ex-

2467 3168 2639 3212 nere.
2713 3146 2939 3230 Neque
2995 3149 3169 3213 enim
3224 3145 3470 3224 dubito,
3530 3147 3689 3232 quin
3733 3145 4016 3213 mirabili
4060 3146 4336 3214 consilio

2452 3234 2708 3299 ominus
2765 3254 2882 3300 vos
2938 3234 3005 3297 in
3061 3232 3209 3317 piae
3264 3231 3597 3299 doctrinae
3653 3231 3905 3310 studiis,
3963 3232 4148 3316 quasi
4206 3231 4330 3297 sub

2384 3320 2621 3385 umbra
2664 3319 2956 3385 exerceri
2996 3319 3173 3395 velit,
3217 3331 3292 3383 ut
3334 3319 3403 3383 in
3450 3320 3664 3385 lucem
3696 3319 3890 3403 paulo
3926 3328 4090 3403 post,
4135 3324 4332 3401 atque

2384 3407 2452 3470 in
2497 3404 2732 3470 seriam
2778 3404 3080 3470 militiam
3122 3403 3454 3486 producat.
3545 3404 3805 3470 Acriter
3861 3425 4016 3488 ergo
4060 3402 4141 3468 ad
4186 3423 4334 3487 per-

2385 3491 2662 3557 ficienda
2718 3490 3103 3566 incumbite,
3170 3511 3244 3555 ac
3282 3491 3360 3555 ,εἰ
3417 3490 3611 3555 rebus
3654 3491 3896 3589 optime
3939 3488 4336 3573 compositis,

2385 3578 2598 3661 patria
2659 3597 2835 3642 nunc
2890 3595 3155 3658 operam
3215 3586 3504 3641 vestram
3562 3576 3901 3658 flagitaret.
4008 3574 4340 3656 Quamvis

2384 3663 2559 3728 enim
2619 3661 2842 3728 clausa
2898 3663 2985 3726 sit
3027 3660 3272 3727 Christi
3320 3663 3531 3726 servis
3575 3662 3806 3738 ianua,
3872 3662 4053 3726 brevi
4110 3673 4331 3725 tamen

2385 3748 2668 3830 aliquem
2713 3748 2920 3812 vestri
2963 3769 3152 3812 usum
3200 3748 3332 3812 forc
3376 3767 3582 3830 spero.
3650 3746 3757 3812 Ad
3801 3767 3943 3812 eam
3982 3767 4118 3811 rem
4165 3745 4344 3811 fidus

2388 3833 2573 3900 vobis
2630 3843 2694 3898 et
2752 3831 3023 3899 idoneus
3080 3831 3339 3897 adiutor
3407 3834 3534 3897 erit
3591 3832 3792 3898 frater
3845 3840 3910 3897 et
3966 3839 4346 3916 symmysta

2372 3928 2608 3985 nostor
2667 3919 2749 3984 D.
2799 3917 3097 3994 Leverus,
3157 3919 3343 3985 cuius
3401 3917 3698 3985 doctrina
3757 3929 3822 3983 et
3878 3918 4085 4001 pietas
4147 3916 4338 3983 vobis

2387 4004 2636 4088 pridem
2696 4006 2958 4088 cognita
3010 4011 3134 4082 est,
3207 4004 3390 4070 nobis
3446 4015 3665 4070 autem
3724 4005 3817 4069 sic
3883 4005 4186 4088 probata,
4260 4010 4344 4067 ut

2387 4111 2785 4190 magnopere
2847 4089 3035 4155 vobis
3098 4090 3417 4174 gratuler,
3498 4092 3835 4175 exemplar
3903 4089 4085 4155 vobis
4157 4087 4338 4153 domi

2382 4187 2787 4261 propositum
2831 4175 3000 4260 quod
3043 4175 3406 4241 imitemini.
3487 4176 3743 4255 Valete,
3789 4174 3948 4241 mihi
3995 4197 4078 4241 ex
4114 4175 4348 4239 animo

2396 4262 2617 4329 dilecti
2671 4262 2924 4327 fratres.
3014 4262 3342 4327 Dominus
3400 4283 3515 4327 vos
3571 4271 3833 4328 tueatur
3888 4270 3956 4326 et
4020 4261 4358 4346 gubernet.

2388 4350 2624 4432 spiritu
2679 4369 2824 4425 suo,
2903 4346 3266 4430 studiisque
3341 4348 3576 4414 vestris
3636 4347 3996 4415 benedicat.

2389 4434 2701 4502 Gonane
2744 4432 2972 4501 Idibus
3016 4432 3192 4498 Iunii
3247 4438 3423 4498 1554.

3521 4572 3801 4637 Ioannes
3844 4568 4163 4635 Calvinus

3754 4681 3982 4737 vester.

4105 4348 4344 4411 Amen-

3866 5491 3930 5545 11
