4850 6200
23 0 96 37 ff

333 467 437 532 ⁸41
2021 468 2188 535 1554
2228 463 2637 533 DEOEMB.
4198 472 4329 538 342

335 652 587 741 dicere}
664 653 1099 740 Vesper-tinas
1163 674 1388 739 preces
1459 655 1688 723 eodem
1762 657 1969 723 ferme
2032 655 2267 722 ordine

527 746 760 820 untur,
820 741 949 807 nisi
992 739 1166 825 quod
1223 743 1504 824 primam
1555 741 1902 809 lectionem
1957 750 2270 826 sequatur

536 826 712 892 'ficat
753 828 975 893 anima
1010 846 1160 893 mea
1191 836 1334 905 etc„
1377 827 1732 895 secundam
1776 837 2029 895 autem:
2076 827 2270 893 Nunc

334 912 602 979 dimittis
644 923 787 988 etc..
832 921 1026 995 atque
1070 934 1220 997 pro:
1263 913 1449 980 Deus
1485 924 1675 981 autor
1717 916 1913 998 pacis,
1958 913 2272 979 habetur:

331 999 510 1066 Deus
576 1020 616 1064 a
680 1020 807 1082 quo
879 1010 998 1064 etc.
1107 997 1220 1065 Ad
1281 998 1446 1065 haec
1509 1000 1614 1066 die
1679 1000 2043 1079 Dominica,
2108 999 2275 1065 feria

332 1085 524 1151 tertia
556 1104 633 1149 ac
668 1084 825 1148 item
879 1084 1112 1166 quinta
1153 1085 1440 1149 Letania
1496 1084 1817 1169 quaedam
1862 1085 1930 1151 in
1988 1107 2114 1152 usu
2173 1092 2275 1150 est

333 1171 396 1236 in
430 1170 610 1235 hunc
653 1168 953 1235 modum:
1013 1169 1215 1235 Pater
1272 1168 1352 1235 de
1409 1171 1624 1252 coelis,
1678 1173 1863 1238 Deus
1922 1181 2040 1237 etc.
2139 1169 2276 1235 Fili

331 1254 697 1339 redemptor
740 1253 972 1320 mundi
1029 1255 1190 1322 deus
1231 1267 1351 1322 etc.
1445 1259 1662 1340 Atque
1700 1259 1944 1323 mirum
1985 1255 2277 1340 profecto

332 1360 424 1408 est
459 1349 784 1424 quantum
805 1340 914 1407 hic
949 1340 1353 1425 applaudant
1372 1343 1543 1426 qnod
1565 1364 1770 1428 papae
1791 1341 1824 1373 ⁴*
1867 1343 2279 1409 detestentur

332 1448 459 1494 uno
519 1438 634 1492 aut
698 1428 905 1494 altero
971 1449 1170 1493 versu
1188 1431 1251 1506 ⁸)
1316 1438 1513 1512 atque
1580 1440 1957 1497 sanctorum
2013 1429 2277 1494 invoca-

333 1516 575 1579 tionem
620 1514 946 1579 omittant.
1036 1512 1317 1580 Caetera
1368 1515 1887 1582 coniurationem
1942 1536 2060 1599 per
2101 1534 2281 1598 mys-

333 1601 568 1666 terium
643 1599 1115 1665 incarnationis
1131 1650 1148 1675 ,
1208 1620 1325 1683 per
1395 1612 1690 1668 sanctam
1747 1601 2157 1667 nativitatem
2218 1610 2285 1664 et

335 1686 891 1754 citcumcisionem
910 1736 925 1762 ,
1005 1707 1120 1768 per
1206 1686 1606 1768 baptismum
1696 1697 1763 1752 et
1854 1686 2283 1752 tentationem

335 1784 666 1839 statuunt:
727 1773 790 1836 A
833 1771 1175 1837 subitanea
1230 1783 1299 1837 ct
1354 1772 1715 1856 improvisa
1755 1785 1995 1850 morte,
2057 1773 2286 1856 Agnus

332 1856 478 1936 Dei,
526 1870 628 1922 ter
669 1857 882 1940 Kyrie
937 1856 1200 1941 eleyson
1251 1870 1394 1935 etc„
1453 1859 1654 1924 Pater
1699 1870 1940 1936 noster,
2003 1859 2286 1923 Domine

334 1965 460 2009 non
508 1943 871 2008 secundum
916 1956 1178 2025 peccata
1234 1952 1459 2009 nostra
1515 1944 1716 2011 facias
1772 1943 1976 2010 nobis.
2085 1944 2282 2026 Resp.

334 2029 561 2111 Neque
605 2026 963 2094 secundum
1000 2029 1376 2113 iniquitates
1421 2043 1679 2096 nostras
1713 2030 2035 2095 retribuas
2079 2029 2283 2095 nobis.

337 2113 642 2180 Oremus.
762 2112 950 2179 Deus
1015 2116 1385 2180 misericors
1441 2132 1629 2199 pater
1686 2118 1796 2200 qui
1854 2117 2285 2182 contritorum

334 2222 463 2267 non
513 2199 794 2283 despicis
837 2200 1152 2283 gemitum
1197 2210 1315 2267 etc.
1381 2198 1544 2288 [Pro
1585 2201 1963 2285 blasphemo
2007 2201 2287 2267 habetur

337 2289 443 2369 qui
491 2288 622 2351 ista
663 2308 799 2350 non
842 2284 1061 2373 colat]

509 2372 639 2436 His
706 2371 913 2437 multa
968 2372 1040 2436 in
1094 2371 1266 2438 hanc
1335 2373 1731 2439 sententiam
1803 2384 2283 2438 connectuntur

335 2479 502 2540 quae
549 2457 888 2524 brevitatis
911 2477 1108 2523 causa
1149 2469 1502 2541 praetereo.
1561 2458 1758 2524 Ratio
1788 2468 2004 2523 autem
2046 2479 2287 2523 coenae

337 2564 428 2611 sic
488 2564 562 2607 se
633 2543 845 2609 habet.
984 2544 1339 2609 rl‘ernarius
1404 2544 1487 2609 ad
1558 2544 1899 2609 minimum
1971 2565 2287 2609 numerus

337 2629 613 2696 idoneus
678 2637 780 2693 est
845 2627 928 2693 ad
994 2628 1447 2695 celebrandam
1516 2650 1804 2695 coenam.
1934 2629 2287 2695 Saeviente

337 2728 564 2781 tamen
601 2726 782 2797 peste
823 2727 936 2779 aut
971 2717 1356 2798 contagione
1392 2716 1609 2800 aliqua
1644 2716 1945 2780 ministro
1979 2715 2104 2785 soli
2142 2737 2288 2799 per-

336 2803 631 2867 mittitur
668 2809 744 2865 ut
778 2801 956 2865 domi
989 2820 1138 2866 cnm
1183 2814 1445 2886 aegroto
1480 2803 1931 2869 communicet.
1997 2801 2288 2867 Primum

338 2889 562 2969 itaque
642 2887 941 2951 minister
1007 2886 1087 2951 ad
1172 2887 1346 2953 hunc
1427 2884 1694 2952 modum
1784 2908 1855 2952 se
1950 2887 2289 2970 accingere

340 2973 553 3038 debet.
646 2972 859 3037 Linea
904 2982 1098 3049 veste,
1162 2985 1237 3038 ut
1288 2974 1356 3038 in
1413 2973 1681 3055 reliquis
1739 2974 1960 3052 sacris,
2016 2973 2288 3038 indutus

338 3059 603 3125 boreale
644 3057 822 3124 latus
844 3063 876 3097 ’
919 3080 1188 3125 mensae
1232 3068 1416 3125 astat.
1519 3057 1777 3125 Deinde
1822 3059 2025 3125 Pater
2067 3068 2291 3125 noster

341 3146 418 3212 de
466 3165 651 3210 more
695 3143 922 3211 habito
967 3145 1300 3211 collectam
1361 3147 1607 3212 recitat.
1711 3145 1879 3210 Tum
1938 3167 2093 3210 vero
2151 3146 2289 3210 loco

337 3232 559 3316 Kyrie
603 3230 870 3313 eleyson
917 3231 1246 3298 habentur
1279 3231 1501 3298 decem
1545 3240 1902 3315 praecepta,
1939 3233 2033 3296 ita
2071 3241 2293 3296 tamen

339 3332 416 3383 ut
449 3317 808 3399 unicuique
845 3327 1191 3401 praecepto
1231 3317 1509 3402 populus
1546 3316 1965 3400 respondeat:
2009 3318 2293 3382 Domine

339 3405 660 3470 miserere
681 3403 890 3468 nostri
912 3411 980 3467 et
1000 3401 1212 3488 dirige
1233 3403 1431 3469 corda
1457 3412 1679 3469 nostra
1702 3402 1784 3467 ad
1808 3402 2294 3469 custodiendam

338 3489 557 3574 legem
605 3488 795 3554 hanc.
866 3489 1028 3554 Post
1069 3499 1284 3555 autem
1323 3490 1601 3572 repetita
1641 3499 1988 3572 praecepta
2028 3488 2298 3555 collecta

341 3577 643 3658 sequitur
713 3595 912 3657 quam
972 3574 1103 3639 diei
1171 3577 1547 3653 nominant,
1625 3574 1833 3641 altera
1896 3596 2013 3658 pro
2093 3575 2295 3658 Rege.

340 3661 504 3727 Mox
561 3658 907 3744 epistolam
982 3669 1051 3724 et
1106 3662 1525 3741 evangelium
1593 3661 1792 3743 (quae
1862 3665 1896 3722 7
1906 3665 1941 3724 3
2003 3661 2299 3746 ingentia

339 3748 498 3812 folia
540 3745 842 3829 implent,
889 3745 1179 3831 reliquus
1225 3752 1444 3811 autem
1489 3744 1657 3813 liber
1711 3767 1796 3811 ne
1856 3751 1937 3811 50
1980 3745 2296 3830 quidem),

341 3833 574 3899 eadem
594 3830 902 3897 videlicet
944 3853 1109 3915 quae
1133 3854 1173 3897 a
1213 3833 1527 3916 papicolis
1565 3843 1832 3915 accepta
1874 3830 1957 3896 ad
2001 3831 2297 3897 dextram

339 3929 408 3984 et
451 3918 797 3985 sinistram
841 3915 1149 4003 (Christi)
1193 3918 1668 3984 contendimus.
1690 3923 1746 3997 ⁴)
1853 3918 2055 3983 Festa
2113 3939 2298 4001 prae-

339 4015 528 4070 terea
572 4003 797 4068 omnia
838 4024 1042 4086 aeque
1083 4011 1240 4069 sunt
1277 4004 1350 4069 in
1394 4026 1515 4069 usu
1558 4024 1632 4068 ac
1667 4002 1839 4087 apud
1875 4002 2299 4081 adversarios,

339 4090 574 4175 paucis
655 4089 1108 4155 tantummodo
1186 4089 1578 4174 postpositis.
1688 4090 1860 4154 Tum
1937 4090 2153 4174 pergit
2217 4086 2300 4152 ad

341 4174 567 4242 Credo
627 4176 699 4239 in
758 4173 1007 4253 Deum,
1064 4185 1260 4259 atque
1327 4177 1483 4240 item
1562 4173 1645 4241 ad
1720 4175 2098 4241 concionem
2158 4173 2299 4253 (sed

343 4261 550 4328 surdo
593 4259 778 4327 canit
832 4258 1020 4327 liber:
1083 4282 1239 4326 nam
1296 4261 1408 4326 vix
1471 4261 1557 4326 ali
1603 4261 1794 4326 uibus
1839 4261 1910 4326 in
1967 4261 2123 4327 locis
2185 4282 2302 4344 per

344 4347 770 4431 septennium
813 4345 1096 4412 habetur
1140 4356 1298 4417 una)
1359 4360 1473 4412 aut
1525 4283 1607 4412 ad
1672 4346 2008 4412 homiliam
2069 4346 2301 4412 saltem

387 4454 516 4499 uae
562 4433 891 4516 conceptis
935 4433 1150 4499 verbis
1189 4434 1511 4500 scribitur.
1618 4431 1767 4514 Quo
1810 4441 2073 4515 peracto
2116 4452 2304 4515 paro-

432 4539 516 4584 us
558 4519 728 4584 festa
768 4515 998 4583 indicit
1040 4530 1108 4583 et
1144 4519 1409 4595 ieiunia,
1468 4520 1526 4585 si
1579 4539 1710 4601 qua
1765 4519 1932 4585 forte
1989 4516 2301 4594 incidant,

341 4624 668 4689 perorans
710 4600 975 4669 tandem
1020 4625 1170 4670 cum
1225 4604 1676 4670 exhortatione
1719 4604 1943 4688 aliqua
2001 4603 2084 4669 ad
2142 4604 2304 4669 elee-

343 4710 735 4775 mosynam:
796 4686 879 4753 ad
924 4710 1120 4773 quam
1167 4712 1304 4757 rem
1347 4690 1514 4756 liber
1566 4690 1943 4775 suppeditat
1993 4710 2304 4775 magnam

431 4775 615 4843 lvam
670 4776 1146 4841 sententiarum
1211 4798 1294 4844 ex
1350 4776 1695 4860 scripturis
1743 4776 1814 4841 in
1870 4774 2048 4841 hunc
2104 4777 2306 4842 finem

345 4795 829 4945 :lyepromptam
952 4860 1219 4927 Notatio
1288 4883 1444 4928 vero
1515 4862 1638 4929 hoc
1689 4862 1829 4927 loco
1883 4861 2165 4927 habetur
2221 4883 2306 4929 ne

347 4948 501 5032 quis
546 4945 893 5011 defraudet
934 4947 1287 5030 pai-ochum
1334 4970 1452 5015 suo
1506 4949 1677 5026 iure,
1731 4949 2118 5031 praesertim
2175 4947 2306 5013 illis

345 5034 540 5098 festis
599 5052 769 5115 quae
842 5031 925 5101 ad
1000 5033 1361 5100 oblationes
1429 5034 1555 5100 assi
1606 5043 1866 5099 uantur.
1984 5031 2308 5116 Sequitur

348 5118 645 5202 precatio
711 5138 827 5202 pro
880 5125 1052 5184 statu
1109 5119 1416 5188 ecclesiae
1469 5120 1563 5185 mi
1594 5120 1814 5186 ‘tantis
1831 5169 1848 5198 ,
1892 5118 2307 5203 negligentes

566 5323 630 5384 3)
670 5323 824 5378 Haec
857 5325 995 5377 satie
1025 5323 1249 5378 obsemc
1282 5322 1431 5379 diota
1464 5324 1524 5376 in
1558 5331 1710 5379 tes-tu
1731 5323 1946 5393 anylino
1968 5324 2310 5379 omittuntur.

567 5392 628 5458 4)
671 5391 861 5446 Etiam
895 5393 1028 5447 haec
1060 5407 1127 5447 σε
1161 5394 1378 5463 anolino
1410 5394 1712 5462 exemplari
1740 5394 1937 5462 refingi
1967 5399 2252 5463 nequeunt.

2373 655 2678 723 hortatur
2722 653 2807 723 ad
2847 656 3482 739 communicandum,
3528 658 4120 725 communicaturos
4161 681 4331 728 vero

2375 743 2724 810 confirmat
2792 751 2860 808 et
2929 752 3201 809 recreat.
3339 742 3552 810 Paulo
3627 755 3778 828 post
3854 746 4329 813 confessionem

2376 828 2569 893 flexis
2608 829 2884 912 genibus
2928 828 3203 894 habent:
3251 838 3392 894 tum
3428 830 3538 895 ille
3581 843 3836 896 erectus
3870 832 4326 899 remissionem

2377 923 2791 997 peccatorum
2805 926 3108 997 precatur
3128 912 3381 981 adiecta
3401 937 3485 980 ex
3502 916 3845 999 scripturis
3865 919 4325 987 consolatione.

2379 998 2822 1083 Progrediens
2889 999 3152 1066 deinde:
3220 999 3534 1079 Sursum,
3598 1002 3723 1079 ait,
3793 1002 4020 1068 corda!
4123 1004 4325 1089 Resp.

2377 1083 2764 1151 Habeamus
2807 1084 2891 1150 ad
2930 1086 3171 1152 Deum.
3263 1086 3534 1153 Gratias
3676 1108 3862 1152 amus
3916 1098 4036 1154 etc.
4125 1090 4325 1174 Resp.

2380 1172 2676 1255 Dignum
2736 1180 2805 1236 et
2874 1171 3119 1237 iustum
3181 1182 3299 1237 etc.
3390 1168 3566 1238 Vere
3667 1175 3896 1257 ignum
3955 1185 4022 1239 et
4080 1175 4328 1241 iustum

2381 1268 2486 1323 est
2529 1264 2649 1322 etc.
2696 1278 2902 1339 usque
2943 1255 3059 1322 ad:
3104 1265 3366 1323 aeterne
3409 1259 3611 1325 Deus.
3669 1258 3802 1325 Hic
3837 1256 4102 1325 additur
4146 1282 4333 1343 prae·

2381 1343 2539 1408 satio
2597 1342 2962 1409 secundum
3022 1344 3283 1409 festum.
3388 1344 3631 1410 Postea
3689 1347 3808 1410 ait:
3878 1343 4122 1412 Idcirco
4181 1368 4332 1413 cum

2383 1427 2637 1514 angelis
2713 1436 2781 1493 et
2863 1426 3275 1514 archangelis
3345 1439 3463 1496 etc.
3581 1432 3681 1496 Ac
3752 1431 3845 1495 ita
3921 1431 4161 1496 desinit
4222 1432 4332 1496 in:

2385 1512 2691 1592 Sanctus,
2736 1524 3019 1591 sanctus,
3065 1527 3344 1592 sanctus,
3392 1514 3505 1580 ad:
3566 1515 3926 1593 Hosianna,
3973 1536 4205 1599 usque:
4260 1518 4335 1582 in

2385 1599 2680 1667 excelsis.
2738 1599 2883 1665 Iam
2914 1622 3142 1666 rursus
3184 1602 3389 1666 flectit
3410 1623 3627 1682 genua
3648 1603 3995 1677 sacrificus,
4040 1612 4339 1668 nostram

2386 1685 2843 1770 indignitatem
2912 1686 3164 1768 publico
3209 1690 3476 1752 nomine
3540 1690 3888 1765 confitens,
3932 1687 4189 1771 Deique
4233 1689 4336 1753 vi-

2385 1772 2609 1839 cissim
2654 1770 3167 1837 misericordiam
3226 1771 3691 1855 depraedicans
3744 1784 3932 1857 rogat
3979 1782 4057 1839 ut
4113 1784 4336 1840 nostra

2386 1876 2657 1940 corpora
2759 1855 3013 1922 Christi
3110 1867 3480 1942 purgentur
3578 1879 3849 1942 corpore
3951 1868 4340 1944 nostraeque

2388 1944 2648 2008 animae
2691 1963 2810 2009 suo
2854 1943 3246 2026 perlnantur
3288 1945 3620 2026 sanguine.
3729 1945 3941 2023 [Haec
3992 1946 4139 2011 vice
4196 1946 4337 2011 Me-

2387 2036 2610 2094 mento
2652 2026 3086 2116 inseruntur].
3175 2028 3477 2115 Erigitur
3534 2030 3641 2096 hic
3697 2031 3911 2096 denuo
3954 2042 4149 2114 atque
4192 2051 4341 2115 pre-

2388 2115 2715 2181 cationem
2784 2113 3112 2197 quandam
3180 2115 3561 2200 aggreditur
3625 2115 3707 2181 ad
3767 2115 3892 2182 hoc
3962 2117 4343 2182 institutum

2387 2199 2818 2266 fabrefactam
2852 2201 2922 2264 in
2966 2221 3094 2283 qua
3135 2202 3332 2266 etiam
3371 2203 3790 2269 continentur
3840 2203 4036 2269 verba
4078 2203 4344 2269 institu-

2390 2286 2606 2352 tionis.
2667 2285 2899 2369 Itaque
2944 2288 3195 2369 primus
3228 2288 3697 2353 communicat:
3744 2309 3895 2353 mox
3921 2309 4074 2353 vero
4109 2309 4344 2372 panem

2389 2371 2665 2437 daturus
2709 2382 3038 2456 prostrato
3094 2371 3283 2437 alteri
3341 2373 3464 2437 ait:
3523 2374 3869 2456 Accipiens
3940 2393 4203 2440 vescere
4270 2395 4345 2440 ac

2391 2456 2770 2524 recordatus
2815 2455 3066 2522 Christi
3122 2479 3240 2541 pro
3285 2468 3349 2523 te
3401 2459 3582 2542 passi
3639 2460 3932 2525 animum
3988 2470 4172 2525 tuum
4228 2480 4349 2543 per

2392 2542 2590 2610 fidem
2636 2541 2779 2608 ciba
2834 2562 2910 2608 ac
2953 2544 3202 2627 gratias
3258 2565 3398 2628 age.
3502 2544 3818 2611 Poculum
3874 2543 4108 2611 deinde
4163 2565 4349 2630 prae-

2391 2629 2651 2695 biturus
2743 2627 3047 2694 similiter
3117 2630 3240 2695 ait:
3330 2630 3495 2695 Bibe
3579 2652 3661 2695 ex
3727 2630 3850 2696 hoc
3879 2683 3895 2710 ,
3968 2631 4346 2698 recordatus

2395 2714 2651 2783 Christi
2713 2716 3100 2797 sanguinem
3154 2735 3275 2799 pro
3335 2726 3401 2781 te
3453 2715 3710 2787 fusum.
3768 2737 3843 2781 ac
3901 2718 4148 2801 gratias
4205 2737 4345 2801 age.

2394 2801 2674 2866 Circiter
2716 2801 2943 2864 finem:
2990 2801 3192 2866 Pater
3235 2812 3459 2867 noster
3502 2810 3619 2867 etc.
3676 2813 3748 2866 ut
3791 2812 4005 2881 antea,
4048 2801 4349 2867 omnibus

2395 2907 2553 2953 voce
2599 2885 2975 2951 ministrum
3033 2885 3594 2970 subsequentibus.
3700 2884 3859 2974 [Hic
3917 2887 4193 2954 invertit
4246 2909 4353 2953 or·

2395 2970 2617 3037 dinem
2660 2968 2949 3059 missae.]
3011 2970 3356 3038 Conclusio
3392 2974 3591 3038 habet
3624 2973 3983 3058 gratiarum
4028 2975 4351 3039 actionem

2395 3080 2575 3126 cum:
2624 3057 2856 3125 Gloria
2898 3058 2969 3123 in
3005 3058 3281 3125 excelsis
3325 3057 3469 3124 Deo
3525 3067 3646 3127 etc.
3693 3072 3768 3125 ut
3813 3058 3987 3144 apud
4045 3059 4351 3144 papistas.

2397 3143 2593 3226 Quod
2687 3145 2742 3210 si
2824 3145 3160 3229 contingat
3250 3145 3502 3211 nullam
3584 3147 3728 3211 fieri
3809 3147 4354 3225 communionem,

2397 3232 2793 3297 omittuntur
2833 3230 3039 3296 verba
3085 3231 3538 3308 institutionis,
3584 3240 3841 3298 caetera
3884 3231 4114 3297 ordine
4166 3252 4353 3315 prae-

2397 3315 2568 3382 dicto
2610 3325 3035 3400 peraguntur.

2574 3400 2657 3465 In
2727 3402 3071 3486 Baptismo
3155 3423 3228 3467 ro
3275 3411 3476 3467 antur
3556 3414 4002 3488 susceptores,
4082 3403 4355 3469 infantis

2401 3488 2684 3566 nomine,
2724 3489 3194 3553 renuncientne
3274 3497 3508 3554 atanae
3543 3491 3811 3571 eiusque
3845 3489 4052 3568 factis,
4082 3509 4357 3573 pompae

2402 3572 2774 3639 mundanae
2798 3595 2873 3640 ac
2905 3574 3476 3657 concupiscentiis:
3524 3573 3776 3653 deinde,
3814 3574 4169 3642 credantne
4203 3575 4358 3639 arti-

2403 3659 2572 3725 culis
2596 3658 2768 3725 fidei.
2828 3658 3088 3739 Quibus
3112 3657 3372 3742 quidem
3397 3661 3754 3726 concessis:
3778 3660 4006 3739 Visne,
4032 3659 4355 3743 inquiunt,

2404 3743 2718 3829 baptisari
2800 3744 2873 3808 in
2960 3744 3134 3810 hanc
3192 3744 3435 3810 fidem?
3564 3745 3820 3825 Etiam,
3888 3746 4132 3830 inquit,
4191 3746 4360 3811 vole.

2404 3831 2571 3896 Post
2610 3829 2890 3913 paucula
2924 3851 3202 3914 puerum
3233 3831 3585 3914 prehendit
3620 3831 4033 3916 intingitque,
4072 3841 4141 3897 at
4174 3840 4362 3897 caute

2405 3924 2475 3981 et
2517 3916 2750 3994 sobrie,
2797 3924 2876 3981 ut
2917 3926 3017 3982 est
3060 3916 3233 4002 apud
3276 3925 3571 3983 autorem
3588 3919 3683 3998 5),·
3722 3918 3825 3983 cui
3859 3919 4056 3984 etiam
4099 3937 4364 3984 crucem

2403 4003 2479 4067 in
2522 4001 2805 4067 frontem
2849 4002 3081 4087 signat,
3142 4023 3272 4085 qua
3324 4002 3570 4069 scilicet
3622 4004 3887 4069 adultus
3932 4003 4360 4070 admoneatur

2405 4085 2735 4172 intrepide
2757 4087 2953 4152 fidem
2998 4089 3313 4153 confiteri.
3372 4086 3562 4170 Quae
3606 4101 3784 4156 certa
3806 4090 4059 4155 ratione
4094 4087 4359 4155 defendi

2407 4180 2654 4258 queant
2673 4173 2971 4240 consulto
3003 4174 3466 4254 transsilimus‚
3512 4197 3596 4240 ne
3630 4177 3850 4240 omnia
3882 4183 4359 4259 pertractantes

2409 4258 2577 4324 nihil
2654 4269 2917 4343 praeter
3005 4268 3269 4345 tegmen
3355 4260 3817 4343 relinquamus.
3933 4258 4359 4345 Susceptores

2407 4344 2799 4411 dimissurus
2843 4346 3160 4432 praecipit
3203 4358 3278 4412 ut
3321 4345 3402 4410 ad
3446 4348 3822 4431 episcopum
3865 4368 4139 4430 puerum
4184 4346 4362 4410 defe-

2409 4440 2581 4510 rant,
2627 4451 2820 4514 quam
2864 4432 3150 4514 primum
3172 4435 3227 4511 ⁸)
3288 4433 3595 4498 articulos
3654 4433 3823 4512 fidei,
3884 4433 4241 4497 orationem
4284 4452 4361 4497 ac

2409 4515 2723 4582 mandata
2786 4525 3031 4583 teneat.
3153 4516 3259 4581 De
3322 4519 3580 4603 privato
3635 4519 3957 4601 baptismo
4013 4529 4081 4583 et
4139 4537 4358 4596 coena,

2407 4601 2564 4669 licet
2585 4600 2667 4667 ab
2690 4611 2918 4669 autore
2944 4612 3170 4670 nostro
3198 4615 3531 4688 usurpata,
3578 4604 3744 4670 nihil
3779 4604 4018 4668 attinet
4060 4602 4358 4669 scribere.

2581 4687 2690 4753 Ad
2761 4690 3329 4755 confirmationem
3385 4699 3553 4767 tres,
3615 4690 3954 4772 inquiunt,
4012 4688 4360 4754 hortantur

2408 4794 2662 4852 causae,
2708 4794 2986 4858 quarum
3032 4774 3194 4840 haec
3257 4785 3358 4841 est
3413 4776 3805 4861 gravissima
3860 4788 3933 4840 ut
3981 4795 4099 4858 per
4150 4776 4363 4859 impo-

2410 4861 2711 4925 sitionem
2757 4881 3068 4926 manuum
3094 4870 3163 4926 et
3205 4881 3429 4945 preces
3472 4861 3569 4945 (id
3608 4860 3777 4946 quod
3814 4860 3899 4927 acl
3922 4861 4366 4945 apostolorum

2411 4945 2714 5029 exempla
2772 4946 3051 5022 faciunt)
3116 4945 3587 5034 [apostolorum
3641 4945 3897 5034 simiae]
3957 4949 4132 5012 vires
4191 4945 4362 5013 acci-

2412 5031 2600 5115 piant
2658 5052 2734 5097 ac
2791 5031 3230 5099 defensionem
3301 5032 3614 5099 adversus
3687 5053 3911 5099 omnes
3965 5034 4367 5099 tentationes

2618 5253 2681 5320 5)
2714 5271 2775 5308 as
2809 5254 2856 5307 it
2888 5255 2936 5308 is
2972 5257 3027 5308 in
3063 5255 3157 5308 the
3196 5255 3394 5311 Booke.

2620 5321 2678 5390 6)
2712 5330 2771 5377 ιο
2806 5323 2875 5376 be
2910 5324 3204 5377 confirmed
3238 5341 3299 5379 as
3336 5341 3501 5378 scone
3538 5341 3598 5378 as
3633 5324 3701 5378 he
3737 5342 3837 5378 can
3872 5324 3984 5379 saie
4020 5325 4114 5379 the
4143 5324 4373 5379 articles

2411 5391 2475 5445 of
2503 5391 2596 5445 the
2632 5392 2826 5446 Faithe
2859 5399 2953 5447 etc.

3853 5476 3957 5531 22*
