4850 6200
539 465 663 530 189

535 656 675 717 tam
730 650 851 716 tibi
907 650 1032 716 hoc
1089 668 1340 725 meum,
1391 655 1469 711 ιιι
1520 647 1590 712 in
1646 667 1991 713 commune
2043 646 2474 725 consulamus,

533 733 693 823 quid
734 735 905 802 facto
946 754 1108 818 opus
1150 733 1255 813 sit,
1299 739 1366 798 et
1400 731 1554 817 qnid
1589 732 1912 800 conducat
1952 730 2306 816 plurimum
2341 732 2478 816 pie-

535 822 681 889 tati.
781 819 1164 887 Praeteritis
1219 817 1395 884 enim
1460 817 1800 883 affectibus
1870 815 2034 883 illud
2100 816 2169 883 in
2247 818 2477 905 primis

533 905 928 975 tentandum
960 926 1102 971 esse
1135 904 1341 985 video,
1386 903 1559 988 quod
1603 904 1888 970 maxime
1922 902 2238 969 aedificat.
2324 903 2477 970 Scio

537 999 605 1059 te
666 992 890 1057 multis
952 988 1340 1056 adobrutum
1419 989 1700 1074 negotiis
1778 1010 1973 1074 aegre
2035 987 2196 1054 hacc
2258 988 2479 1073 legere

532 1099 741 1164 posse,
777 1076 999 1142 desino
1022 1096 1177 1160 ergo
1212 1075 1449 1140 addere
1484 1075 1849 1141 molestiam
1885 1073 2233 1141 molestiae.
2277 1074 2477 1142 Com-

534 1162 775 1230 mendo
818 1182 922 1228 me
977 1168 1044 1228 et
1096 1169 1354 1228 nostros
1411 1182 1638 1227 omnes
1682 1162 1812 1227 tuis
1854 1169 1922 1227 et
1962 1169 2225 1226 tuorum
2268 1160 2476 1245 preci-

536 1249 677 1315 bus.
779 1247 950 1313 Vive
1013 1254 1081 1313 et
1146 1246 1309 1314 vale.
1419 1246 1656 1314 Gratia
1720 1246 1992 1312 Domini
2056 1249 2260 1313 nostri
2322 1245 2475 1311 Iesu

534 1332 788 1401 Christi
821 1334 908 1399 sit
950 1340 1187 1400 tecum.
1273 1332 1507 1417 'l'iguri
1555 1338 1649 1399 14.
1693 1331 1859 1399 Maii
1911 1333 2169 1417 1554.⁷)

1316 1469 1716 1556 Henrychus
1758 1468 2172 1554 Bullingerus
2215 1476 2388 1535 tuus.

1404 1998 1593 2069 1955.

1066 2151 1467 2220 VIRETUS
1511 2150 1936 2220 CALVINO.

706 2321 961 2389 Literas
1001 2325 1088 2389 ad
1109 2323 1499 2392 Richardum
1544 2323 1637 2389 Le
1672 2322 1873 2391 Fevre
1910 2323 2241 2391 mittendas
2281 2322 2478 2390 tradit

533 2408 598 2477 εἰ
652 2409 901 2489 quidem
954 2409 1159 2478 adhuc
1222 2415 1530 2494 superstes
1580 2409 1790 2491 faerit.
1892 2409 2253 2494 Bullinyeri
2306 2410 2477 2476 iudi-

533 2494 700 2559 cium
739 2494 816 2560 de
841 2492 1090 2561 Calvini
1130 2496 1288 2562 libro
1330 2502 1541 2562 contra
1579 2495 1894 2563 Servatum
1926 2499 2156 2577 scripto
2199 2496 2471 2562 discutit.

537 2577 668 2646 Res
717 2578 1005 2648 orbam
1045 2581 1234 2648 obiter
1275 2582 1541 2666 attinyit.

823 2751 931 2819 (Ex
966 2751 1303 2824 autographo
1338 2752 1468 2808 Cod.
1504 2753 1706 2808 Genev.
1742 2752 1886 2817 111⁸,
1919 2752 2010 2807 fol.
2048 2751 2189 2817 190.)

702 2922 1281 2989 Praestantissimo
1349 2921 1599 2988 Christi
1662 2943 1850 2990 servo
1907 2922 2143 2988 Ioanni
2198 2923 2475 2990 Calvino

533 3006 947 3075 Genevensis
1015 3008 1325 3074 ecclesiae
1379 3009 1622 3090 pastori
1685 3007 2090 3087 fidelissimo,
2164 3008 2352 3073 fratri
2408 3015 2477 3074 et

532 3102 938 3180 symmystae
981 3115 1179 3177 quam
1223 3094 1574 3161 carissimo.

1965 3180 2291 3247 Genevae.
2397 3255 2407 3268 .

656 3325 671 3336 '
704 3312 774 3380 S.
822 3314 1119 3380 Remitto
1163 3314 1247 3382 ad
1289 3325 1356 3383 te
1399 3315 1764 3400 Ballinyeri
1804 3315 2048 3392 literas,
2079 3319 2129 3392 ¹)
2187 3337 2350 3399 quas
2392 3315 2476 3381 ad

530 3420 605 3469 se
646 3400 881 3467 missas
925 3402 1178 3467 remisit
1219 3404 1416 3467 etiam
1464 3402 1762 3469 Farellus
1817 3421 1950 3467 una
2008 3421 2155 3466 cum
2215 3402 2350 3467 suis
2394 3400 2478 3466 ad

532 3485 929 3554 Richardum
945 3487 1001 3566 ²)
1047 3486 1342 3553 vinctum
1388 3487 1724 3573 Lugduni,
1769 3509 1932 3571 quas
1975 3487 2078 3553 his
2121 3488 2285 3552 meis
2328 3508 2478 3553 cum

529 3571 899 3656 Bullinyeri
940 3570 1154 3639 literis
1195 3574 1464 3654 inclusi,
1524 3583 1601 3638 ut
1656 3575 1711 3639 si
1766 3573 1982 3639 adhuc
2035 3574 2215 3641 vivat
2260 3573 2479 3658 obsig-

525 3665 719 3724 natas
762 3665 831 3723 et
873 3658 1222 3742 inscriptas
1277 3663 1335 3722 ei
1402 3658 1769 3725 reddendas
1810 3680 2019 3738 cures,
2077 3680 2152 3725 ac
2196 3658 2252 3724 si
2297 3658 2477 3725 vide·

527 3742 709 3808 bitur
764 3751 908 3808 tuas
959 3764 1212 3827 quoque
1284 3745 1622 3828 adiungas.
1722 3746 1950 3811 Metuo
2011 3767 2130 3830 ego
2197 3766 2279 3810 ne
2342 3765 2478 3809 non

529 3829 620 3893 sit
680 3828 958 3911 amplius
1016 3839 1362 3913 superstes.
1466 3832 1639 3897 Nam
1694 3832 1911 3914 accepi
1962 3829 2476 3911 Lugdunensem

527 3913 928 3998 praefectum
974 3915 1246 3982 Lutetia
1286 3916 1573 3997 rediisse,
1635 3919 1744 4002 qui
1787 3916 1988 3981 huius
2035 3917 2236 3982 vineti
2279 3938 2477 3983 causa

529 4017 608 4064 eo
641 4000 968 4081 profectus
1009 4002 1238 4067 fuerat.
1304 4004 1533 4086 Neque
1575 4001 1841 4069 dubium
1878 4013 1977 4068 est
2019 4003 2173 4087 quin
2221 4010 2477 4067 mature

529 4095 929 4166 exsequatur
983 4087 1156 4169 quod
1213 4086 1407 4152 habet
1470 4091 1541 4154 in
1610 4089 1956 4155 mandatis.
2047 4088 2187 4153 Vos
2256 4097 2476 4154 autem

528 4168 677 4234 istie
720 4172 940 4234 omnia
984 4175 1225 4237 certius
1270 4177 1542 4256 potestis
1577 4197 1982 4261 cognoscere.
2048 4172 2271 4256 Quare
2307 4173 2477 4239 hanc

528 4275 669 4320 rem
714 4265 919 4320 totam
964 4257 1084 4321 tibi
1130 4262 1479 4326 committe.

702 4340 860 4405 Vidi
896 4342 1059 4424 quid
1103 4344 1173 4408 in
1219 4344 1381 4411 libro
1429 4356 1541 4412 tuo
1596 4345 1912 4412 adversus
1960 4344 2280 4412 Servetum
2324 4367 2470 4430 pro-

527 4425 657 4505 bet,
702 4425 855 4510 quid
900 4428 1055 4492 item
1100 4428 1509 4514 Bullinyerus
1551 4455 1622 4497 re
1671 4434 1853 4497 uirat.
1942 4431 2126 4497 Beue
2171 4430 2478 4515 estquod

529 4510 605 4580 in
647 4532 719 4578 re
763 4513 905 4596 ipsa
949 4515 1287 4582 nobiscum
1329 4520 1546 4584 sentit.
1696 4529 1812 4582 unt
1868 4516 1979 4583 alii
2023 4517 2134 4600 qui
2192 4517 2257 4583 id
2315 4537 2475 4601 quo-

533 4618 660 4681 que
700 4598 769 4665 in
814 4609 880 4664 te
924 4603 1295 4684 requirant,
1353 4604 1522 4684 quod
1579 4615 1800 4670 monet
1842 4602 2273 4686 Bullinyerus,
2322 4604 2477 4686 quia

536 4705 667 4748 non
693 4706 918 4751 omnes
942 4707 1021 4751 ea
1045 4688 1267 4753 valent
1286 4690 1534 4773 ingenii
1572 4690 1965 4775 perspicacia
1987 4709 2116 4774 qua
2139 4701 2212 4754 tu
2245 4690 2475 4772 polles,

597 5023 610 5036 ι
741 4955 796 5021 7)
832 4957 928 5013 Ad
960 4961 1155 5016 calcem
1190 4962 1446 5029 epistolae
1472 4961 1758 5018 Calvinus.-
1794 4963 1960 5016 Dabis
1994 4963 2211 5018 silentio
2246 4964 2475 5029 veniam,

536 5041 613 5104 ¹¹¹!
650 5024 873 5093 Farelle,
921 5031 1049 5098 quia
1091 5031 1327 5084 scribere
1373 5049 1515 5085 nuno
1548 5047 1653 5085 non
1693 5038 1862 5086 vacat.
1935 5032 2014 5086 Ee
2058 5048 2214 5088 mox.-
2262 5033 2478 5088 Fan-ello

537 5107 786 5172 miseram
834 5102 896 5147 ut
953 5099 1084 5151 mibi
1139 5102 1500 5155 excusationis
1543 5102 1661 5155 loco
1707 5107 1837 5154 tunc
1882 5109 2042 5155 esset.
2121 5101 2368 5168 (Haecne
2403 5102 2481 5156 ad

536 5159 976 5229 Bullmyerumffl
1062 5167 1182 5223 Ino
1215 5170 1292 5224 ad
1340 5170 1592 5225 Vincam.

534 5225 709 5283 105⁶.
738 5232 793 5292 1)
834 5230 908 5284 N.
945 5234 1095 5289 1934.

686 5368 696 5380 ⁸
740 5297 795 5364 2)
830 5299 912 5353 Le
944 5302 1122 5359 Fem
1154 5323 1202 5360 v.
1245 5307 1318 5362 N.
1354 5305 1506 5361 1949.

484 5409 489 5414 .
528 5366 782 5437 perlatae
815 5375 959 5427 sunt.
1032 5372 1224 5430 Etiam
1261 5375 1481 5431 Caluini
1513 5379 1564 5430 si
1595 5377 1811 5446 quiden
1844 5376 1934 5432 hic
1965 5378 2260 5446 scripseru-

2027 455 2549 526 EPISTOLAB
2597 458 3015 524 1954-1958

1582 5306 1797 5363 Far-elli
1838 5312 1887 5361 et
1936 5306 2105 5361 Vir-eto·
2152 5307 2340 5363 merae
2385 5307 2477 5362 de·
2577 5318 2753 5367 motae

4393 459 4517 524 140

2577 654 2652 710 ιιι
2715 652 2853 710 tam
2916 644 3110 712 facile
3149 643 3459 728 consequi
3512 643 3954 729 intelligentia
4017 645 4283 711 valeant
4343 641 4518 727 quod

2576 729 2836 808 scribis,
2892 752 3087 815 quam
3141 730 3429 797 breviter
3485 750 3561 797 ac
3604 729 3930 797 succincte
3974 730 4178 796 animi
4220 730 4322 796 tui
4362 751 4517 797 con·

2575 815 3276 987 33⁶2.3¹3.‘{32‘{.{³
3279 815 3627 968 ‘'1333AE
3658 815 4518 968 Ἓῒῇῖήὲῗὲηέἒέῗιέἷὲΐ

2577 997 2820 1056 tentur.
2907 986 3129 1070 Quare
3171 997 3245 1054 ιιι
3287 988 3584 1054 omnibus
3627 1008 3745 1072 per
3786 988 4008 1053 omnia
4049 988 4350 1054 satisfieri
4383 1008 4518 1054 non

2577 1081 2811 1157 potest,
2854 1075 2949 1140 ita
2993 1074 3212 1140 nullus
3255 1082 3356 1139 est
3398 1072 3648 1139 inutilis
3691 1073 3891 1152 labor,
3934 1073 4049 1157 qui
4081 1072 4273 1139 modo
4318 1073 4518 1140 desti-

2579 1168 2772 1226 natus
2814 1160 2902 1226 sit
2944 1159 3027 1226 ad
3070 1159 3557 1244 provehendam
3599 1158 3850 1226 Christi
3892 1159 4186 1244 gloriam.

2744 1244 2926 1312 Besa
2978 1254 3205 1312 noster
3266 1246 3522 1310 laborat
3581 1245 3655 1309 in
3708 1245 4099 1323 refutatione
4151 1244 4383 1312 insulsi
4450 1251 4520 1311 et

2577 1331 2764 1414 impii
2816 1330 2995 1397 illius
3054 1330 3281 1410 libelli,
3341 1351 3532 1414 quem
3589 1331 3777 1397 nobis
3811 1331 4114 1397 Basilaea
4154 1352 4369 1416 nuper
4412 1330 4521 1395 de-

2577 1416 2694 1484 dit.
2759 1418 2862 1483 De
2896 1417 3078 1482 exitu
3120 1439 3353 1484 causae
3374 1415 3681 1483 Orbanae
3723 1416 4050 1483 nihildum
4094 1417 4301 1483 habeo
4340 1424 4520 1483 certo

2576 1513 2977 1585 compertum
2997 1554 3013 1581 ,
3069 1503 3192 1569 nisi
3250 1502 3422 1585 quod
3463 1501 3716 1582 audivi,
3773 1502 3888 1569 sed
3932 1524 4062 1568 non
4104 1504 4301 1569 certis
4343 1523 4519 1567 nun-

2575 1588 2713 1667 ciis,
2758 1590 3082 1655 Bernates
3126 1590 3408 1656 evasisse
3451 1608 3680 1654 causae
3725 1588 4009 1655 bonitate
4052 1590 4438 1672 superiores.
4461 1591 4519 1665 ⁸)

2578 1675 2902 1740 Dominus
2959 1675 3144 1741 cuius
3213 1696 3320 1740 res
3375 1676 3619 1758 agitur,
3689 1675 3911 1740 omnia
3960 1675 4128 1740 bene
4182 1673 4514 1740 secundet.

2576 1760 2878 1844 Pei-gunt
2919 1759 3170 1827 Orbani
3211 1768 3584 1827 constantes
3626 1759 3695 1825 in
3732 1780 3926 1844 opere
3968 1758 4260 1825 Domini.
4328 1759 4521 1826 Uxor

2575 1866 2723 1910 mea
2764 1844 2880 1909 tibi
2924 1845 3202 1911 multam
3242 1845 3519 1911 salutem
3565 1845 3737 1923 dicit,
3795 1867 3962 1930 quae
4015 1845 4246 1912 horam
4288 1852 4519 1927 partus

2575 1938 2911 2015 exspectat
2951 1931 3024 1996 in
3066 1930 3238 1997 dies:
3288 1952 3484 2014 quam
3527 1932 3608 1997 ob
3652 1951 3916 1998 causam
3949 1952 4020 1998 se
4053 1932 4184 1997 tuis
4216 1932 4518 2014 precibus

2574 2015 2932 2102 plurimum
3000 2016 3429 2084 commendat.
3543 2016 3843 2083 Salutem
3912 2036 4142 2099 precor
4212 2015 4518 2085 omnibus

2575 2102 2821 2169 amicis.
2906 2102 3091 2169 Vale.
3181 2104 3578 2169 Lausannae
3630 2107 3724 2170 15.
3770 2103 3937 2169 Maii
3987 2106 4166 2169 1554.

3544 2241 3728 2306 'suus
3769 2240 4011 2305 Petrus
4052 2237 4342 2306 Viretus.

3450 2751 3636 2822 1956.

3068 2906 3538 2977 CALVINUS
3580 2906 4045 2974 FARELLO.

2750 3079 2854 3147 De
2915 3079 3098 3147 rebus
3156 3078 3609 3148 Genevensibus
3663 3079 3924 3146 scribere
3967 3078 4140 3163 piyet
4200 3100 4368 3160 eum,
4439 3079 4520 3147 de

2580 3167 2829 3242 exteris,
2888 3172 3019 3231 tam
3051 3166 3328 3248 politicis
3384 3186 3574 3248 quam
3614 3165 3964 3249 theoloyicis
4004 3186 4127 3231 non
4167 3165 4344 3233 habet
4384 3167 4523 3233 nisi

2579 3253 2656 3318 de
2698 3251 2926 3334 quibus
2967 3258 3278 3334 queratur.
3352 3251 3751 3318 Commendat
3784 3253 4065 3317 iuvenem
4105 3251 4517 3318 tabellarium.

2579 3423 2690 3489 (Ex
2724 3424 3056 3494 autographo
3091 3422 3221 3477 Cod.
3257 3421 3767 3560 ⁶⁰⁰⁰*1‘11102235'f01'
3792 3422 3874 3477 69.
3927 3423 4151 3493 Anglioe
4186 3422 4271 3476 ed.
4305 3421 4520 3477 Philad.

2581 3662 2842 3728 Eximio
2878 3662 3030 3728 Iesu
3052 3662 3307 3729 Christi
3349 3685 3554 3742 serve,
3602 3662 3957 3731 Guillelmo
3989 3662 4274 3744 Farello,
4319 3663 4521 3729 eccle-

2580 3749 2713 3814 siae
2753 3749 3212 3815 Neocomensis
3271 3749 3401 3816 fido
3443 3751 3707 3833 pastori,
3764 3750 3952 3815 fratri
4009 3757 4075 3815 et
4115 3756 4520 3835 symmystae

3054 3836 3393 3902 carissimo
3435 3847 3503 3902 et
3547 3858 3699 3902 vere
3743 3834 4028 3902 colendo.

2748 3971 2819 4038 S.
2902 3969 3077 4053 Quia
3130 3994 3213 4037 ex
3281 3980 3466 4038 tanta
3522 3994 3740 4038 rerum
3799 3972 4018 4058 sylva,
4087 3994 4258 4057 quae
4311 3972 4520 4040 otioso

2580 4057 2662 4123 ad
2703 4057 3119 4123 scribendum
3162 4067 3566 4142 suppeteret,
3612 4080 3802 4142 quam
3849 4068 4121 4141 partem,
4181 4059 4274 4125 sic
4327 4079 4519 4125 occu-

2575 4152 2770 4226 patus
2813 4151 2890 4207 ut
2931 4164 3094 4222 sum,
3138 4145 3378 4229 eligere
3422 4145 3691 4211 debeam
3726 4145 3959 4211 nescio.
4027 4145 4244 4229 Cogor
4285 4145 4520 4211 breves

2576 4238 2643 4294 et
2697 4229 2915 4294 aridas
2981 4229 3202 4296 literas
3258 4231 3555 4296 scribere.
3657 4231 3759 4295 De
3816 4240 3991 4295 statu
4049 4241 4274 4296 nostro
4329 4229 4521 4313 quid-

2576 4336 2774 4397 quam
2851 4316 3175 4398 attingere
3268 4317 3463 4400 piget.
3588 4315 3862 4382 Utinam
3942 4314 4160 4399 aliqua
4238 4317 4518 4381 mutatio

2578 4400 2759 4464 brevi
2805 4400 2963 4464 mihi
3022 4415 3478 4484 argumentum
3542 4402 3769 4468 laenius
3812 4402 4061 4466 offerat.
4149 4400 4284 4469 Sed
4326 4401 4520 4468 crede

2575 4486 2771 4565 mihi,
2831 4509 3032 4569 quum
3091 4488 3366 4554 ferocius
3422 4509 3614 4570 quam
3671 4487 3946 4553 antebac
4001 4508 4295 4570 unquam
4334 4508 4519 4571 gras-

2576 4579 2760 4638 setur
2793 4571 3113 4637 malorum
3138 4577 3187 4652 ¹)
3223 4573 3587 4654 insolentia,
3626 4572 3794 4637 nihil
3830 4574 3957 4638 nisi
3993 4575 4178 4640 triste
4212 4595 4515 4659 auguror.

2578 4659 2758 4740 Ergo
2827 4659 2908 4723 ad
2978 4659 3141 4724 alios
3200 4668 3479 4725 transeo.
3579 4659 3813 4725 Italiae
3879 4656 4214 4742 impendet
4275 4681 4520 4744 magna

2579 4743 2730 4808 belli
2796 4745 3017 4810 moles.
3124 4745 3497 4811 Picardiam
3566 4758 3855 4810 nostram
3925 4747 4092 4810 forte
4157 4745 4517 4812 immunem

2579 4830 2702 4896 hac
2743 4841 2991 4896 aestate
3006 4831 3063 4915 ²)
3105 4833 3461 4915 praestabit
3497 4833 3788 4897 vastitas.
3857 4830 4032 4913 Quia
4072 4832 4354 4916 suspicio
4398 4839 4516 4912 est,

2757 5102 2863 5185 ⁶3),
2889 5104 3144 5186 Verqentc
3175 5103 3386 5159 demum
3423 5102 3573 5159 Iulio
3617 5119 3708 5159 res
3739 5105 3983 5170 confecta
4012 5105 4139 5173 fuit,
4181 5110 4247 5160 ut
4276 5105 4392 5160 iam
4426 5119 4518 5160 su·

2576 5174 3182 5309 ssgoaqqsfigssbmaenugb·
3202 5240 3417 5310 Aprilis
3446 5239 3888 5298 recu-ademtam
3921 5243 4109 5299 turbae
4142 5257 4180 5297 a
4195 5241 4520 5298 Bertellern‘o

2753 5348 2766 5362 ⁶
2782 5377 2844 5446 2)
2883 5377 3092 5432 Bellum
3125 5378 3188 5433 in
3225 5377 3412 5447 Belgio
3441 5378 3742 5448 yet-ebatur.
