4850 6200
332 394 456 457 ⁷49

499 582 587 648 D.
613 581 944 650 Martinus
963 588 1017 657 θ)
1042 582 1333 649 nondum
1358 582 1555 649 rediit
1577 604 1617 648 a
1659 585 1909 669 nuptiis
1936 584 2208 670 Georyii.
2230 584 2284 672 7)

330 669 608 736 Utinam
642 668 889 753 aliquid
932 670 1199 737 efficiat:
1245 669 1438 753 quod,
1482 680 1803 754 quantum
1845 672 2162 738 coniicere
2205 671 2283 736 li·

331 762 449 832 cet,
515 774 654 820 non
720 764 1011 839 apparet.
1120 756 1450 822 rossanus
1511 756 1744 823 callide
1799 758 1974 843 quod
2039 760 2178 843 agit
2221 766 2289 823 et

331 842 468 927 egit
521 861 657 907 non
712 841 1030 927 cogitavit
1081 863 1410 925 unquam:
1469 849 1732 909 coaetus
1776 867 1817 909 a
1859 844 2176 927 Principe
2220 852 2289 909 et

328 929 563 1007 iussus,
608 929 948 1007 innocens,
994 949 1221 1013 purus,
1257 928 1605 995 calumniis
1647 929 2008 1015 impetitur.
2072 930 2286 996 Eiecti

328 1035 531 1098 quum
585 1014 745 1079 ferri
800 1034 935 1079 non
990 1022 1279 1099 possent,
1331 1014 1585 1082 dimissi
1629 1015 1986 1082 clementer
2019 1025 2287 1100 propter

328 1100 770 1165 ministerium
786 1149 802 1179 ,
875 1122 1081 1184 quum
1139 1102 1510 1186 receperint
1567 1122 1796 1185 pacem
1863 1102 2283 1169 ecclesiarum

326 1185 594 1252 illarum
641 1208 712 1253 se
774 1207 911 1253 non
967 1187 1542 1268 interturbaturos,
1599 1208 1723 1253 nec
1763 1189 2113 1273 quiescunt
2166 1209 2288 1254 nec

327 1284 590 1340 cessant
678 1273 903 1338 omnia
988 1295 1184 1359 agere
1274 1295 1462 1340 secus
1558 1295 1756 1358 quam
1843 1276 2284 1357 promiserint.

326 1360 727 1442 rPriumphat
778 1361 914 1425 iam
966 1360 1137 1426 serio
1200 1360 1543 1439 rossanus,
1612 1371 1681 1425 et
1721 1362 2108 1427 innocentes
2153 1381 2287 1426 om·

326 1446 513 1511 nium
558 1453 719 1511 sunt
759 1446 1222 1513 nocentissimi.
1308 1445 1514 1511 Dabit
1546 1446 1813 1512 tandem
1858 1446 2167 1513 Christus
2208 1448 2286 1512 fi-

324 1552 481 1596 nem
547 1540 645 1598 tot
700 1540 769 1597 et
834 1533 1037 1598 tantis
1079 1533 1291 1598 malis.
1372 1533 1519 1617 Ego
1561 1532 1633 1596 in
1676 1534 1805 1598 ista
1844 1554 2045 1599 causa
2087 1552 2287 1617 supra

325 1638 557 1684 omnes
611 1617 949 1685 traducor:
1010 1625 1078 1683 et
1123 1619 1424 1703 quamvis
1468 1617 1640 1683 bona
1681 1619 1849 1685 mihi
1892 1619 2289 1704 respondeat

325 1705 745 1785 conscientia,
784 1713 853 1769 et
899 1704 1179 1790 gestiam
1213 1705 1377 1771 haec
1419 1704 1587 1770 mihi
1630 1714 1898 1789 propter
1941 1705 2283 1772 Christum

324 1791 728 1876 contingere,
764 1800 989 1857 tamen
1026 1813 1211 1857 meae
1248 1790 1415 1856 mihi
1463 1792 1765 1857 conscius
1801 1791 2286 1877 imprudentiae

324 1885 390 1941 et
431 1879 675 1957 carnis,
721 1899 890 1962 quae
945 1878 1206 1961 spiritui
1250 1898 1511 1962 semper
1554 1877 1959 1957 adversatur,
2006 1886 2141 1942 tam
2186 1880 2285 1942 in·

322 1964 576 2043 firmus,
635 1973 774 2029 tam
818 1963 1046 2046 procul
1101 1962 1184 2028 ab
1226 1963 1309 2028 iis
1353 1984 1519 2046 qnae
1562 1963 1789 2029 adesse
1834 1963 2091 2043 debent,
2136 1983 2284 2029 cum

324 2049 620 2135 apostolo
677 2051 1055 2135 ingemisco,
1115 2058 1182 2115 et
1239 2051 1504 2115 veniam
1557 2059 1710 2134 peto
1752 2050 1823 2114 in
1869 2050 1994 2117 hoc
2044 2050 2284 2135 gaudio

322 2147 388 2202 et
442 2143 827 2220 exspectata
875 2135 1208 2215 mercede,
1270 2157 1466 2219 quam
1511 2135 1627 2201 dat
1670 2145 1739 2201 et
1783 2135 1967 2202 dabit
2009 2138 2121 2220 qui
2165 2158 2283 2220 pro

320 2222 516 2288 nobis
578 2231 883 2288 mortuus
939 2230 1057 2288 est.
1161 2220 1565 2287 Commendo
1623 2222 1746 2288 tibi
1791 2223 2070 2289 miseros
2114 2243 2281 2307 quos

322 2307 611 2375 Satanas
653 2316 851 2394 urget
892 2310 964 2374 in
1010 2330 1097 2373 re.
1186 2309 1371 2374 Bene
1414 2309 1702 2391 preceris
1744 2308 1910 2373 illis:
1956 2319 2022 2373 et
2074 2330 2282 2392 quan-

320 2404 467 2461 tum
526 2396 671 2461 fieri
729 2404 962 2479 potest,
1020 2395 1343 2461 bonorum
1399 2396 1780 2461 memineris
1837 2406 1902 2459 et
1954 2396 2281 2460 malorum

321 2482 750 2549 obliviscaris.
841 2478 1013 2546 Vide
1056 2483 1204 2565 quis
1249 2482 1528 2557 veneris,
1574 2490 1641 2546 et
1693 2488 1948 2565 quotus,
1995 2489 2061 2546 et
2103 2503 2281 2548 nuno

319 2570 433 2635 ubi
494 2569 602 2645 sis,
666 2577 740 2634 ut
796 2589 1034 2652 pergas
1093 2588 1351 2651 semper
1405 2575 1671 2633 strenue
1731 2568 1974 2650 magis:
2021 2575 2090 2632 et
2131 2566 2281 2632 vide

360 2653 478 2720 uid
536 2655 804 2719 Iacobus
856 2653 969 2719 ille
1026 2652 1202 2718 dicat
1260 2654 1352 2717 ita
1395 2652 1675 2737 stipatus
1730 2651 2007 2720 rediens,
2098 2651 2280 2734 Quid

316 2676 435 2806 illa
480 2740 564 2805 ad
607 2740 807 2806 istam
852 2739 1154 2825 gratiam,
1202 2747 1277 2804 ut
1317 2740 1556 2807 merito
1601 2739 1775 2805 ferre
1821 2738 2055 2805 debeas
2098 2740 2279 2804 furo-

317 2848 425 2894 res
471 2825 777 2903 Satanae,
824 2827 956 2891 imo
998 2825 1258 2891 ridere?
1320 2826 1557 2891 Finem
1603 2848 1735 2891 non
1777 2824 2017 2890 faciam
2060 2833 2279 2891 tecum

318 2933 527 2998 agens
560 2911 850 2998 indigne,
891 2910 1053 2977 mihi
1103 2931 1422 2996 arrogans
1465 2912 1636 2995 quod
1677 2933 1810 2977 non
1853 2911 2020 2976 licet.
2107 2911 2280 2977 Pue-

318 3000 411 3066 ris
456 3007 533 3064 ut
576 2997 773 3064 datur
807 2999 1110 3081 ineptire,
1146 2997 1302 3082 quid
1344 2998 1478 3063 iam
1522 2997 1624 3063 bis
1666 3018 1871 3083 puero
1915 3018 2048 3063 non
2095 2995 2278 3062 dabi-

318 3092 431 3152 tur
475 3083 742 3170 aliquid,
779 3084 893 3169 qui
934 3106 1276 3168 nunquam
1310 3086 1571 3169 sapiens
1613 3084 1780 3151 fuit?
1849 3083 2018 3150 Vale
2052 3082 2276 3169 igitur,

319 3181 386 3237 et
430 3192 662 3238 omnes
706 3181 936 3239 vorato
979 3171 1314 3238 molestias
1358 3181 1626 3256 propter
1669 3171 2029 3238 Christum.
2101 3169 2278 3254 Opto

318 3257 605 3343 collegas
669 3257 906 3336 salvos,
972 3279 1109 3322 non
1188 3259 1541 3341 praeterito
1612 3257 1922 3335 Gazzasio,
1989 3256 2277 3336 Budaeo,

320 3343 739 3424 Normandio,
783 3344 1022 3426 ffiratre,
1075 3343 1344 3422 Trierio,
1371 3345 1429 3422 S)
1486 3344 1807 3410 omnibus.
1897 3341 2170 3428 Collega
2212 3351 2281 3408 et

317 3430 438 3496 reli
482 3431 553 3496 ui
597 3431 836 3497 fratres
878 3440 947 3495 te
991 3429 1248 3496 salvum
1293 3438 1542 3514 optant.
1628 3430 1959 3509 Neocomi,
2007 3436 2064 3496 7.
2111 3428 2277 3513 Sep-

316 3452 595 3584 temzris
637 3521 820 3582 1555.

1335 3657 1516 3722 Tuus
1560 3662 1737 3722 totus
1778 3653 2102 3721 Farellus.

1112 3950 1517 3958 *Μ

1194 4168 1397 4241 2283.

830 4322 1333 4393 PARELLUS
1380 4322 1754 4391 VIRETO.

491 4496 773 4565 Satanas
812 4517 969 4564 suas
997 4503 1226 4580 partes
1266 4498 1419 4582 (⁸9⁸3,
1465 4496 1740 4564 homines
1781 4497 2128 4575 insaniunt,
2162 4495 2273 4577 pii

315 4583 484 4651 diris
524 4585 915 4664 devoventm,
960 4589 1017 4650 et
1059 4585 1221 4667 quod
1263 4584 1455 4650 multo
1496 4584 1704 4667 mayis
1746 4581 2092 4662 dolendum,
2136 4582 2274 4664 ipsc

315 4669 536 4737 dehis
593 4671 1044 4754 ommibus-pro
1097 4667 2273 4753 moreitasoribitutpraeobscuri-

316 4761 439 4824 tato
480 4762 832 4839 συμπαθεῖν
869 4776 1157 4840 nequeas,

319 4929 432 4995 (Ex
465 4928 806 5000 autographo
842 4927 971 4984 cod.
997 4928 1202 4983 Genev.
1226 4927 1343 4996 115,
1378 4928 1471 4983 sol.
1509 4926 1634 4998 1223
1673 4928 1793 4983 coll.
1829 4943 1951 4981 cum
1984 4925 2116 4982 Cod.
2152 4924 2269 4992 116,

393 4999 489 5054 sol.
524 4997 611 5065 40,
647 4999 789 5069 Epp.
825 4997 986 5053 Bern.
1023 4998 1177 5054 Tom.
1211 4998 1314 5052 VI.
1350 5015 1402 5069 p.
1437 4996 1542 5052 482
1578 5002 1636 5052 et
1668 4996 1886 5053 Simleri
1919 4995 2040 5052 Vol.
2076 4992 2189 5062 85.)

544 5122 727 5130 η·-

523 5202 584 5271 6)
620 5202 1042 5260 Dounon-‘mu
1056 5202 1088 5258 ?

523 5272 586 5339 7)
626 5274 853 5331 Comitis
888 5272 1426 5344 Monbclqardeum's.

520 5342 584 5413 8)
619 5345 715 5400 tic.
782 5343 940 5401 Alibi
981 5342 1207 5399 1110010.

2014 400 2179 461 1555
2221 395 2681 465 ΒΕΡΤΕΜΪΒ.

4223 404 4349 465 750

2561 587 2821 671 Insigni
2895 607 3086 652 servo
3130 584 3405 651 Domini
3459 584 3617 652 Iesu
3659 587 3862 652 Petro
3907 588 4141 653 Vireto
4197 610 4346 672 pas—

2389 673 2518 739 tori
2576 672 2887 739 ecclesiae
2945 673 3444 737 Lausannensis
3487 672 3596 756 pio
3639 670 3831 738 valde
3874 674 3969 737 ita
4011 674 4345 740 studiosis-

2388 761 2554 825 sime
2611 759 3021 824 incumbenti
3079 765 3215 822 tam
3271 778 3457 823 sacro
3515 760 3780 825 muneri
3823 760 4011 824 fratri
4056 771 4124 824 et
4166 783 4345 846 sym-

2387 854 2645 931 mystae
2688 866 2885 928 quam
2923 846 3274 910 carissimo.

3756 931 4173 998 Lausannae.

2561 1102 2632 1170 S.
2697 1105 3141 1185 Posteaquam
3197 1101 3328 1166 huo
3383 1109 3651 1167 ventum
3718 1110 3819 1167 est
3860 1102 4032 1185 quod
4074 1113 4348 1187 propter

2390 1190 2734 1256 Christum
2778 1197 2915 1254 tam
2955 1188 3130 1253 male
3164 1185 3501 1265 audimus,
3562 1186 3721 1253 diris
3756 1198 3823 1253 et
3881 1191 4344 1255 exsecrationi—

2388 1277 2513 1343 bus
2571 1275 2970 1343 devovemur
3025 1275 3293 1357 passim,
3340 1293 3543 1356 quum
3588 1273 3687 1338 ita
3728 1294 3881 1339 suas
3927 1284 4148 1358 partes
4190 1282 4346 1360 agat

2389 1360 2675 1429 Satanas
2710 1372 2777 1427 et
2820 1363 2923 1426 sui
2966 1359 3296 1427 excaecati
3329 1380 3575 1437 omnes,
3621 1369 3923 1443 superest
3964 1370 4040 1425 ut
4083 1382 4203 1426 nos
4246 1372 4346 1426 to·

2388 1456 2492 1514 tos
2545 1449 3025 1515 committentes
3083 1447 3255 1531 patri
3313 1445 3594 1525 coelesti,
3654 1447 4028 1530 gratiasque
4072 1455 4343 1531 agentes

2389 1535 2628 1620 gaudio
2694 1535 2959 1618 perfusi,
3027 1554 3160 1598 non
3226 1531 3420 1597 modo
3478 1532 3768 1597 feramus
3826 1553 4034 1616 aequo
4100 1534 4341 1613 animo,

2390 1642 2621 1686 verum
2665 1621 2864 1685 etiam
2901 1620 3329 1697 exsultemus,
3366 1628 3436 1684 et
3476 1616 3646 1682 docti
3689 1638 3729 1681 a
3771 1627 4104 1683 servatore
4140 1639 4342 1703 quum

2387 1707 2592 1772 verbo
2655 1714 2796 1771 tum
2845 1706 3150 1789 exemplo
3207 1706 3480 1770 miseros
3536 1705 3645 1788 qui
3707 1712 3839 1767 tam
3880 1704 4122 1770 misere
4164 1707 4342 1770 insa·

2387 1794 2586 1857 niunt
2640 1790 2786 1858 Deo
2843 1790 3392 1870 commendemus,
3451 1790 3829 1874 flagitantes
3886 1797 3963 1854 ut
4019 1792 4343 1875 propitius

2387 1899 2500 1944 eos
2553 1880 2909 1957 intueatur,
2969 1877 3192 1943 oculos
3246 1876 3496 1960 aperiat
3539 1878 3632 1940 ita
3673 1877 3912 1941 misere
3955 1878 4339 1955 excaecatis,

2386 1973 2467 2029 ut
2489 1965 2759 2031 videant
2801 1973 2867 2029 et
2890 1972 3375 2040 convertantur,
3413 1974 3481 2026 et
3514 1964 3571 2028 si
3605 1962 3762 2045 quid
3799 1961 3979 2027 aliud
4013 1968 4340 2047 possimus

2385 2052 2460 2116 in
2496 2051 2776 2116 salutem
2819 2051 3114 2133 ipsorum
3150 2048 3542 2127 adnitamur,
3588 2049 3750 2132 quin
3794 2048 3991 2114 etiam
4037 2071 4156 2133 per
4198 2049 4338 2134 gla-

2386 2136 2587 2213 dium,
2631 2138 2686 2201 si
2734 2136 2922 2202 bonis
2968 2135 3192 2201 adesse
3239 2146 3307 2200 et
3348 2135 3554 2200 malos
3598 2155 4007 2217 compescere
4051 2155 4185 2200 non
4235 2155 4339 2200 re-

2384 2224 2616 2309 fugiat,
2642 2227 2691 2299 ι)
2751 2243 3056 2289 curemus
3116 2223 3185 2285 in
3243 2219 3539 2286 ordinem
3608 2221 3772 2304 cogi,
3819 2241 4053 2286 verum
4098 2222 4209 2296 ita,
4257 2242 4341 2286 ne

2384 2311 2533 2393 plus
2582 2308 2867 2375 audeant
2918 2305 3195 2392 improbi
3263 2308 3516 2371 animos
3559 2306 3717 2371 inde
3761 2315 4097 2373 sumentes
4140 2309 4342 2372 maio-

2384 2418 2510 2474 res,
2550 2395 2729 2460 unde
2774 2395 2963 2461 deiiei
3008 2393 3262 2459 debent.

2577 2482 2897 2548 Vandclus
2913 2482 2968 2562 ²)
3023 2480 3183 2563 quid
3241 2479 3408 2544 liber
3469 2485 3537 2542 et
3570 2479 3794 2545 omnia
3838 2500 4043 2563 paene
4087 2479 4341 2545 habens

2385 2567 2468 2633 ad
2513 2578 2749 2633 nutum
2794 2588 2925 2632 non
2963 2565 3152 2645 dicet,
3200 2585 3404 2648 quum
3450 2571 3551 2627 tot
3585 2564 3937 2631 adstrictus
3979 2565 4231 2649 legibus
4276 2575 4342 2630 et

2385 2654 2735 2738 repagulis,
2770 2653 2881 2718 ubi
2917 2652 3139 2717 omnia
3173 2658 3400 2717 contra
3421 2659 3650 2717 votum
3673 2651 3973 2729 habebat,
4012 2650 4181 2715 nihil
4205 2672 4338 2715 non

2386 2739 2723 2806 vomeret?
2783 2741 2878 2804 At
2919 2739 3121 2803 miser
3163 2737 3235 2800 in
3278 2757 3472 2820 quem
3517 2737 3690 2821 gerit
3731 2736 4022 2803 bellum?

2559 2827 2624 2891 A
2683 2824 2971 2891 Francia
2993 2823 3046 2905 ³)
3114 2822 3221 2889 hio
3276 2823 3418 2901 fuit,
3478 2830 3548 2888 et
3588 2844 3696 2888 me
3739 2823 4073 2888 nolentem
4114 2842 4338 2907 coege-

2386 2919 2546 2977 runt
2589 2907 2825 2977 fratres
2881 2920 2954 2974 ut
3009 2930 3162 2974 eum
3218 2909 3534 2975 audirem.
3635 2910 3822 2976 Bone
3879 2907 4084 2987 Deus,
4143 2929 4338 2991 quam

2387 3007 2489 3064 est
2530 2997 2771 3063 iustus!
2833 2994 3012 3077 Quid
3059 3015 3192 3060 non
3227 3016 3461 3079 passus
3504 3016 3624 3080 pro
3667 2994 3969 3061 Christo!
4038 2994 4155 3058 Ait
4198 3015 4337 3059 om-

2385 3084 2498 3149 nia
2542 3105 2690 3152 cum
2750 3081 3086 3148 Eustathio
3140 3082 3343 3148 fuisse
3402 3082 3784 3165 composita,
3806 3086 3863 3159 ⁴)
3915 3078 4029 3147 sed
4076 3089 4336 3147 servato

2384 3192 2565 3236 more
2636 3169 2870 3254 patrio,
2927 3170 3243 3234 nimirum
3287 3175 3363 3233 ut
3405 3168 3803 3248 EustathiuS,
3847 3188 4050 3251 quum
4093 3168 4338 3232 iniuria

2383 3257 2678 3323 affecerit
2718 3255 2962 3322 bonum
3005 3256 3245 3331 virum,
3290 3254 3473 3336 prior
3505 3254 3766 3319 veniam
3809 3254 4072 3338 petierit
4115 3261 4181 3319 et
4223 3254 4336 3319 bo-

2380 3364 2508 3409 nus
2551 3364 2670 3427 pro
2716 3364 2836 3408 suo
2871 3341 3154 3409 candore
3196 3339 3352 3406 data
3378 3361 3584 3405 manu
3627 3341 3699 3405 in
3743 3341 4026 3425 gratiam
4070 3360 4335 3423 recepe-

2380 3430 2487 3494 rit.
2574 3429 2814 3496 Paucis
2878 3429 3139 3513 egimus
3188 3425 3269 3492 de
3334 3427 3637 3510 ingressu
3701 3447 3837 3491 non
3893 3425 4210 3510 legitimo,
4269 3433 4336 3491 et

2380 3516 2555 3599 quod
2577 3525 2721 3581 erat
2742 3536 2894 3581 cum
2927 3513 3246 3578 fratribus
3270 3512 3462 3577 aliter
3487 3512 3837 3597 agendum,
3867 3512 4102 3595 quibus
4126 3533 4334 3595 quum

2379 3601 2772 3668 satisfecerit
2828 3608 2896 3666 et
2938 3600 3126 3666 nobis
3191 3600 3320 3663 erit
3381 3599 3626 3664 factum
3683 3607 3883 3664 satus.
3971 3596 4190 3678 Quam
4248 3597 4336 3662 sit

2379 3695 2835 3773 reportaturus
2857 3685 3235 3751 Benedictus
3254 3683 3771 3752 benedictionem
3808 3704 4008 3767 super
4046 3683 4132 3748 iis
4164 3703 4333 3766 quae

2379 3775 2534 3859 egit,
2578 3772 2837 3840 abunde
2881 3772 3074 3838 docet
3116 3771 3460 3854 scriptura.
3537 3769 3782 3855 Frangi
3825 3789 3959 3834 non
4003 3770 4330 3848 convenit,

2378 3861 2437 3925 si
2490 3881 2624 3925 non
2683 3857 2856 3943 quod
2899 3857 3226 3935 volumus,
3273 3856 3388 3921 sed
3431 3855 3601 3940 quod
3648 3856 3793 3921 vult
3825 3856 4154 3921 Dominus
4196 3856 4328 3919 fiat.

2378 3944 2454 4012 Si
2500 3953 2572 4010 tu
2617 3966 2793 4011 esses
2828 3945 3224 4010 Franciscus
3258 3941 3493 4025 aliquis
3537 3942 3650 4025 qui
3691 3943 3885 4009 malis
3927 3949 4188 4006 tantum
4230 3939 4330 4005 fa-

2376 4053 2584 4110 veres,
2622 4053 2697 4097 ac
2730 4030 2907 4095 mala
2944 4030 3087 4095 sola
3126 4048 3533 4113 procurares,
3581 4036 3655 4091 ut
3697 4037 3946 4094 taceam
3983 4029 4352 4104 Tossanos,

2378 4117 2832 4194 Castalliones,
2868 4115 3135 4196 Bellios,
3188 4123 3256 4180 et
3295 4113 3366 4178 id
3402 4134 3630 4199 genus,
3665 4135 3797 4178 non
3844 4122 3909 4178 te
3953 4112 4327 4196 praeteriis-

2375 4214 2479 4270 set
2533 4203 2612 4283 is,
2669 4205 2742 4268 in
2801 4204 2990 4270 cuius
3048 4201 3332 4287 gratiam
3391 4209 3655 4264 tantum
3697 4199 4006 4265 laborasti
4050 4200 4328 4263 laterem

2376 4289 2641 4357 lavans:
2688 4289 2802 4355 sed
2846 4287 3048 4373 quum
3092 4287 3316 4353 omnia
3359 4287 3569 4370 egerit
3621 4297 3882 4370 praeter
3926 4285 4132 4349 animi
4175 4305 4326 4348 sen-

2376 4376 2671 4455 tentiam,
2725 4382 2796 4440 et
2849 4381 3070 4458 speret
3125 4374 3306 4439 hisce
3354 4370 3570 4437 turbis
3629 4392 3749 4437 nos
3792 4391 4065 4456 prorsus
4107 4369 4326 4453 oppri-

2374 4461 2670 4541 mendos,
2723 4458 2900 4545 quod
2957 4467 3300 4544 supererat
3357 4457 3622 4524 videtur
3676 4456 4007 4523 excussise
4069 4455 4322 4521 frontis.

2373 4548 2628 4614 Passus
2669 4547 2797 4613 fuit
2815 4548 3131 4612 fratribus
3174 4553 3241 4610 te
3264 4544 3619 4628 scripsisse,
3664 4542 3779 4609 sed
3824 4546 3894 4607 in
3930 4563 4074 4608 eam
4117 4562 4325 4626 paene

2374 4634 2767 4700 sententiam
2804 4654 2933 4716 qua
2967 4633 3181 4716 prius:
3219 4640 3285 4696 et
3318 4630 3529 4695 veluti
3565 4650 3713 4694 cum
3759 4627 4091 4695 stomacho
4137 4627 4323 4706 dixit,

2371 4721 2475 4787 ira
2517 4719 2898 4786 conclusum
2935 4718 3139 4785 fuisse
3182 4725 3258 4782 ut
3300 4724 3374 4783 tu
3419 4713 3736 4782 scriberes
3776 4714 4059 4780 formam
4094 4733 4323 4779 recan-

2370 4996 2559 5051 2288.
2581 4994 2639 5059 1)
2676 4992 2844 5066 quis?
2913 4992 3082 5047 Deus.
4037 5057 4047 5068 ⁶
4080 5055 4091 5068 ι

2576 5063 2638 5132 2)
2671 5061 2940 5134 postridie
2996 5062 3144 5118 Non.
3179 5059 3327 5129 Any.
3377 5059 3574 5114 11510111
3621 5057 3870 5113 θαιευαο
3918 5061 4118 5126 capum
4168 5055 4321 5110 dam·

2539 5175 2639 5285 ⁸³.)
2691 5200 2790 5257 vs·-
2839 5201 3076 5270 motus,
3121 5199 3364 5268 fartam
3426 5195 3489 5250 V.
3540 5194 3622 5250 D.
3677 5194 3761 5249 M.
3817 5194 4020 5264 «1119111
4070 5196 4134 5250 aa
4184 5209 4323 5264 am

2508 5287 2643 5404 αἲ).
2672 5337 2763 5394 De
2795 5339 2895 5394 hoc
2926 5337 3141 5406 negotio
3176 5335 3312 5391 alibi
3341 5333 3499 5390 1117111.

2367 5141 2537 5190 natus
