4850 6200
441 426 582 490 425

443 615 655 678 retur.
748 609 966 691 Atque
1024 607 1198 674 idem
1254 606 1538 673 facturos
1595 626 1823 672 omnes
1878 604 2078 672 bonos
2132 614 2202 671 et
2255 607 2398 690 pios

447 695 680 763 :nullus
728 692 974 760 dubito.

628 781 734 848 De
779 801 907 863 quo
951 792 1171 844 tamen
1212 778 1472 862 negotio
1529 796 1664 843 non
1719 796 1910 861 agam
1963 798 2135 844 nunc
2179 787 2398 843 tecum

502 866 775 945 Iuribus,
826 874 962 930 tum
1007 863 1179 947 quod
1222 882 1435 946 nuper
1479 861 1560 927 ad
1604 862 1871 928 fratrem
1908 861 2397 928 dilectissimum

445 888 566 1019 {ka
672 951 910 1017 ondam
944 956 990 1025 ι)
1034 950 1195 1016 satis
1234 947 1489 1034 prolixe
1546 948 1796 1031 scripsi,
1852 958 1991 1014 tum
2037 948 2206 1031 quod
2249 949 2399 1014 istic

451 1038 654 1104 fuerit
690 1036 968 1103 dilectus
1005 1035 1213 1101 frater
1247 1042 1467 1100 noster
1501 1033 1828 1117 Θεωρίας,
1858 1035 1913 1117 ²)
1957 1055 2148 1117 quem
2193 1032 2398 1099 fidum

451 1144 600 1190 esse
654 1121 959 1200 arbitror,
1025 1142 1065 1186 a
1111 1142 1237 1204 quo
1293 1140 1433 1186 rem
1490 1119 1865 1185 universam
1929 1119 2202 1185 fortasse
2265 1122 2397 1185 iam

451 1207 862 1275 intellexisti.
929 1206 1254 1290 Experior
1297 1225 1416 1288 ego
1459 1203 1733 1271 subinde
1776 1204 1955 1271 fucos
1998 1205 2159 1270 istos
2204 1218 2397 1286 atque

451 1315 741 1373 errones,
785 1293 935 1360 istic
979 1302 1171 1376 atque
1206 1290 1289 1357 ab
1308 1289 1680 1375 Argentina
1713 1289 2058 1356 redeuntes
2092 1302 2206 1355 aut
2241 1290 2397 1356 hinc

453 1381 787 1457 abeuntes,
857 1379 1046 1462 quasi
1102 1397 1142 1441 a
1181 1376 1324 1443 Deo
1379 1376 1644 1454 invisos,
1711 1388 1784 1440 ut
1837 1376 2181 1459 explorent
2240 1375 2396 1459 quid

451 1466 698 1549 passim
760 1465 904 1542 fiat,
972 1461 1164 1545 idque
1224 1462 1488 1527 sinistre
1547 1483 1679 1526 non
1735 1462 1877 1527 sine
1934 1462 2259 1527 calumnia
2313 1460 2394 1526 ad

454 1550 618 1617 alios
654 1549 969 1627 deferant,
1005 1567 1130 1631 quo
1154 1548 1258 1613 vel
1293 1548 1738 1613 ministrorum
1766 1548 1944 1612 verbi
1979 1548 2396 1612 autoritatem

456 1637 734 1713 elevent,
785 1635 890 1700 vel
933 1632 1354 1699 ecclesiarum
1397 1632 1694 1698 laudibus
1733 1630 2093 1698 detrahant.
2167 1633 2397 1715 Neque

457 1721 655 1787 huius
715 1730 781 1785 te
838 1727 996 1802 puto
1050 1738 1321 1801 parvam
1375 1717 1616 1782 habere
1674 1719 2161 1801 experientiam.
2248 1718 2395 1782 Imo

505 1818 719 1871 raeter
762 1803 882 1871 hos
924 1824 1187 1870 errones
1231 1824 1423 1887 saepe
1472 1802 1787 1869 accedunt
1828 1803 2122 1869 homines
2166 1823 2396 1869 secun-

454 1828 615 1957 gum
680 1891 913 1957 faciem
975 1889 1391 1972 spectabiles,
1458 1909 1532 1955 ac
1598 1889 1762 1955 nihil
1828 1911 2021 1972 quam
2087 1890 2394 1973 pietatem

452 1979 664 2060 ipsam
709 1976 1063 2059 spirantes:
1124 1976 1235 2058 qui
1290 1975 1346 2040 si
1404 1974 1688 2057 polleant
1746 1974 1958 2057 aliquo
2012 1973 2179 2040 dono
2223 1974 2396 2040 unde

456 2061 580 2131 sibi
624 2063 906 2146 gratiam
951 2059 1122 2144 apud
1165 2061 1471 2144 populum
1534 2069 1927 2144 comparent,
1989 2062 2209 2126 statim
2253 2072 2397 2125 tan·

456 2167 655 2231 quam
714 2146 1077 2212 Absalones
1126 2145 1334 2211 velint
1391 2148 1456 2210 in
1513 2160 1702 2229 porta
1759 2146 2001 2211 sedere.
2088 2145 2169 2209 Id
2226 2144 2396 2229 quod

464 2233 777 2298 Gamerio
821 2239 1042 2298 nostro
1087 2231 1394 2298 accidisse
1439 2232 1635 2296 nimis
1679 2230 1881 2297 doleo.
1904 2234 1961 2308 8)

629 2317 1047 2382 Horrendum
1108 2315 1285 2384 dictu
1342 2330 1650 2400 quantam
1699 2320 1985 2381 Satanae
2040 2317 2396 2399 potentiam

458 2403 698 2470 abhinc
741 2424 987 2467 annum
1034 2424 1153 2487 ego
1198 2402 1736 2485 deprehenderim
1779 2403 1846 2466 in
1873 2402 2400 2468 Transrhenanis

453 2489 774 2573 plurimis.
846 2488 977 2569 Qui
1007 2510 1205 2571 quum
1241 2510 1424 2554 suam
1451 2488 1719 2571 impiam
1761 2510 1908 2553 cum
1955 2488 2224 2571 papistis
2270 2487 2399 2552 dis-

459 2574 939 2639 simulationem
984 2572 1228 2638 diutius
1272 2594 1579 2639 excusare
1626 2584 1970 2658 nequeant,
2012 2573 2401 2657 confugiunt

457 2660 540 2725 ad
598 2660 891 2726 convicia
946 2670 1011 2724 et
1065 2660 1424 2725 calumnias
1481 2660 2037 2725 sanctissimorum
2095 2680 2399 2741 quorum-

460 2766 586 2829 que
630 2747 1086 2810 ministrorum
1124 2743 1250 2809 Dei
1297 2756 1363 2809 et
1406 2745 1841 2824 ecclesiarum,
1888 2767 2011 2826 quo
2055 2746 2402 2809 videantur

458 2852 593 2897 non
634 2831 963 2895 immerito
1001 2831 1081 2894 ab
1126 2829 1253 2895 illis
1290 2831 1614 2896 abstinere
1649 2844 1843 2912 atque
1884 2852 2028 2895 cum
2060 2831 2402 2914 Babylone

459 2938 685 3002 pacem
728 2917 916 2980 inire.
988 2914 1318 2980 Dominus
1367 2918 1551 2981 testis
1593 2916 1756 2981 mihi
1802 2926 1900 2981 est
1944 2926 2253 2998 quantam
2298 2916 2400 2979 in-

461 3001 709 3067 vidiam
743 3022 954 3083 nuper
997 2999 1148 3065 illac
1190 3002 1316 3065 iter
1351 3021 1433 3065 ex
1457 3002 1702 3084 Anglia
1744 3002 1875 3066 huc
1917 3002 2159 3065 faciens
2204 3001 2400 3065 susti-

461 3088 739 3164 nuerim,
786 3106 986 3168 quum
1024 3085 1410 3151 crabronum
1449 3087 1762 3152 eiusmodi
1800 3085 2050 3152 bombis
2087 3085 2401 3152 adversus

509 3172 778 3239 uosdam
847 3191 1068 3236 servos
1129 3171 1382 3237 Christi
1441 3194 1570 3237 non
1626 3172 1973 3238 illaudatos
2019 3174 2401 3238 resisterem.

462 3196 615 3340 Quo
661 3259 871 3341 magis
914 3269 1202 3340 optarem
1253 3260 1376 3336 (uti
1420 3280 1539 3341 par
1583 3267 1683 3323 est
1723 3281 1840 3324 nos
1884 3258 2187 3340 inprimis
2232 3258 2403 3341 apud

467 3365 694 3409 omnes
764 3343 930 3407 tueri
995 3343 1341 3409 ministerii
1419 3343 1835 3428 dignitatem)
1916 3356 2208 3409 sanctum
2276 3344 2404 3411 huo

467 3428 972 3514 syncretismum
1013 3449 1154 3494 esse
1188 3431 1361 3494 inter
1394 3451 1617 3494 omnes
1656 3430 1764 3512 qui
1801 3430 1995 3494 hodie
2019 3431 2405 3513 profitentur

465 3514 901 3598 evangelium,
946 3522 1019 3579 ut
1063 3535 1141 3578 ne
1179 3516 1392 3580 verbis
1428 3516 1744 3580 eiusmodi
1783 3515 2118 3580 hominum
2164 3524 2407 3581 temere

467 3601 896 3676 crederemus,
945 3609 1059 3664 aut
1093 3602 1346 3665 etiamsi
1381 3601 1763 3667 verisimilia
1796 3611 2143 3667 narrarent
2183 3622 2405 3667 assen-

467 3687 757 3751 tiremus.
847 3686 991 3769 Ego
1035 3686 1449 3770 castigandos
1494 3707 1603 3752 eos
1662 3687 1875 3752 iudico
1931 3698 1996 3752 et
2050 3687 2407 3753 admonen-

471 3772 586 3836 dos
639 3771 1062 3836 nihilominus
1121 3772 1354 3838 fratres
1409 3783 1474 3837 et
1532 3785 1932 3859 symmystas
1988 3776 2288 3856 privatim
2350 3773 2408 3836 si

472 3877 578 3923 res
622 3857 822 3939 digna
863 3855 1209 3921 videbitur.
1288 3856 1418 3924 Sed
1465 3858 1560 3923 illi
1604 3861 1880 3924 veniunt
1922 3880 2227 3944 magnam
2273 3860 2409 3941 pie-

473 3951 676 4008 tatem
712 3963 869 4026 prae
904 3964 973 4007 se
1016 3944 1302 4009 ferentes
1347 3953 1412 4009 et
1452 3945 1663 4009 zelum
1697 3945 1800 4010 sin
1895 3945 2130 4010 larem:
2174 3945 2409 4028 quibus

475 4048 674 4112 quum
733 4025 977 4093 accedit
1032 4027 1217 4095 larva
1272 4030 1467 4094 etiam
1528 4029 1745 4113 aliqua
1849 4052 2089 4096 umana
2145 4031 2278 4095 fere
2333 4031 2411 4094 fit

471 4122 552 4179 ut
595 4113 779 4179 nobis
821 4113 1177 4196 imponant.
1255 4115 1387 4181 Hic
1431 4117 1918 4200 syncretismus,
1964 4137 2107 4181 meo
2152 4115 2412 4199 quidem

473 4197 730 4277 iudicio,
765 4199 1166 4283 permultum
1200 4201 1442 4266 faceret
1476 4200 1557 4265 ad
1595 4202 1868 4268 tuendas
1895 4202 2217 4278 ecclesias,
2254 4220 2412 4283 qua-

469 4305 626 4350 rum
680 4304 904 4367 pacem
960 4284 1065 4350 his
1109 4284 1359 4351 artibus
1402 4285 1608 4352 Satan
1652 4308 1892 4371 magna
1935 4289 1999 4354 vi
2057 4286 2247 4353 hodie
2288 4287 2412 4350 im-

462 4371 655 4455 petit.
743 4371 889 4436 Tua
941 4391 1134 4453 porro
1199 4373 1545 4438 autoritate
1608 4393 1919 4457 perquam
1985 4374 2173 4439 facile
2236 4367 2414 4437 istud

465 4456 560 4522 ab
604 4454 906 4521 omnibus
947 4455 1286 4539 impetrari
1324 4477 1512 4540 posse
1549 4459 1966 4524 crediderim:
2013 4466 2209 4541 atque
2250 4456 2413 4522 illud

471 4562 748 4627 quoque,
792 4562 875 4607 ne
910 4544 1018 4626 qui
1056 4543 1137 4608 ab
1174 4564 1306 4608 una
1338 4543 1607 4610 ecclesia
1649 4546 1717 4609 in
1762 4544 1953 4609 aliam
1990 4544 2233 4609 abeunt
2275 4543 2415 4608 sine

475 4781 665 4837 moe.
693 4783 745 4848 l)
787 4781 1039 4847 Chauon,
1072 4783 1381 4835 nmirum
1420 4782 1793 4837 ammaon.

683 4849 738 4913 2)
777 4849 1039 4918 Maupas,
1080 4848 1453 4918 ludimaqister
1492 4851 1771 4905 Gallorum
1810 4848 2263 4916 Franootordiae.

684 4917 741 4980 8)
781 4917 1091 4973 Garamas
1133 4933 1301 5000 usque
1364 4935 1484 4972 cum
1545 4921 1783 4989 quinque
1835 4920 1948 4973 alis
2000 4924 2180 4972 eoem
2230 4916 2421 4985 qalliei

479 4989 707 5056 Amant.
742 4986 805 5040 U
820 4987 832 5000 ’
861 4988 1005 5040 nbat.
1090 4985 1213 5054 Ipsa
1251 4986 1482 5041 Pollano
1515 5003 1665 5042 anno
1719 4985 1854 5042 1554
1905 4988 2124 5040 munte
2170 4984 2418 5040 Franco·

467 5055 725 5122 fordiam
833 5060 981 5110 vecto
1025 5060 1248 5109 senam
1292 5056 1444 5111 urbis
1481 5055 1675 5111 Idam
1723 5055 1953 5110 Martiis
2002 5054 2251 5123 ten-plan
2293 5068 2418 5109 con-

475 5130 716 5181 comme
748 5124 810 5178 in
840 5125 1078 5194 pratia-⁸
1181 5124 1466 5191 ofuoormn
1510 5126 1606 5179 ubi
1648 5139 1780 5178 suas
1823 5127 2104 5179 conciones
2148 5123 2419 5178 haberena

489 5191 624 5245 Mor
656 5191 858 5261 plnres,
894 5192 1030 5246 οεΔ
1106 5139 1185 5248 furi
1454 5198 1506 5247 et
1533 5191 1725 5262 Belqio
1760 5199 2098 5248 accesserant
2132 5197 2185 5246 et
2216 5196 2421 5247 aestate

483 5259 631 5315 155⁶
664 5274 847 5315 ma·
889 5275 1151 5316 nummu

455 5332 678 5390 minen
709 5331 772 5384 ἐκ
807 5327 879 5384 F.
913 5345 965 5384 c.
1004 5329 1083 5383 M,
1119 5331 1215 5385 nuit
1261 5330 1494 5386 Vorrede
1532 5329 1798 5386 frma.
1865 5327 2029 5396 Ἑνὶ-Ι.
2069 5328 2247 5395 1⁷51.)

1956 415 2481 485 EPISTOLAE
2526 419 2859 483 2109—21
2874 418 2948 479 12

1331 5261 1503 5316 aazia
1536 5261 1827 5331 superavit.
1899 5259 2061 5322 (KG.
2096 5260 2195 5315 der
2231 5259 2428 5330 Refor-

4312 415 4439 480 424

2504 604 2873 670 testimonio
2950 609 3285 687 pastorum
3362 602 3830 685 reciperentur.
3948 599 4143 684 Quod
4217 624 4439 669 meum

2501 700 2723 756 votum
2738 741 2754 769 ,
2813 690 2872 755 si
2914 696 3162 755 rectum
3206 694 3332 766 est,
3389 688 3641 753 utinam
3697 686 4045 771 aliquando
4089 685 4276 754 Deus
4316 689 4439 753 im-

2500 775 2695 858 pleat,
2738 776 2810 840 ni
2832 795 3018 842 secus
3052 774 3173 840 tibi
3197 772 3544 839 videbitur.
3610 773 3799 858 Rogo
3821 788 4042 839 tamen
4065 774 4228 839 mihi
4251 784 4439 840 tuum

2498 861 2813 928 iudicium
2872 860 3134 927 scribas.
3219 859 3352 926 Hic
3405 859 3582 924 enim
3638 859 3987 958 scrupulus
4038 857 4439 942 aliquamdiu

2499 968 2606 1014 me
2648 947 2852 1013 torsit.
2916 946 3200 1029 Insuper
3240 944 3417 1012 hunc
3459 943 3622 1009 mihi
3665 964 3935 1027 gemum
3970 965 4010 1009 a
4030 944 4175 1011 Deo
4211 943 4437 1011 datum

2498 1035 2709 1100 sentio
2725 1085 2740 1112 ,
2794 1032 2905 1115 qui
2944 1053 3051 1097 me
3092 1029 3451 1115 colaphiset
3494 1039 3689 1114 atque
3742 1028 4043 1095 humiliet
4095 1029 4436 1097 calumniis

2498 1118 2771 1185 subinde
2835 1117 3040 1184 novis.
3129 1117 3461 1200 Rogatum
3524 1124 3592 1181 te
3652 1115 3869 1195 velim,
3935 1117 3993 1180 si
4051 1117 4206 1200 quid
4272 1119 4437 1185 forte

2498 1203 2870 1271 huiusmodi
2915 1203 2998 1268 ab
3051 1202 3296 1270 invidis
3339 1209 3405 1266 et
3446 1201 3790 1267 malevolis
3847 1200 3928 1266 ad
3983 1221 4177 1268 aures
4232 1224 4437 1287 usque

2497 1301 2648 1357 tuas
2690 1287 3037 1373 aliquando
3077 1287 3438 1372 perveniat,
3497 1296 3572 1353 ut
3613 1308 3719 1352 me
3761 1306 3955 1370 quam
3998 1288 4285 1371 primum
4325 1288 4438 1355 ad—

2498 1396 2782 1441 moneas.
2872 1374 2961 1439 Ni
3014 1375 3147 1440 tuis
3198 1374 3464 1438 monitis
3519 1392 3820 1457 paruero,
3878 1373 4273 1457 nigerrimus
4317 1396 4434 1440 ex-

2499 1463 2743 1528 sistam.
2847 1459 3000 1527 Scio
3064 1469 3133 1525 et
3194 1461 3348 1526 novi
3412 1467 3561 1525 tuas
3625 1459 4095 1543 occupationes.
4184 1459 4436 1527 Verum

2500 1556 2638 1613 tute
2695 1547 2872 1612 nosti
2932 1546 3129 1611 etiam
3187 1554 3510 1629 quantum
3555 1566 3723 1611 onus
3771 1544 3935 1610 meis
3994 1545 4284 1612 humeris
4327 1547 4435 1615 hic

2499 1634 2682 1698 Deus
2723 1632 3123 1716 imposuerit,
3168 1633 3235 1696 in
3280 1653 3407 1715 quo
3448 1653 3606 1698 sane
3650 1640 3837 1703 tuum
3875 1632 4192 1698 auxilium
4238 1631 4432 1698 dene-

2500 1738 2656 1803 gare
2715 1740 2845 1783 non
2905 1717 3115 1784 debes.
3206 1720 3413 1801 Atque
3470 1716 3631 1783 illud
3688 1717 3904 1801 ipsum
3963 1742 4002 1785 a
4048 1720 4132 1784 D.
4181 1718 4436 1785 Farello

2500 1812 2568 1869 et
2606 1802 2693 1868 D.
2756 1804 2962 1869 Vireto
3004 1804 3280 1888 postulo,
3336 1825 3514 1887 quos,
3571 1824 3704 1884 or0‚
3762 1825 3962 1887 quum
4008 1804 4249 1870 videris
4292 1826 4434 1871 meo

2498 1891 2763 1955 nomine
2807 1889 3052 1955 salutes
3094 1910 3288 1972 quam
3333 1889 3810 1956 officiosissime.

2668 1976 2943 2042 Utinam
2988 1983 3275 2041 vestrum
3325 1975 3556 2059 aliquis
3599 1975 3727 2042 huc
3770 1976 3853 2040 ad
3888 1975 4212 2042 nundinas
4256 1996 4435 2043 acce-

2501 2061 2700 2127 deret.
2786 2059 3176 2126 Incredibile
3217 2075 3532 2145 quantum
3590 2061 3655 2125 id
3701 2072 4109 2144 promoveret
4152 2084 4286 2128 rem
4334 2083 4437 2128 eo-

2502 2147 2731 2214 clesiae
2777 2146 3040 2212 Christi.
3130 2146 3343 2231 Saepe
3387 2147 3466 2211 de
3512 2168 3587 2213 eo
3642 2149 3923 2231 cogitavi
3980 2158 4046 2212 et
4103 2170 4247 2213 sum
4294 2148 4440 2213 aliis

2504 2234 2844 2316 loquutus,
2911 2242 2979 2297 et
3041 2254 3166 2316 quo
3238 2235 3448 2317 magis
3511 2233 3721 2316 cogito
3787 2232 4123 2298 ardentius
4188 2243 4438 2317 exopto.

2504 2319 2588 2383 In
2645 2320 2830 2385 novis
2885 2320 3081 2384 rebus
3140 2319 3307 2383 nihil
3369 2320 3681 2384 habemus
3737 2320 3865 2384 nisi
3922 2319 4097 2401 quod
4143 2318 4440 2386 Marchio

2503 2404 2802 2471 Albanus
2843 2426 3053 2487 nuper
3096 2425 3245 2470 cum
3290 2425 3404 2469 sex
3450 2405 3631 2487 equis
3677 2426 3793 2487 per
3834 2404 4139 2470 Hessiam
4186 2404 4442 2470 traiecit

2504 2491 2574 2555 in
2630 2490 3004 2568 Prussiam‚
3064 2490 3385 2573 habetque
3438 2511 3613 2555 nunc
3671 2490 4050 2556 exercitum.
4074 2495 4126 2563 ⁴)
4216 2491 4442 2555 Nostri

2507 2576 2803 2642 Saxones
2868 2596 3002 2641 non
3067 2597 3598 2659 usquequaquam
3662 2576 4079 2641 conveniunt.
4190 2575 4446 2641 Daniae

2504 2663 2678 2745 regis
2735 2663 2936 2727 frater
2979 2663 3319 2745 episcopus
3362 2661 3441 2725 N.
3490 2662 3727 2744 repetit
3770 2684 3808 2726 a
3852 2663 4443 2728 Brunsvicensibus

2505 2747 2784 2813 ditiones
2818 2748 3148 2831 quasdam,
3195 2758 3387 2830 atque
3421 2748 3554 2811 iam
3597 2748 3667 2811 in
3713 2750 3911 2814 armis
3954 2759 4122 2813 sunt.
4187 2747 4446 2812 Norim-

2505 2835 2855 2917 bergenses
2898 2855 3027 2898 non
3071 2834 3397 2898 immerito
3447 2833 3572 2897 sibi
3617 2855 3656 2897 a
3696 2833 4078 2900 Marchione
4120 2843 4445 2898 metuunt.

2505 2919 2739 2985 Nescio
2797 2919 2952 3001 quid
3008 2918 3173 2982 mihi
3230 2920 3524 3003 pruritus
3579 2920 3835 2984 aurium
3894 2918 4051 2984 mali
4116 2918 4449 3002 portendit

2506 3004 2587 3069 ab
2632 3005 2875 3089 Anglia
2917 3016 2985 3070 et
3040 3013 3259 3070 nostra
3312 3005 3542 3087 patria.
3630 3005 3960 3070 Dominus
4004 3005 4185 3070 lesus
4228 3014 4447 3070 motus

2507 3090 2626 3157 hos
2684 3098 3025 3175 componat
3078 3091 3145 3155 in
3206 3091 3310 3155 sui
3366 3090 3652 3156 nominis
3713 3089 3982 3176 gloriam
4030 3101 4097 3156 et
4139 3093 4445 3158 ecclesiae

2506 3177 3040 3243 incolumitatem.
3153 3176 3441 3243 Senatus
3509 3189 3729 3242 noster
3752 3230 3765 3254 ,
3843 3180 3984 3243 Deo
4051 3180 4134 3242 sit
4209 3179 4441 3261 gratia,

2505 3264 2722 3348 pergit
2756 3270 3059 3328 constans
3102 3264 3172 3327 in
3208 3262 3659 3328 benevolentia
3693 3284 3852 3348 erga
3886 3264 4238 3329 ecclesiam.
4306 3264 4445 3328 Ite-

2506 3370 2655 3413 rum
2702 3359 2767 3412 te
2811 3347 3008 3413 velim
3052 3357 3384 3432 rogatum,
3444 3350 3499 3414 si
3559 3349 3716 3431 quid
3779 3349 3981 3415 habes
4040 3349 4308 3432 dignum
4368 3356 4450 3413 ut

2505 3435 2637 3500 illis
2680 3435 3015 3511 inscribas,
3071 3434 3267 3499 facies
3313 3445 3376 3499 te
3421 3433 3728 3500 ecclesiae
3770 3436 4189 3502 utilissimum
4236 3455 4449 3518 neque

2507 3520 2638 3585 illis
2691 3521 3041 3605 ingratum.
3128 3519 3253 3585 Est
3307 3520 3484 3585 enim
3542 3532 3734 3586 tuum
3777 3543 4011 3587 nomen
4070 3519 4240 3604 apud
4296 3520 4447 3586 illos

2508 3607 2579 3670 in
2644 3609 2869 3691 preti0.
2957 3607 3139 3671 Bene
3203 3606 3369 3686 vale,
3438 3618 3503 3672 et
3559 3628 3663 3672 me
3728 3616 4035 3690 tanquam
4103 3607 4309 3672 filium
4375 3608 4446 3671 in

2509 3691 2773 3759 Christo
2817 3691 3099 3759 redama.
3187 3692 3694 3760 Francofordiae
3738 3701 3956 3778 octav.
4017 3693 4208 3759 Febr.
4266 3697 4449 3757 1555.

2764 3833 2837 3897 T.
2875 3833 3334 3898 observantiss.
3373 3829 3730 3914 discipulus
3765 3839 3833 3897 et
3866 3831 4041 3896 filius
4074 3831 4143 3894 in
4180 3829 4449 3895 Christo

3370 3936 3452 4001 V.
3501 3934 3827 4000 Pollanus.

3391 4549 3573 4620 2110.

2921 4704 3384 4772 CALVINUS
3428 4702 4053 4770 BULLINGERO.

2603 4964 2616 4978 .
2692 4875 3085 4943 Commendat
3122 4877 3183 4942 ei
3217 4875 3659 4942 Limaninum
3699 4875 3945 4941 Genava
3974 4875 4277 4942 Turiam
4302 4892 4459 4959 pro-

2724 5253 2785 5320 4)
2822 5254 2944 5310 Ino
2985 5255 3180 5324 palm
3218 5253 3575 5378 laquem
3604 5251 3768 5308 simul
3808 5252 3983 5310 edicto
4022 5253 4238 5323 publico
4283 5260 4465 5311 ator·

2521 5327 2767 5380 msam
2792 5338 2899 5393 pro
2931 5329 3167 5393 tenpore
3197 5321 3340 5377 nim
3604 5327 3832 5390 poterat
3857 5405 3859 5408 Ι
