4850 6200
493 410 622 475 ³83

491 591 605 717 §Ex
640 594 877 649 editione
903 594 1042 666 Epp.
1066 592 1434 675 Turicensiup
1469 608 1604 662 quas
1638 591 1812 647 edidit
1833 590 2071 647 Βοοίοσω
2106 590 2442 646 Perkeriana

529 661 648 718 848.
721 663 787 717 N.
822 660 907 729 80,
943 658 2072 802 ptngssgffphaggffivzaghlgmzssffl.
2142 660 2439 731 Exemplar

665 903 750 970 D.
794 901 1086 969 Henrico
1130 899 1514 986 Bullingero
1559 900 1701 966 viro
1754 899 2128 967 doctissimo
2171 912 2240 967 et
2280 900 2438 985 piis·

493 990 660 1055 simo
704 1008 780 1054 ac
821 986 1199 1054 fidelissimo
1244 987 1486 1071 pastori
1526 986 1833 1053 ecclesiae
1874 985 2146 1053 Christi.

2015 1072 2264 1157 Tiguri.

667 1244 966 1312 Salutem
1010 1242 1361 1328 plurimam
1414 1244 1486 1309 in
1530 1241 1797 1311 Christo
1840 1243 2011 1310 Iesu.
2101 1241 2236 1308 Pro
2282 1263 2445 1308 vera

491 1341 770 1418 paterna
810 1331 1052 1414 pietate
1094 1339 1162 1395 et
1213 1330 1658 1408 beneficentia,
1710 1351 1904 1414 quam
1947 1338 2015 1394 et
2055 1327 2231 1412 apud
2278 1327 2442 1394 alios

489 1417 747 1503 Anglos
800 1416 1136 1515 religionis
1191 1435 1386 1481 causa
1444 1415 1841 1493 exsulantes,
1862 1417 1917 1498 ²)
1975 1421 2043 1479 et
2096 1413 2270 1498 apud
2313 1434 2438 1492 me,

492 1514 570 1568 ut
624 1501 797 1586 apud
854 1502 1065 1568 filium
1124 1513 1328 1579 tuum,
1384 1500 1729 1580 collocasti,
1778 1500 2013 1585 dignas
2067 1512 2134 1566 et
2189 1499 2441 1566 debitas

491 1589 743 1675 gratias
784 1586 1031 1654 referre
1074 1607 1202 1652 non
1249 1607 1625 1670 possumus:
1685 1586 1801 1654 sed
1845 1592 2168 1670 quantum
2211 1606 2440 1671 possu-

491 1696 642 1740 mus
696 1671 944 1740 sedulis
988 1672 1289 1756 precibus
1332 1693 1451 1756 pro
1492 1682 1578 1752 te,
1622 1694 1740 1757 pro
1784 1672 2056 1741 ecclesia
2099 1672 2220 1738 tibi
2264 1691 2440 1737 com·

491 1759 723 1839 missa,
779 1778 898 1842 pro
951 1757 1200 1824 familia
1257 1768 1371 1824 tua
1412 1768 1479 1824 et
1537 1779 1654 1842 pro
1701 1759 1830 1824 tuis
1871 1758 2176 1825 omnibus
2219 1757 2439 1823 Deum

490 1846 839 1912 orabimus.
929 1844 1130 1909 Faxit
1172 1842 1357 1910 Deus
1416 1853 1490 1909 nt
1546 1844 1748 1911 semel
1803 1844 1993 1911 factis
2036 1841 2440 1910 declaremus

490 1952 613 1999 nos
647 1951 687 1997 a
716 1929 903 1997 vobis
939 1927 1243 1996 didicisse
1276 1930 1383 2014 pie
1416 1940 1486 1995 et
1519 1930 1896 1996 humaniter
1929 1939 2122 2013 atque
2158 1929 2439 2014 benigne

489 2018 988 2104 peregrinantes
1031 2014 1282 2081 Christi
1326 2036 1592 2082 causam
1635 2025 1931 2082 tractare.

665 2101 997 2184 Quoniam
1032 2112 1096 2167 te
1130 2110 1387 2185 patrem
1420 2100 1586 2167 mihi
1635 2101 2011 2181 exhibuisti,
2057 2122 2296 2186 quaeso
2332 2123 2438 2166 ac-

491 2189 695 2273 cipias
754 2210 793 2253 a
848 2209 955 2252 me
1010 2195 1085 2253 ut
1141 2208 1181 2253 a
1233 2187 1368 2254 filio
1432 2197 1545 2252 tuo
1602 2186 1872 2253 vivendi
1935 2196 2002 2252 et
2066 2186 2439 2253 studiorum

490 2294 790 2340 meorum
835 2272 1174 2339 rationem.
1287 2271 1563 2340 Solutus
1606 2283 1675 2339 et
1731 2273 1895 2340 liber
1938 2272 2021 2338 ab
2084 2273 2265 2338 omni
2319 2294 2439 2356 pu-

488 2358 658 2427 blico
725 2380 997 2425 munere
1062 2356 1257 2444 dego:
1305 2379 1642 2425 sermones
1685 2368 1753 2426 et
1814 2359 2127 2426 lectiones
2190 2355 2442 2425 Calvim'

488 2465 719 2512 omues
762 2455 829 2511 et
884 2444 1161 2510 aliorum
1206 2443 1458 2528 aliquas
1502 2444 1726 2511 audio:
1787 2447 1858 2509 in
1914 2444 2165 2510 edendo
2219 2442 2440 2509 libello

488 2530 753 2682 vulgari
813 2542 1039 2596 nostro
1098 2551 1397 2596 sermone
1456 2531 1740 2615 anglicO,
1799 2530 1910 2614 qui
1969 2531 2101 2596 iam
2156 2538 2258 2596 est
2315 2529 2440 2595 sub

488 2637 608 2700 pre
633 2638 673 2683 o
715 2625 783 2682 et
827 2614 970 2682 Deo
1025 2614 1283 2683 volente
1338 2616 1523 2683 brevi
1574 2618 1645 2682 in
1688 2615 2001 2701 Angliam
2044 2616 2362 2693 mittetur,
2383 2617 2439 2693 8)

488 2701 663 2786 quod
705 2700 1032 2786 reliquum
1073 2716 1172 2768 est
1215 2703 1526 2786 temporis
1569 2702 1785 2768 adhuc
1828 2700 2153 2786 impendo.
2242 2702 2439 2767 Post-

487 2807 765 2872 eaquam
819 2787 996 2852 hunc
1067 2787 1363 2853 libellum
1420 2788 1752 2854 emiserim
1817 2788 2080 2854 decrevi
2140 2787 2205 2854 16
2251 2786 2441 2854 endis

533 2873 826 2956 rophetis
848 2883 1168 2956 quantum
1191 2883 1417 2957 potero
1452 2875 1765 2958 temporis
1794 2886 1863 2940 et
1895 2872 2097 2940 studii
2133 2875 2220 2939 tri
2265 2895 2438 2939 uere.

544 2979 668 3025 ane
713 2959 944 3024 maiori
997 2979 1147 3024 cum
1187 2958 1523 3026 alacritate
1566 2973 1633 3025 et
1688 2960 1910 3026 fructu
1951 2961 2022 3024 in
2066 2958 2176 3026 illo
2221 2958 2440 3026 studio

485 3065 607 3129 pro
652 3043 959 3111 hetarum
1015 3045 1458 3127 proficiscerer
1475 3096 1489 3123 ,
1555 3045 1613 3113 si
1679 3057 1743 3113 te
1809 3044 2157 3130 aliquando
2224 3045 2440 3130 aliquo

484 3152 556 3195 m
642 3151 682 3195 o
725 3129 1062 3196 consulere
1104 3131 1347 3197 liceret.
1438 3130 1680 3213 Quare,
1737 3132 2005 3199 colende
2061 3141 2267 3217 pater,
2328 3132 2438 3215 qui

485 3236 829 3299 nunquam
873 3215 1040 3280 mihi
1083 3214 1435 3299 quidquam
1480 3218 1755 3303 negasti,
1815 3240 1995 3285 nunc
2034 3239 2275 3303 quaeso
2318 3219 2439 3282 ali-

485 3320 618 3451 Ἆιιει
658 3310 775 3366 tua
811 3301 1055 3385 scripta
1097 3301 1181 3367 ad
1223 3301 1726 3386 intelligentiam
1772 3304 2239 3387 prophetarum
2282 3325 2438 3370 con-

533 3387 796 3453 ucentia
859 3395 929 3451 et
991 3384 1205 3454 adhuc
1268 3408 1406 3453 non
1477 3389 1797 3472 impressa
1858 3390 1952 3456 sic
2018 3393 2228 3457 amico
2292 3411 2437 3455 meo

484 3473 806 3557 magistro
869 3471 1175 3554 Speneero
1195 3476 1256 3548 ⁴)
1314 3474 1786 3552 communices,
1852 3485 1929 3541 ut
1978 3475 2092 3540 illa
2146 3476 2260 3542 ille
2316 3497 2434 3560 pro

483 3577 595 3624 me
651 3556 1082 3625 exscribenda
1136 3572 1424 3639 curaret,
1483 3558 2031 3643 quemadmodum
2089 3561 2208 3628 illa
2263 3582 2433 3646 quae

485 3643 720 3710 scribis
775 3643 845 3709 in
904 3644 1348 3729 Apocalypsin
1394 3646 1661 3713 Ioannis
1716 3655 1917 3713 curat.
1963 3680 2044 3690 -—
2092 3682 2175 3692 --
2222 3683 2302 3694 --
2351 3684 2422 3694 -—

485 3765 573 3778 —-
616 3768 698 3777 —
742 3767 827 3778 —
872 3768 954 3778 --
1002 3731 1319 3799 Genevae
1371 3736 1465 3797 17.
1503 3731 1819 3798 Ianuarii.

1225 3868 1407 3935 'Puus
1451 3869 1552 3935 tui
1596 3870 1666 3934 in
1708 3867 1977 3934 Christo
2020 3866 2348 3935 studiosus

1439 3973 1727 4039 'l'homas
1770 3973 2092 4038 Leverus.

687 4263 750 4331 2)
801 4262 988 4317 Turici
1031 4268 1234 4318 coetum
1275 4263 1690 4319 ecclesiam
1737 4264 2162 4334 comitum-ant,
2208 4266 2270 4320 ia
2322 4281 2432 4335 quo

480 4332 626 4388 inter
662 4332 804 4388 alios
840 4331 1080 4387 Lenem-v
1127 4333 1138 4344 ⁰
1174 4348 1246 4396 sc,
1281 4340 1394 4387 tm
1428 4330 1612 4400 Jewel,
1662 4330 1839 4395 Hora,
1894 4330 2222 4402 Pae-mmm,
2260 4333 2432 4387 Hum-

476 4400 668 4472 μνον,
706 4399 1026 4464 Romamne,
1056 4348 1335 4482 ‚Iupania-9⁸
1368 4409 1464 4458 eie.
1536 4417 1660 4454 men
1695 4400 1758 4454 of
1784 4407 1943 4472 great
1977 4408 2104 4456 note
2139 4401 2246 4457 and
2302 4402 2435 4457 cmi-

480 4487 658 4594 ιιῶιιοῖ
693 4469 1018 4604 Qffffi
1052 4486 1107 4523 ιιι
1144 4470 1239 4523 the
1284 4470 1487 4524 church
1535 4469 1597 4524 of
1635 4469 1900 4539 England.
1972 4471 2218 4541 (stowe,
2268 4471 2436 4525 Mem.

570 4581 583 4593 ⁶
654 4583 753 4672 '3)
788 4609 840 4661 Δ
882 4577 1023 4661 little
1070 4607 1236 4661 book:
1283 4606 1397 4662 The
1446 4608 1595 4677 right
1642 4624 1761 4678 way
1809 4608 1949 4663 from
1993 4608 2198 4679 danger
2245 4607 2306 4663 of
2348 4608 2433 4662 sin

484 4675 594 4730 and
628 4692 694 4729 ve
872 4692 934 4730 ce
970 4676 1027 4730 in
1062 4675 1170 4730 this
1216 4675 1423 4731 wicked
1475 4675 1646 4752 vrorld
1693 4680 1825 4730 unto
1871 4677 2033 4747 godly
2079 4677 2278 4731 wealth
2327 4676 2436 4731 and

485 4744 756 4799 solution
789 4744 848 4798 in
881 4744 1078 4799 Christ.
1151 4743 1327 4812 (Ead.
1360 4745 1534 4814 anal.)

488 4881 516 4946 (
688 4812 770 4935 401
796 4812 1035 4946 m
1069 4811 1317 4882 speum,
1362 4815 1481 4882 ipse
1523 4828 1734 4884 quoque
1777 4812 1937 4868 eoemz
1987 4814 2174 4869 Tharioi
2218 4814 2438 4885 mens.

1996 401 2523 470 EPISTOLAE
2568 402 2735 465 2086
2746 401 2996 467 -2089

3417 588 3618 658 w.

3038 740 3509 811 CALVINUS
3554 741 4000 811 TOSSANO.

2722 914 3043 981 Nonnulla
3096 914 3173 980 de
3220 915 3491 981 Tossani
3540 915 3886 981 conditione
3933 921 3993 981 et
4044 917 4247 997 officio
4291 937 4487 999 prae-

2539 1000 2716 1080 fatus
2776 1000 3212 1081 Defensionem
3277 1019 3461 1065 suam
3537 1001 3852 1068 doctrinae
3928 1001 4004 1066 de
4077 1004 4489 1069 sacramentis

2541 1087 2843 1153 traditam
2883 1085 3260 1152 commendat
3299 1090 3356 1151 d
3395 1106 3508 1151 cur
3542 1085 4226 1171 Monsbelgmrdensium
4268 1108 4499 1155 nomen

2543 1173 2740 1238 eidem
2780 1193 2905 1237 non
2934 1172 3303 1254 praefixerit
3343 1172 3634 1238 declarat.

2818 1343 2965 1414 phou
3001 1359 3108 1397 non
3147 1350 3340 1397 exstat.
3393 1343 3759 1398 Describimus
3794 1346 4069 1415 exemplar
4101 1345 4385 1399 Ionvillaei
4419 1361 4487 1400 ex

2546 1345 2683 1468 ἃᾶ.
2800 1429 2920 1466 ner.
2960 1411 3103 1467 107⁸.
3150 1411 3239 1467 Iol.
3275 1410 3345 1465 90
3391 1429 3459 1478 v.,
3506 1428 3574 1466 ex
3659 1428 3728 1467 uo
3774 1411 3959 1467 deince
4067 1413 4317 1468 derivata
4362 1428 4491 1469 sunt

2546 1490 2762 1536 caetera
2804 1482 3123 1546 recentiora,
3170 1480 3286 1537 scil.
3319 1429 3909 1549 Turretinizlod.108,
3975 1483 4044 1535 ol.
4079 1481 4166 1549 32,
4214 1482 4489 1538 Ber-ense

2940 1550 3077 1620 Epp.
3119 1548 3213 1603 VI.
3248 1567 3302 1618 p.
3337 1548 3456 1616 368,
3495 1557 3552 1603 et
3586 1550 3803 1604 Simleri
3841 1551 3957 1605 Vol.
3991 1549 4102 1619 84.)

2544 1723 2812 1788 Eximio
2856 1721 3109 1788 Christi
3150 1722 3450 1788 ministro
3492 1719 3575 1786 D.
3613 1721 3813 1788 Petro
3850 1723 4138 1790 'Possano
4181 1722 4487 1791 ecclesiae

2544 1807 3188 1894 Monsbelgardensis
3246 1807 3494 1892 pastori
3559 1821 3958 1894 symmystae
4011 1808 4484 1876 colendissimo.

2716 1961 2787 2030 S.
2868 1961 3262 2045 Quanquam
3327 1960 3490 2026 mihi
3556 1959 3692 2025 fere
3764 1962 4024 2045 ignotus
4089 1970 4192 2028 est
4265 1984 4488 2029 rerum

2544 2058 2916 2116 vestrarum
2960 2057 3185 2123 status,
3231 2057 3549 2131 quantum
3592 2055 3815 2111 tamen
3862 2067 3945 2111 ex
3989 2046 4182 2114 dubio
4227 2068 4488 2115 rumore

2542 2135 2693 2202 colli
2779 2156 2851 2200 re
2906 2133 3077 2212 licet,
3140 2153 3224 2199 ne
3266 2154 3396 2218 qua
3450 2133 3624 2196 iuter
3681 2139 3746 2196 te
3803 2141 3871 2197 et
3924 2133 4159 2200 fratres
4217 2132 4490 2201 obscura

2541 2155 2828 2287 residgeeat
2879 2219 3174 2285 simultas
3207 2224 3258 2296 ¹)
3303 2216 3608 2284 nonnihil
3652 2238 3908 2284 vereor:
3968 2241 4133 2303 quae
4176 2221 4307 2285 nisi
4352 2242 4488 2286 ma-

2537 2313 2687 2372 ture
2732 2314 3066 2391 purgetur,
3126 2304 3392 2371 tandem
3443 2304 3511 2368 iu
3567 2314 3865 2387 apertum
3911 2303 4251 2371 dissidium
4274 2356 4291 2383 ,
4353 2328 4488 2373 non

2544 2394 2687 2458 sine
2722 2392 2909 2476 gravi
2942 2391 3146 2458 totius
3181 2389 3488 2457 ecclesiae
3529 2389 3799 2466 iactura,
3844 2411 4187 2473 erumpere
4223 2412 4486 2458 necesse

2543 2479 2683 2543 erit.
2752 2477 2978 2558 Quare
3021 2489 3104 2555 te,
3153 2478 3242 2541 mi
3287 2477 3504 2551 frater,
3546 2476 3730 2540 cuius
3766 2485 3867 2542 est
3908 2476 4178 2559 reliquis
4211 2479 4487 2561 praeire,

2544 2586 2661 2648 pro
2704 2571 2928 2630 nostra
2969 2563 3255 2630 amicitia
3299 2583 3471 2647 rogo,
3516 2582 3634 2645 pro
3677 2562 3820 2626 iure
3859 2563 4225 2628 communis
4261 2565 4488 2630 minis-

2544 2651 2726 2728 terii,
2796 2670 3025 2715 moneo
3090 2658 3156 2715 et
3219 2650 3525 2726 obtestor,
3595 2654 3670 2712 ut
3733 2648 3871 2731 pios
3934 2647 4191 2724 fratres,
4255 2649 4487 2734 quibus

2543 2757 2739 2802 curae
2783 2756 2925 2802 esse
2970 2733 3154 2801 vides
3197 2733 3453 2800 Christi
3497 2732 3795 2818 gloriam,
3838 2754 3967 2817 quo
4010 2755 4268 2801 summo
4310 2746 4489 2819 pote-

2542 2822 2636 2887 ris
2674 2821 2890 2888 studio
2934 2821 3050 2888 tibi
3094 2820 3427 2888 concilies:
3474 2819 3803 2903 improbos
3839 2840 3994 2884 vero
4031 2820 4406 2899 nebulones,
4430 2820 4484 2906 ²)

2544 2909 2654 2990 qui
2698 2908 2837 2974 suis
2891 2907 3063 2973 loliis
3118 2928 3349 2991 agrum
3392 2904 3664 2970 Domini
3715 2905 4018 2971 inficiunt
4069 2926 4294 2973 severe
4335 2927 4487 2991 pro-

2543 2993 2829 3078 fligando
2869 2994 3262 3078 gravitatem
3297 3000 3480 3057 tuam
3516 2989 3964 3058 cordatissime
4005 2992 4241 3076 cuique
4276 2992 4488 3079 magis

2543 3079 2849 3165 probabis
2866 3131 2881 3158 ,
2960 3098 3121 3163 quos
3186 3075 3568 3143 tolerantiae
3633 3086 3783 3142 tuae
3847 3077 4154 3145 mollities
4218 3081 4351 3145 urit
4413 3101 4488 3146 ac

2544 3166 2806 3233 cruciat.
2891 3165 3040 3231 Hoc
3098 3172 3356 3229 tantum
3414 3163 3493 3228 de
3552 3163 3745 3230 rebus
3802 3164 4148 3248 perplexis,
4209 3166 4313 3231 vel
4355 3187 4487 3231 non

2542 3254 2638 3318 ita
2671 3252 3036 3335 compertis,
3060 3270 3252 3334 parce
3286 3249 3610 3334 attingere
3643 3248 3855 3327 libuit,
3878 3271 3964 3315 ne
3982 3251 4174 3317 amici
4196 3250 4487 3319 officium

2542 3337 2793 3404 silendo
2872 3336 3479 3421 praetermitterem.
3592 3333 3814 3413 Certe,
3882 3344 3960 3401 ut
4024 3358 4156 3403 non
4217 3359 4486 3422 prorsus

2542 3423 2827 3489 arrideat
2869 3422 3240 3497 consilium,
3300 3421 3567 3487 libertas
3620 3429 3843 3486 tamen
3890 3442 3928 3485 a
3971 3422 4222 3489 sincero
4266 3445 4487 3489 amore

2541 3509 2832 3592 profecta
2852 3559 2867 3585 ,
2926 3514 3002 3573 ut
3053 3507 3338 3574 arbitror
3357 3559 3371 3584 ,
3427 3515 3495 3572 te
3552 3528 3686 3572 non
3742 3506 4044 3573 offendet.
4135 3507 4487 3575 Caeterum

2541 3596 2807 3661 brevem
2840 3593 3172 3660 doctrinae
3200 3601 3460 3660 nostrae
3496 3591 3940 3658 defensionem
3976 3602 4204 3660 contra
4228 3595 4489 3662 Lutheri

2540 3680 2763 3746 simias
2806 3678 2890 3744 ad
2934 3690 3000 3745 te
3043 3678 3250 3746 mitto.
3318 3677 3538 3760 Quum
3581 3678 3662 3744 de
3696 3689 3916 3744 vestro
3958 3700 4280 3746 consensu
4325 3682 4486 3747 satis

2540 3786 2890 3849 persuasus
2946 3766 3169 3845 sorem,
3224 3786 3465 3830 nomen
3521 3772 3745 3829 tamen
3788 3776 4084 3830 vestrum
4125 3766 4486 3834 inscribere

2541 3874 2672 3916 non
2718 3874 2864 3918 sum
2907 3872 3127 3927 ausus,
3174 3871 3256 3916 ne
3302 3872 3417 3916 vos
3460 3849 3766 3928 invidiae,
3810 3851 3944 3917 imo
3988 3851 4337 3917 violentiae
4375 3874 4485 3918 eo-

2539 3959 2687 4003 rum
2746 3956 3144 4022 exponerem
3201 3957 3362 4020 quos
3427 3936 3560 4002 scio
3625 3935 3865 4020 alioqui
3928 3958 4159 4020 parum
4221 3939 4295 4004 in
4359 3938 4485 4004 hae

2540 4044 2739 4090 causa
2811 4043 2954 4089 esse
3031 4023 3362 4107 propitios.
3468 4021 3656 4100 Vale,
3734 4021 3937 4088 frater
4013 4023 4481 4091 colendissimo.

2540 4108 2868 4175 Dominus
2921 4117 2989 4173 te
3042 4109 3275 4191 spiritu
3332 4129 3450 4173 suo
3493 4115 3682 4191 regat
3721 4108 4098 4193 virtuteque
4141 4111 4482 4177 sustineat.

2540 4193 2776 4261 Saluta
2831 4206 3232 4278 symmystas
3289 4203 3563 4261 nostros.
3650 4193 3966 4260 Genevae
4019 4200 4109 4260 15.
4155 4195 4486 4263 Calendas

2540 4279 2938 4347 Februarias
2990 4285 3169 4345 1555.

3462 4417 3742 4484 Ioannes
3786 4415 4104 4484 Calvinus
4147 4428 4318 4486 tuus.

2590 4542 2761 4548 -——---—-
2784 4541 2949 4548 -——*-

2540 4653 2713 4710 2087
2728 4697 2737 4706 .
2761 4654 2820 4722 1)
2862 4653 3013 4709 Satis
3046 4654 3491 4724 circumspecte&
3522 4655 3795 4709 moderate
3811 4656 4010 4712 alludit
4042 4658 4121 4712 ad
4154 4658 4478 4715 ‹luctamen-

2540 4722 2691 4779 illam
2727 4730 2778 4779 et
2822 4725 3085 4779 acriorem
3142 4723 3358 4778 Far-elli
3405 4739 3525 4778 cum
3575 4722 3819 4779 rossano
3868 4725 4304 4795 disceptationem
4335 4745 4482 4799 quae

2542 4810 2570 4848 s
2729 4809 2765 4847 a
2823 4799 2902 4848 est
2952 4793 3320 4847 dimissionem
3509 4805 3609 4844 nor
3663 4795 4042 4848 ministrorum
4087 4798 4150 4849 in
4198 4795 4476 4865 Blamont,

2544 4860 2604 4916 D
2852 4877 2894 4920 e.
2932 4860 2988 4915 8.
3025 4859 3217 4915 Julian
3250 4867 3302 4915 et
3393 4861 3692 4930 alentiam
3724 4861 3833 4928 (Of.
3873 4862 3945 4918 N.
3980 4861 4160 4932 20⁷4.)

2742 4930 2806 4995 2)
2840 4928 3037 4985 Etiam
3080 4933 3143 4983 in
3181 4929 3454 4984 Ser-vetica
3495 4944 3667 4984 causa
3710 4932 3940 4986 istorum
3985 4933 4344 5003 suspicionem
4394 4935 4487 4990 in-

2540 5007 2805 5056 currerat.
2873 4998 3242 5067 (Kirchhoser,
3279 4998 3347 5053 11.
3385 4996 3531 5067 126.)
