4850 6200
363 389 483 451 493

362 573 482 643 dus
521 582 597 643 at
633 595 793 643 suae
834 575 1165 659 opinionis
1205 571 1558 642 admodum
1601 586 1820 643 tenax.
1892 575 1995 643 Eo
2035 577 2310 661 profecit

361 673 435 728 nt
472 664 630 746 pani
683 682 918 746 corpus
961 660 1218 727 Christi
1268 680 1404 727 non
1458 661 1774 741 includat,
1830 661 1946 729 sed
1997 683 2304 747 praesen-

361 749 520 814 tiam
540 747 754 832 quoad
776 747 1333 815 communicantes
1355 749 1573 814 carnis
1591 761 1662 813 et
1687 749 2031 834 sanguinis
2053 749 2308 817 Christi

359 856 430 900 re
471 834 620 917 ipsa
659 844 729 900 et
770 833 1117 901 verissime
1165 831 1502 901 contendit
1554 833 1989 915 asserendam,
2050 845 2119 902 et
2160 857 2306 902 eam

357 924 797 1005 praesentiam
841 940 971 1004 qua
1011 919 1212 985 etiam
1253 920 1549 1003 perversi
1588 918 1886 987 homines
1925 933 1997 988 et
2037 921 2307 1007 indigne

357 1005 831 1073 manducantes
866 1017 1233 1073 vescantur.
1299 1003 1496 1088 Quod
1530 1005 1774 1089 liquido
1808 1008 2114 1091 patefacit
2155 1030 2304 1073 eum

358 1112 548 1178 perce
594 1092 844 1157 donem
885 1091 1040 1157 fidei
1082 1113 1214 1158 non
1258 1090 1641 1172 attribuere,
1698 1093 1830 1159 nisi
1884 1092 1967 1160 de
2009 1094 2196 1161 vitali
2240 1105 2308 1159 et

357 1178 499 1244 salu
533 1180 546 1191 '
577 1198 694 1242 era
734 1179 1096 1261 loquamur,
1151 1179 1335 1261 quasi
1379 1177 1509 1244 alia
1550 1177 1867 1261 quaedam
1912 1180 2002 1245 sit
2042 1200 2200 1246 vera
2240 1194 2308 1245 et

355 1263 580 1366 realis,
638 1273 712 1330 ut
749 1263 966 1342 aiunt,
1026 1263 1314 1347 corporis
1358 1262 1606 1330 Christi
1648 1265 2065 1332 manducatio
2106 1285 2304 1350 quam

355 1371 957 1503 1¹¹'pnv'qerumuoqnedem
947 1358 1306 1502 hlilsperlilitmis
1350 1435 1578 1515 multa,
1634 1437 2022 1520 praesertim
2067 1448 2304 1517 tecum,

353 1525 463 1674 §ui
520 1543 656 1588 uno
715 1522 913 1588 verbo
968 1521 1448 1588 controversiae
1492 1530 1733 1588 statum
1780 1523 2108 1609 intelligis.
2197 1521 2305 1589 De

417 1659 434 1673 .
478 1608 564 1675 Ν.
586 1611 644 1691 ⁸)
699 1628 866 1691 quae
924 1608 1153 1675 scribis
1207 1628 1332 1692 ego
1387 1629 1641 1691 quoque
1692 1608 1787 1674 ita
1841 1630 1983 1676 esse
2027 1621 2095 1675 et
2148 1610 2302 1676 novi

355 1705 422 1761 et
474 1691 679 1761 doleo.
766 1693 1400 1760 Praedestinationis
1458 1692 1823 1761 doctrinam
1877 1697 2127 1762 sincere
2169 1717 2304 1761 non

355 1778 672 1860 admittit,
731 1794 925 1864 atque
968 1790 1043 1846 ut
1096 1779 1289 1846 olfeci
1347 1790 1523 1846 totus
1580 1802 1734 1847 cum
1777 1779 2074 1865 Philippo
2127 1781 2301 1861 facit,

351 1868 483 1933 mo
537 1876 608 1933 et
664 1866 952 1949 explicat
1007 1866 1334 1949 permulta
1387 1867 1458 1930 in
1522 1868 1757 1950 quibus
1814 1890 1897 1933 ne
1961 1867 2305 1950 Philippus

350 1951 611 2036 quidem
670 1952 733 2017 ei
788 1952 1240 2031 subscriberet,
1299 1973 1464 2033 quae
1519 1974 1698 2019 nunc
1755 1953 2112 2020 retexenda
2167 1976 2300 2018 non

350 2036 580 2105 iudico.
649 2036 790 2104 Cur
833 2060 989 2104 vero
1032 2059 1265 2122 panem
1310 2048 1504 2121 atque
1549 2040 1777 2105 vinum
1820 2038 2115 2125 symbola
2159 2062 2300 2105 esse

352 2126 636 2208 corporis
690 2145 766 2190 ac
823 2125 1165 2209 sanguinis
1211 2124 1477 2189 Domini
1520 2135 1749 2210 neget,
1811 2125 2061 2191 nullam
2109 2126 2298 2192 video

350 2210 592 2277 iustam
636 2212 956 2277 rationem
1002 2210 1224 2276 afferri
1267 2231 1485 2293 posse:
1544 2232 1738 2294 quam
1782 2211 2039 2278 etiamsi
2081 2224 2296 2278 osten-

351 2295 560 2375 deret,
623 2297 842 2381 potius
899 2295 1141 2363 divinis
1199 2296 1409 2363 literis
1464 2317 1660 2380 quam
1718 2297 1846 2380 ipsi
1899 2296 2294 2364 credendum

348 2383 825 2463 existimarem,
892 2403 934 2447 a
987 2382 1222 2465 quibus
1288 2392 1425 2447 tam
1490 2384 1678 2467 panis
1737 2405 1935 2467 quam
1992 2383 2168 2451 calix
2223 2393 2299 2449 ut

347 2466 634 2535 ἀντίτυπα
684 2470 976 2553 corporis
1019 2478 1085 2534 et
1137 2469 1482 2552 sanguinis
1522 2468 1796 2535 Domini
1836 2468 2294 2536 commendan-

348 2564 472 2620 tur.
559 2555 906 2621 Actionem
951 2562 1175 2620 tamen
1231 2556 1468 2637 ipsam,
1526 2555 1596 2621 id
1651 2568 1778 2633 est,
1830 2558 2292 2623 comestionem

347 2650 541 2724 atque
608 2641 1004 2723 potationem
1069 2641 1440 2727 symbolum
1503 2661 1650 2707 esse
1713 2641 1810 2706 illi
1873 2642 2296 2709 concederem

345 2726 720 2793 suavissimi
753 2738 979 2811 pastus
1005 2727 1371 2791 animorum
1406 2740 1473 2792 et
1508 2744 1780 2792 naturae
1803 2742 2064 2793 nostrae
2098 2730 2297 2794 totius

345 2814 908 2889 instaurationem,
955 2832 1148 2894 quam
1195 2828 1604 2879 sacramento
1648 2812 2077 2880 eucharistiae
2121 2826 2296 2880 com·-

344 2899 741 2964 municando
794 2919 914 2982 per
966 2898 1160 2963 fidem
1221 2900 1563 2965 sumimus.
1654 2897 1846 2981 Quod
1893 2920 2047 2965 vero
2104 2899 2294 2978 dicat,

346 2984 649 3050 naturale
676 2983 927 3051 Christi
963 3006 1198 3067 corpus
1241 2985 1310 3049 in
1346 2983 1569 3051 cibum
1606 3007 1739 3050 nou
1785 2985 1948 3060 dari,
1994 2985 2296 3069 equidem

346 3071 438 3138 sic
481 3071 899 3155 accipiebam,
945 3070 1133 3154 quasi
1171 3070 1294 3138 hoc
1322 3069 1595 3138 dicendo
1631 3092 1776 3137 sese
1821 3071 1902 3138 iis
1937 3081 2299 3155 opponeret

345 3158 453 3240 qui
501 3179 616 3223 ore
659 3158 977 3240 corporis,
1037 3157 1370 3234 dentibus,
1425 3158 1657 3242 lingua
1706 3168 1775 3224 et
1830 3158 2047 3242 palato
2102 3171 2298 3241 atque

345 3242 646 3310 faucibus
689 3263 927 3327 corpus
971 3243 1220 3309 Christi
1268 3267 1308 3309 a
1351 3243 1535 3308 nobis
1591 3246 1950 3309 transmitti
2007 3245 2075 3310 in
2135 3267 2295 3310 ven-

347 3342 515 3395 trem
575 3328 917 3394 blaterant.
1009 3329 1202 3411 Quod
1260 3332 1313 3394 si
1370 3330 1497 3395 alio
1543 3341 1793 3413 spectet
1836 3332 1976 3414 ipse
2021 3331 2294 3396 viderit:

344 3416 507 3480 mihi
545 3435 706 3482 sane
749 3415 815 3481 id
851 3414 1446 3498 exploratissimum
1493 3428 1609 3495 est,
1653 3414 1967 3499 quidquid
2003 3417 2300 3483 alimenti

346 3522 462 3567 seu
509 3522 698 3567 escae
741 3501 1099 3584 spiritualis
1143 3522 1227 3567 ex
1271 3524 1538 3586 corpore
1560 3502 1810 3568 Christi
1848 3525 1888 3567 a
1930 3503 2116 3569 nobis
2152 3524 2298 3587 per·

345 3589 606 3672 cipitur,
663 3586 733 3651 id
777 3608 858 3651 ex
906 3589 1047 3652 eius
1094 3610 1246 3652 vero
1286 3599 1354 3653 et
1397 3589 1678 3653 naturali
1726 3609 1993 3672 corpore
2032 3588 2297 3655 haberi:

346 3672 517 3754 quod
573 3681 837 3738 nostrae
894 3674 1124 3740 salutis
1178 3696 1375 3740 causa
1418 3675 1572 3739 olim
1629 3676 1806 3740 cruci
1863 3675 2136 3740 affixum
2180 3691 2300 3754 est,

344 3774 412 3823 et
451 3762 526 3824 in
571 3759 771 3824 coelis
808 3760 1002 3824 modo
1054 3779 1312 3825 summa
1365 3760 1575 3846 gloria
1628 3761 2091 3827 circumfusum
2139 3761 2300 3825 resi-

347 3844 474 3910 det.
568 3842 796 3927 Quum
838 3846 1008 3910 enim
1055 3845 1364 3929 quidquid
1407 3856 1508 3912 est
1550 3846 1914 3920 alimoniae,
1959 3845 2134 3929 quod
2173 3848 2300 3912 uti-

344 3951 472 4013 que
534 3930 939 4015 permultum
999 3941 1128 4009 est,
1195 3929 1324 3997 fide
1381 3954 1422 3996 a
1473 3932 1663 3997 nobis
1725 3933 2087 4011 hauriatur,
2154 3934 2300 4016 quis

346 4037 493 4082 eam
541 4017 789 4083 dixerit
843 4018 912 4081 in
957 4038 1187 4101 corpus
1238 4026 1355 4083 aut
1413 4019 1715 4084 fictitium
1763 4027 1878 4083 aut
1931 4019 2299 4101 phantasti-

342 4123 501 4169 cum
546 4102 739 4169 fieri?
827 4102 1068 4168 Nullus
1167 4106 1406 4171 rofecto
1462 4105 1554 4169 ita
1603 4112 1848 4169 statuet
1890 4106 2000 4187 qui
2045 4106 2298 4171 salvam

345 4188 500 4257 fidei
557 4189 904 4255 veritatem
970 4197 1035 4254 et
1146 4191 1160 4204 ’
1257 4191 1488 4256 itatem
1552 4190 1728 4254 velit.
1829 4191 2002 4256 Nam
2061 4212 2140 4257 ea
2195 4213 2300 4256 res

341 4276 448 4341 uti
491 4284 657 4340 sunt
697 4274 1145 4359 apprehendit.
1229 4274 1455 4358 Quare
1509 4298 1711 4359 quum
1757 4275 2006 4343 Christi
2063 4297 2301 4360 corpus

343 4381 564 4446 neque
622 4359 780 4425 olim
838 4360 908 4426 in
965 4382 1156 4428 cruce
1212 4382 1426 4445 neque
1469 4361 1662 4427 modo
1715 4362 1790 4426 iu
1845 4361 2022 4427 coelo
2063 4373 2302 4429 natura

343 4466 468 4514 sua
510 4447 600 4514 sit
641 4455 935 4526 exutum,
980 4469 1021 4513 a
1062 4448 1252 4514 nobis
1297 4470 1417 4532 per
1457 4446 1652 4514 fidem
1700 4448 2018 4526 naturale,
2064 4459 2139 4515 ut
2179 4459 2299 4528 est,

341 4535 521 4615 perci
571 4535 719 4599 itur.

616 4616 662 4684 d
705 4618 863 4685 dum
899 4618 981 4684 de
1014 4618 1095 4685 Ν.
1121 4619 1204 4686 Ν.
1241 4620 1403 4687 haec
1443 4618 1528 4685 ad
1570 4629 1637 4685 te
1678 4621 1908 4700 scribo,
1951 4640 2099 4687 ecce
2134 4620 2300 4686 mihi

344 4702 528 4771 aliud
570 4706 642 4771 in
685 4713 977 4771 mentem
1022 4707 1223 4785 venit,
1280 4705 1361 4772 de
1406 4726 1533 4790 quo
1579 4715 1653 4770 ut
1703 4707 1992 4772 sciscitor
2032 4716 2099 4771 et
2142 4705 2301 4790 quid

343 4789 368 4854 i
553 4790 835 4857 iudicem
910 4789 1307 4869 adscribam,
1384 4792 1560 4858 iusta
1621 4812 1819 4859 causa
1882 4812 1991 4856 me
2052 4802 2298 4860 movet.

343 4811 543 4958 &eod
565 4885 643 4942 ut
664 4876 977 4944 audacter
1018 4878 1201 4956 facio,
1244 4879 1339 4942 ita
1370 4877 1647 4944 liberum
1694 4877 1814 4944 tibi
1850 4878 1993 4957 erit,
2039 4878 2298 4962 qnando

344 4963 705 5040 vacaverit,
747 4962 901 5046 quid
946 4962 1194 5032 iudices
1234 4963 1541 5031 indicare.
1615 4964 1768 5029 Non
1808 4965 1990 5030 enim
2029 4985 2299 5048 respon-

344 5068 498 5117 sum
539 5070 764 5134 urgeo,
824 5059 900 5116 ut
942 5051 1053 5132 qui
1101 5059 1168 5115 te
1211 5050 1744 5134 occupationibus
1786 5071 1918 5116 non
1961 5052 2298 5132 poeniten·

553 5252 611 5320 8)
650 5253 1103 5325 &edu-cap.
1141 5255 2299 5326 supralaudatopmethieham‘mon

342 5323 779 5380 mam
813 5339 942 5380 esse.

2123 391 2285 454 1555
2330 387 2612 454 MART.

4223 397 4351 459 494

2408 576 2511 642 dis
2564 577 2842 642 nimium
2899 578 3109 660 premi
3163 598 3294 643 non
3349 578 3662 663 ignorem.
3749 579 3855 645 De
3896 582 4354 648 communione

2404 683 2602 746 quam
2626 662 2943 731 habemus
2983 683 3136 728 cum
3162 684 3431 748 corpore
3454 663 3704 731 Christi
3747 674 3945 749 atque
3988 666 4356 734 substantia

2403 749 2611 833 ipsius
2653 756 2928 815 naturae
2983 770 3118 814 non
3162 770 3387 817 omnes
3443 750 3673 816 eadem
3718 749 3974 818 dicunt:
4043 751 4351 835 quamob-

2404 856 2546 900 rem
2755 832 2866 923 23]
2928 836 3067 918 ipse
3118 835 3380 902 credam
3436 836 3678 903 audies.
3765 837 3906 903 Res
3945 839 4171 922 magni
4212 859 4351 904 mo-

2404 928 2618 986 menti
2674 930 2792 997 est,
2855 931 2930 986 ut
2983 922 3094 1004 qui
3139 921 3391 988 Christi
3446 933 3546 988 est
3604 944 3734 1007 qua
3797 924 4050 988 ratione
4114 923 4208 988 illi
4265 925 4354 989 sit

2406 1009 2793 1073 coniunctus
2834 1007 3180 1090 intelligat.
3243 1007 3580 1092 Principio
3614 1007 3875 1092 quidem
3909 1009 4121 1087 video,
4158 1010 4353 1077 bene-

2404 1095 2552 1160 ficio
2594 1094 3059 1160 incarnationis
3104 1093 3245 1160 eius
3301 1094 3490 1160 illum
3538 1102 3640 1169 (ut
3684 1094 3767 1159 ad
3810 1093 4149 1162 Hebraeos
4193 1095 4352 1162 dici·

2403 1185 2545 1260 tur)
2581 1178 2863 1245 voluisse
2898 1179 3239 1246 nobiscum
3275 1200 3470 1246 carne
3513 1189 3582 1245 et
3624 1180 3950 1265 sang-uine
3993 1181 4354 1247 communi-

2405 1284 2572 1331 care.
2661 1263 2885 1346 Quum
2927 1265 3104 1330 enim
3150 1268 3336 1349 pueri
3381 1268 3561 1333 carni
3607 1278 3674 1332 et
3714 1268 4020 1350 sanguini
4064 1286 4352 1333 commu-

2404 1352 2707 1430 nicarint,
2750 1359 2816 1417 et
2857 1351 2996 1434 ipse
3021 1351 3230 1418 voluit
3262 1352 3500 1418 horum
3529 1373 3672 1419 esse
3704 1354 4045 1435 particeps.
4099 1352 4353 1419 Verum

2405 1438 2536 1503 nisi
2557 1436 2733 1503 aliud
2759 1438 3231 1503 communionis
3260 1460 3468 1522 genus
3500 1436 3948 1516 intercederet,
3986 1441 4351 1504 communis

2405 1521 2756 1589 admodum
2799 1522 2962 1590 haec
3006 1534 3178 1589 esset
3223 1537 3291 1588 et
3335 1523 3584 1591 debilis.
3668 1523 3841 1589 Nam
3876 1534 4193 1607 quotquot
4228 1524 4352 1590 hu-

2405 1630 2605 1675 mana
2639 1611 2854 1693 specie
2888 1609 3550 1693 comprehenduntur,
3588 1609 3712 1676 hac
3746 1611 3998 1674 ratione
4039 1613 4163 1675 iam
4201 1630 4355 1676 cum

2404 1694 2673 1762 Christo
2707 1698 3220 1762 communicant:
3267 1711 3420 1762 sunt
3454 1697 3692 1780 quippe
3728 1696 4045 1773 homincS,
4096 1703 4167 1759 ut
4209 1695 4351 1779 ipse

2403 1782 2545 1847 fuit.
2635 1781 2792 1847 Ideo
2834 1791 3094 1863 praeter
3148 1781 3329 1847 illam
3390 1781 3511 1848 hoc
3556 1781 3821 1860 accedit,
3884 1781 4107 1848 electis
4152 1781 4350 1846 desti-

2401 1874 2561 1933 nato
2607 1876 2898 1951 tempore
2935 1866 3130 1934 fidem
3166 1868 3503 1952 adspirari,
3550 1890 3675 1950 qua
3718 1870 3786 1932 in
3824 1866 4171 1933 Christum
4210 1887 4349 1933 ore-

2403 1953 2580 2032 dant,
2636 1966 2829 2037 atque
2883 1954 2976 2019 ita
3029 1953 3158 2020 illis
3201 1976 3335 2020 non
3381 1964 3637 2019 tantum
3692 1951 4039 2020 condonari
4084 1964 4351 2036 poecata

2400 2049 2470 2105 et
2512 2037 2657 2105 Deo
2701 2039 3122 2117 reconciliari,
3181 2062 3312 2124 qua
3363 2041 3431 2105 in
3477 2062 3548 2105 re
3594 2060 3749 2105 vera
3792 2049 3858 2104 et
3909 2038 4117 2104 solida
4158 2039 4345 2104 iusti-

2399 2126 2725 2192 ficationis
2769 2126 2938 2191 ratio
2981 2127 3108 2190 sita
3153 2135 3281 2206 ost,
3341 2125 3455 2191 sed
3500 2127 3696 2191 etiam
3751 2126 4022 2209 spiritus
4067 2125 4201 2190 vim
4245 2125 4346 2190 in-

2398 2220 2803 2276 staurantem
2848 2211 3017 2290 addi,
3077 2234 3205 2295 qua
3264 2222 3491 2277 nostra
3534 2233 3785 2294 quoque
3830 2233 4120 2294 corpora,
4175 2230 4347 2291 caro,

2399 2299 2667 2381 sanguis
2725 2309 2794 2362 et
2854 2306 3088 2362 natura
3153 2298 3663 2363 immortalitatis
3719 2299 3977 2381 capacia
4030 2298 4215 2376 fiunt,
4281 2305 4350 2362 et

2399 2383 2883 2449 Christiformia
2930 2384 3036 2469 (ut
3069 2386 3164 2449 ita
3201 2384 3509 2465 dixerim)
3548 2383 3758 2449 indies
3792 2383 4001 2468 magis
4039 2404 4111 2448 ac
4133 2383 4347 2466 magis

2399 2469 2708 2535 evadunt.
2800 2470 2949 2535 Non
2994 2469 3165 2554 quod
3211 2470 3645 2535 substantiam
3705 2491 3865 2534 suae
3908 2477 4187 2534 naturae
4233 2466 4345 2533 ab·

2398 2555 2656 2635 iiciant,
2717 2564 2785 2620 et
2836 2575 2910 2620 re
2960 2556 3105 2640 ipsa
3160 2558 3228 2621 in
3274 2578 3506 2639 corpus
3562 2566 3754 2637 atque
3798 2574 4058 2619 carnem
4097 2554 4349 2620 Christi

2401 2651 2769 2721 transeant,
2827 2641 2942 2708 sed
2995 2642 3171 2725 quod
3227 2639 3672 2726 spiritualibus
3718 2641 3905 2705 donis
3961 2652 4158 2723 atque
4201 2659 4348 2723 pro-

2400 2726 2788 2811 prietatibus
2823 2750 2955 2793 non
2989 2730 3208 2793 minus
3244 2728 3329 2794 ad
3372 2727 3559 2792 illum
3603 2725 3928 2804 accedant,
3973 2747 4168 2808 quam
4204 2747 4346 2790 cor-

2401 2834 2576 2898 pore,
2621 2835 2815 2879 carne
2850 2836 2925 2879 ac
2968 2816 3289 2897 sanguine
3332 2835 3481 2879 eum
3517 2834 3592 2878 eo
3636 2813 3767 2877 iam
3808 2814 3889 2877 ab
3935 2814 4075 2894 ipsa
4117 2811 4352 2878 nativi-

2403 2909 2538 2964 tate
2583 2899 2971 2965 naturaliter
3015 2901 3652 2965 communicaverint.
3742 2898 4081 2963 Habemus
4132 2898 4350 2978 itaque

2403 2986 2510 3052 hic
2564 2989 2692 3050 iam
2752 2985 2914 3051 duas
2969 2989 3453 3051 communiones
3511 3007 3660 3051 cum
3704 2984 3998 3049 Christo:
4064 3002 4199 3047 una
4250 2995 4351 3048 est

2403 3070 2725 3137 naturalis
2747 3093 2942 3155 quam
2987 3072 3068 3138 ab
3112 3072 3270 3155 ipsis
3308 3071 3682 3155 parentibus
3725 3092 3840 3153 per
3884 3083 4099 3136 ortum
4146 3070 4350 3134 trahi-

2402 3180 2569 3236 mus,
2617 3158 2823 3224 altera
2862 3179 3019 3226 vero
3062 3161 3388 3243 contingit
3425 3179 3544 3241 per
3578 3157 3829 3224 Christi
3873 3157 4178 3240 spiritum
4221 3177 4351 3238 quo

2401 3245 2485 3310 ab
2524 3246 2672 3328 ipsa
2714 3246 3207 3329 regeneratione
3251 3247 3333 3309 ad
3378 3246 3661 3327 speciem
3697 3245 3837 3309 eius
3872 3244 4119 3326 gloriae
4158 3244 4349 3306 inno-

2403 3352 2652 3397 vamur.
2724 3334 2817 3396 At
2851 3332 3042 3396 credo
3085 3333 3259 3396 inter
3294 3331 3414 3395 has
3449 3330 3613 3396 duas
3650 3328 3931 3394 mediam
3977 3349 4137 3406 esse,
4182 3349 4351 3410 quae

2401 3417 2489 3482 sit
2530 3416 2677 3482 fons
2720 3427 2786 3483 et
2829 3419 3012 3501 origo
3057 3418 3271 3483 omnis
3314 3417 3612 3482 coelestis
3656 3427 3724 3479 et
3764 3413 4122 3498 spiritualis
4165 3412 4352 3478 simi-

2399 3502 2698 3568 litudinis
2744 3524 2938 3586 quam
2983 3525 3130 3568 eum
3179 3502 3446 3567 Christo
3504 3501 3955 3584 adipiscimur:
4018 3509 4086 3564 et
4126 3519 4205 3563 ea
4249 3511 4351 3565 est

2399 3609 2529 3671 qua
2585 3590 2807 3653 statim
2868 3611 3068 3673 quum
3127 3589 3450 3653 credimus
3506 3587 3845 3652 Christum
3909 3589 4128 3668 ipsum
4194 3605 4350 3651 vere

2400 3685 2592 3757 caput
2627 3687 2919 3740 nostrum
2948 3675 3386 3741 nanciscimur
3420 3675 3870 3755 efficimur-que
3904 3673 4107 3755 ipsius
4143 3690 4348 3734 mem-

2402 3761 2535 3826 bra.
2628 3760 2820 3826 Unde
2864 3762 2945 3827 ab
2989 3763 3130 3843 ipso
3175 3762 3385 3843 capite
3445 3781 3559 3842 per
3603 3757 4021 3842 compagines
4067 3765 4135 3821 et
4178 3776 4350 3821 com-

2403 3847 2717 3913 missuras
2782 3849 2887 3928 (ut
2945 3848 3158 3929 inquit
3211 3846 3485 3920 Paulus)
3556 3845 3824 3926 spiritus
3888 3844 4028 3908 eius
4094 3845 4162 3905 in
4230 3864 4349 3908 nos

2403 3944 2717 4015 tanquam
2762 3933 2834 3996 in
2889 3954 3011 3997 sua
3056 3953 3211 3997 vera
3269 3932 3689 4015 legitimaque
3732 3931 4027 3995 membra
4081 3930 4227 3992 fluit
4272 3949 4349 3995 ac

2401 4018 2753 4084 derivatur.
2832 4018 3118 4083 Proinde
3162 4017 3534 4086 communio
3576 4017 3737 4081 haec
3781 4028 4006 4081 nostra
4048 4035 4198 4079 cum
4242 4035 4350 4080 ca-

2399 4105 2537 4188 pite
2581 4105 2760 4188 prior
2803 4115 2904 4169 est
2945 4105 3177 4169 saltem
3213 4117 3466 4182 natura,
3511 4104 3664 4170 licet
3705 4104 3977 4167 fortasse
4014 4123 4147 4164 non
4180 4112 4349 4164 tem-

2400 4212 2577 4275 pore,
2638 4190 2751 4254 illa
2807 4192 3149 4273 posteriori
3203 4191 3663 4255 communione
3706 4210 3874 4270 quae
3928 4206 4044 4270 per
4098 4187 4349 4250 instau-

2400 4278 2726 4341 rationem
2768 4274 3123 4342 inducitur.
3216 4280 3433 4358 Atque
3475 4275 3602 4350 hic,
3658 4285 3732 4338 ut
3775 4275 3937 4337 mihi
3982 4270 4207 4337 videor
4250 4273 4351 4334 in-

2401 4362 2717 4447 telligere,
2781 4362 3053 4446 physica
3110 4363 3273 4427 ratio
3332 4384 3454 4426 nos
3512 4359 3800 4426 adiuvat.
3890 4359 4211 4434 Primum,
4271 4369 4349 4421 ut

2401 4470 2481 4515 ea
2522 4448 2740 4527 tradit,
2786 4449 2859 4512 in
2901 4450 3177 4514 foetibus
3212 4467 3324 4511 cor
3364 4449 3585 4529 ipsum
3619 4456 3987 4528 generatur,
4034 4442 4185 4506 inde
4228 4462 4349 4526 per

2399 4533 2729 4618 quandam
2769 4554 3003 4599 venam
3045 4535 3314 4620 spiritus
3359 4554 3398 4596 a
3440 4532 3633 4597 corde
3676 4530 3976 4595 funditur
4019 4539 4349 4611 penetrat-

2399 4641 2527 4704 que
2571 4620 3051 4703 aliquantulum
3105 4641 3261 4704 prae
3311 4627 3558 4684 aratam
3606 4616 3947 4681 materiam
3993 4615 4347 4680 animantis

2400 4727 2476 4772 ac
2517 4706 2604 4771 ibi
2652 4715 2852 4789 caput
2892 4707 3114 4790 fingit:
3162 4727 3253 4769 un
3304 4727 3339 4770 e
3377 4725 3496 4788 per
3536 4704 3713 4767 illam
3754 4722 4006 4778 venam,
4043 4722 4171 4784 qua
4214 4702 4344 4782 spi-

2398 4793 2565 4857 ritus
2608 4814 2648 4857 a
2691 4791 2885 4857 corde
2937 4792 3261 4875 profectus
3306 4806 3431 4870 est,
3491 4799 3687 4873 caput
3739 4809 3884 4854 cnm
3944 4786 4135 4852 corde
4189 4807 4345 4853 con-

2397 4879 2513 4943 iun
2565 4880 2710 4943 'tur.
2799 4877 2962 4942 Inde
3005 4899 3235 4943 rursus
3285 4898 3403 4961 per
3459 4877 3653 4941 uliam
3697 4895 3936 4940 venam
3992 4873 4259 4957 spiritus
4305 4892 4346 4936 a

2398 4973 2612 5048 capite
2655 4964 2804 5029 fluit
2844 4973 2911 5030 et
2944 4977 3093 5046 post
3134 4963 3395 5046 aliquod
3439 4963 3728 5045 spatium
3764 4960 3969 5044 hepar
4013 4958 4342 5036 informat,

2397 5049 2569 5134 quod
2635 5069 2841 5135 genus
2906 5051 3175 5116 visceris
3240 5070 3358 5130 per
3421 5049 3806 5131 colligantes
3878 5047 4151 5111 arterias
4229 5055 4347 5110 aut

2399 5157 2601 5202 venas
2667 5154 2816 5200 cum
2882 5137 3092 5218 capite
3157 5149 3353 5218 atque
3419 5134 3609 5200 corde
3675 5135 4126 5197 communicat.
4240 5130 4343 5195 Ab

2401 5223 2638 5306 hepate
2680 5222 2838 5287 item
2882 5221 3154 5305 aliisque
3188 5220 3583 5304 primoribus
3618 5220 3929 5284 membris
3965 5218 4129 5284 aliae
4173 5226 4344 5282 arte-

2401 5310 2538 5375 riae
2579 5329 2696 5373 seu
2748 5329 2951 5374 venae
3008 5305 3374 5373 tenduntur
3419 5305 3499 5370 ad
3545 5304 3708 5370 alias
3750 5306 4062 5369 materiae
4104 5313 4354 5388 partes,
