4850 6200
503 403 629 469 ⁸19

500 590 784 676 Quando
847 599 1070 659 autem
1137 591 1338 659 nullis
1411 590 1717 657 humanis
1793 589 2099 658 remediis
2165 588 2448 657 cicurui

497 687 771 763 possunt
809 678 974 746 tales
1015 678 1242 754 furiae,
1285 676 1613 744 Dominus
1666 698 1779 742 eas
1820 677 2066 743 virtute
2106 697 2230 742 sua
2267 696 2447 742 com-

499 776 736 849 pescat.
837 765 1031 843 Vale,
1097 764 1335 830 eximie
1393 763 1496 828 vir
1558 774 1627 829 et
1685 762 1892 828 frater
1955 762 2120 828 mihi
2185 781 2447 846 semper

498 850 919 916 observande.
1007 850 1333 916 Dominus
1387 858 1455 915 te
1506 868 1583 914 ac
1633 848 1904 914 domum
1959 858 2140 914 tuam
2183 858 2447 914 tueatur

503 957 624 1002 suo
668 935 990 1021 pracsidio
1032 942 1100 1002 et
1155 955 1189 1001 s
1233 936 1389 1001 iritu
1434 934 1771 1019 gubernet.
1861 931 2095 1000 Saluta
2136 954 2283 1000 meo
2325 954 2445 999 no·

499 1024 680 1087 mine
723 1041 995 1106 generos
1036 1032 1103 1086 et
1145 1022 1187 1086 fi
1217 1022 1330 1088 ias.
1407 1020 1723 1087 Genevae
1756 1024 1856 1086 23.
1894 1019 2209 1086 Novemb.
2265 1024 2443 1085 1554.

1409 1157 1693 1223 Ioannes
1738 1155 2057 1224 Calvinus
2100 1164 2270 1224 tuus.

1287 1471 1516 1479 ...ᾳ-..η
1535 1472 1554 1477 -
1603 1471 1680 1478 0.—

1382 1704 1576 1775 2⁰51.

569 1857 998 1927 MINIS'I'RI
1043 1858 1659 1927 GENEVENSES
1703 1859 2377 1928 BERNENSIBUS.

957 2051 992 2096 o
1045 2036 1299 2097 senam
1351 2030 1696 2098 Beruenses
1760 2032 2018 2099 minime
2080 2031 2206 2098 sibi
2259 2033 2449 2100 satie-

504 2118 745 2199 sactum
766 2116 1292 2199 querevdeedenuo
1317 2117 1829 2186 instantutillia
1983 2119 2451 2185 eundembonae

502 2223 733 2269 caueae
761 2204 1228 2285 patrocinentur
1280 2207 1336 2268 et
1380 2204 1755 2285 praesertim
1865 2205 2046 2271 oleeci
2088 2210 2450 2271 crescentem

502 2289 910 2354 maledicendi
953 2288 1287 2355 audaciam
1320 2293 1545 2354 notant.
1577 2289 1627 2375 ¹)

504 2462 676 2526 (Anto
744 2460 920 2528 apbon
958 2460 1130 2513 deseri
1199 2461 1337 2514 imus
1377 2458 1584 2514 Bernae
1631 2461 1687 2513 in
1724 2460 1852 2515 cod.
1891 2462 2019 2516 bibl.
2055 2462 2258 2517 civicae
2293 2463 2449 2517 MSS.

501 2529 626 2611 bist.
676 2600 687 2611 .
718 2530 818 2581 clv.
857 2528 954 2583 111.
990 2526 1075 2595 34,
1143 2528 1211 2581 ol.
1246 2527 1346 2583 231
1396 2530 1606 2610 imque
1651 2534 1833 2584 tamen
1877 2531 2159 2600 inscript-io
2205 2536 2270 2613 ,et
2322 2533 2448 2587 sub·

500 2608 824 2748 eata?
838 2599 1036 2721 ,aa
1070 2614 1239 2721 ιιι
1264 2614 1532 2722 ιιι
1564 2599 1819 2725 οὲεῐδι
1873 2600 2448 2725 mamae.-

501 2754 556 2789 m
604 2736 768 2791 Arch.
823 2736 962 2806 Epp.
1015 2735 1110 2789 vl.
1160 2753 1211 2806 p.
1257 2734 1361 2789 359
1347 2735 1677 2871 x&ll-iegirzfflue
1729 2737 1872 2806 apud
1927 2738 2211 2793 Simlerum
2266 2738 2449 2795 Tul-ici

497 2974 781 3041 Eximiis
806 2974 1058 3041 Christi
1102 2975 1310 3042 servis
1348 2974 1656 3043 ecclesiae
1678 2978 2036 3045 Beruensis
2083 2979 2451 3062 pastoribus

815 3059 1129 3127 fratribus
1172 3070 1239 3128 et
1273 3064 1658 3149 symmystis
1698 3062 2138 3131 observandis.

672 3197 742 3264 S.
823 3196 1055 3274 Scitis,
1126 3197 1564 3266 colendissimi
1635 3201 1903 3281 fratres,
1974 3222 2175 3286 quum
2235 3223 2449 3288 nuper

501 3284 678 3370 apud
723 3283 1159 3350 clarissimum
1218 3295 1515 3350 senatum
1561 3297 1849 3354 vestrum
1909 3284 1990 3353 de
2033 3287 2448 3370 quorundam

499 3369 744 3437 iniuria
798 3371 1130 3453 conquesti
1188 3390 1508 3450 essemus,
1565 3375 1676 3458 qui
1732 3372 2094 3441 doctrinam
2154 3385 2446 3440 nostram

499 3458 640 3523 sine
722 3454 928 3520 udore
971 3466 1038 3520 et
1080 3455 1397 3523 modestia
1436 3459 1773 3537 infamant,
1819 3459 2094 3526 fratrem
2130 3461 2243 3544 qui
2275 3461 2446 3527 istuc

495 3563 654 3608 man
700 3550 806 3606 ato
852 3552 1078 3607 nostro
1112 3542 1434 3626 profectus
1476 3555 1615 3611 erat
1632 3549 1691 3630 2)
1734 3567 1886 3612 cum
1931 3544 2098 3612 bona
2141 3567 2257 3629 spe
2301 3568 2445 3612 esse

494 3627 870 3704 dimissum,
918 3625 1196 3694 Senatui
1250 3649 1389 3694 rem
1446 3631 1585 3697 fore
1626 3652 1839 3697 curae.
1927 3632 2064 3697 Diu
2106 3641 2444 3716 exspecta·

495 3716 728 3781 vimus.
818 3712 1110 3778 Tandem
1168 3714 1436 3781 allatum
1499 3726 1598 3783 est
1651 3737 2040 3800 responsum
2097 3718 2264 3801 quod
2321 3739 2442 3785 nos

493 3819 817 3884 peraeque
873 3821 1223 3883 suspensos
1283 3810 1471 3867 tenet
1533 3824 1608 3869 ac
1675 3804 1863 3889 prius
1917 3823 2195 3870 eramus.
2314 3805 2445 3871 Re-

494 3884 757 3968 scripsit
793 3886 1077 3952 Senatus
1121 3894 1344 3952 vester
1387 3895 1630 3967 nostro,
1675 3908 1932 3974 pugnas
1977 3891 2138 3955 istas
2181 3897 2247 3955 et
2289 3891 2442 3957 hos·

494 3971 649 4038 tiles
681 3991 937 4037 morsus
970 3974 1260 4056 graviter
1294 3973 1418 4039 sibi
1453 3972 1798 4059 displicere
1833 3985 1901 4041 et
1934 3996 2133 4060 quum
2163 3977 2443 4043 antehac

491 4055 788 4208 {Iuribus
831 4055 1062 4125 edictis
1107 4060 1551 4128 contentiosas
1585 4060 2075 4144 disputationes,
2118 4083 2442 4129 novorum

538 4152 875 4228 ogmatum
933 4145 1310 4210 iactantiam
1325 4196 1342 4225 ,
1414 4146 1618 4213 libros
1675 4147 2126 4215 infamatorios
2185 4160 2252 4214 et
2309 4149 2443 4216 alia

493 4230 929 4297 certaminum
973 4229 1228 4297 semina
1269 4231 1697 4316 prohibuerit,
1742 4255 1814 4300 se
1855 4256 2032 4302 nunc
2073 4255 2327 4319 quoque
2368 4237 2440 4301 in

492 4316 826 4382 sententia
845 4336 1133 4381 manere.
1213 4316 1350 4382 Nos
1393 4316 1629 4384 deinde
1650 4318 1801 4384 vult
1819 4320 1876 4396 ⁸)
1899 4342 2041 4388 esse
2071 4320 2441 4402 admonitos

493 4409 568 4468 ut
609 4402 900 4467 vicissim
943 4402 1024 4466 ab
1068 4402 1249 4467 omni
1289 4403 1715 4471 insectatione
1758 4406 2166 4474 abstinentes
2208 4427 2440 4492 pacem

490 4507 644 4555 cum
689 4486 956 4552 ditionis
999 4507 1157 4552 suae
1198 4488 1522 4556 ministris
1564 4490 1872 4558 colamus.
1941 4492 2198 4560 Videtis
2242 4513 2441 4578 gene-

490 4572 719 4640 raliter
742 4579 1000 4636 tantum
1031 4570 1324 4638 damnari
1360 4574 1877 4642 maledicentiam
1898 4588 1966 4643 et
1984 4578 2442 4663 intemperiem

490 4678 658 4743 quae
699 4656 1012 4723 ecclesiae
1047 4658 1330 4739 quietem
1373 4663 1789 4744 perturbant:
1834 4670 2239 4748 praesentem
2285 4685 2442 4729 vero

493 4763 756 4812 eausam
839 4763 922 4804 ne
1000 4742 1196 4808 verbo
1268 4746 1525 4830 quidem
1605 4749 1859 4835 attingi.
1877 4753 1936 4828 ⁴)
2046 4748 2441 4834 Quanquam

495 4901 586 4913 -—
611 4897 904 4908 —..-——.-.———-

493 4983 757 5042 2051-1)
797 4981 989 5035 Etiam
1022 4988 1242 5038 senam
1281 4984 1609 5042 amonensis
1650 4990 1845 5043 iterum
1890 4988 2129 5058 scripsit,
2173 4987 2270 5043 aed
2381 4989 2396 5003 ‘

493 5053 662 5110 totam
696 5049 1477 5184 ἵξειαἭτ-υαὲιιιωίυόοω
1534 5057 1616 5121 Os.
1637 5058 1781 5113 Aeta
1809 5055 2044 5113 Senam
2076 5057 2155 5113 ad
2186 5056 2272 5112 27.
2292 5004 2438 5114 ῧου.

702 5187 756 5252 3)
791 5187 993 5256 Αρορν.
1032 5197 1172 5242 avet.

699 5256 832 5322 4)·'.
869 5273 913 5310 e.
950 5256 1687 5315 Bokmmazweaaeum
1734 5264 2440 5322 mmmimetcon-

491 5325 768 5382 mliose
802 5324 1074 5392 damnari,
1109 5328 1255 5396 quod
1287 5328 1400 5396 ἱροί
1431 5328 1729 5384 comm

1983 400 2511 471 EPISTOLAB
2556 404 2797 468 2050-
2811 402 2982 468 2058

4363 397 4493 463 820

2552 595 2772 657 antem
2826 588 3016 656 vobis
3070 609 3285 674 nuper
3336 586 3661 655 Senatum
3727 592 3965 674 rogatu
4028 592 4254 654 nostro
4310 584 4497 653 adire

2549 676 2896 761 palamque
2967 676 3140 740 hanc
3202 696 3469 744 causam
3533 674 3864 759 suscipere
3917 673 4139 740 visum
4188 693 4321 739 non
4372 681 4495 752 est,

2548 764 2718 829 forte
2774 763 2927 847 quia
2970 772 3191 828 vestro
3248 760 3487 828 iudicio
3554 782 3659 827 res
3713 759 4007 826 nondum
4063 765 4495 837 maturuerat,

2548 870 2726 916 nunc
2785 859 3010 914 tamen
3063 847 3305 914 iterum
3368 869 3489 932 per
3550 867 3807 914 sacram
3870 845 4221 911 ministerii
4284 844 4496 911 nostri

2546 935 3070 1002 coniunctionem
3110 934 3425 1000 obtestari
3458 933 3754 1018 cogimur
3795 939 3872 999 ut
3903 930 4034 998 duo
4076 930 4263 998 nobis
4304 950 4497 1015 prae-

2548 1032 2724 1088 stare
2771 1042 2855 1086 ne
2896 1020 3281 1104 gravemini.
3369 1019 3677 1086 Primum
3730 1027 3805 1084 ut
3857 1016 4189 1084 doctrinae
4231 1025 4495 1083 nostrae

2546 1107 3003 1173 testimonium
3065 1103 3357 1171 reddatis
3373 1107 3434 1185 ὅ)
3499 1115 3729 1171 contra
3788 1125 3985 1188 quam
4047 1103 4325 1187 improbi
4378 1102 4497 1169 ho-

2550 1192 2762 1259 miues
2827 1192 2969 1257 sine
3030 1192 3285 1257 ratione
3347 1190 3613 1257 latrant.
3723 1188 3981 1257 Deinde
4048 1198 4127 1255 ut
4191 1187 4498 1263 doceatis,

2549 1300 2747 1363 quam
2789 1278 2878 1344 sit
2916 1279 3353 1343 necessarium
3396 1276 3827 1361 petulantiam
3863 1277 4035 1342 hanc
4075 1275 4416 1358 compesci.
4439 1273 4497 1359 ⁸)

2550 1364 2841 1447 Aequior
2893 1371 2995 1430 est
3049 1362 3213 1430 haec
3270 1361 3622 1448 postulatio
3671 1382 3868 1447 quam
3920 1371 3997 1428 ut
4051 1363 4297 1428 maiore
4349 1381 4494 1427 ver-

2551 1450 2779 1516 borum
2837 1449 3113 1517 circuitu
3172 1461 3290 1515 aut
3340 1448 3758 1515 vehementia
3812 1455 4120 1531 putemus
4177 1468 4296 1512 vos
4353 1467 4498 1514 esse

2549 1535 2896 1620 urgendos.
2985 1534 3183 1618 Quod
3244 1535 3303 1601 si
3359 1534 3518 1618 quid
3562 1534 3876 1601 valebunt
3929 1554 4154 1617 preces
4212 1542 4498 1610 nostrae,

2552 1630 2628 1688 ut
2668 1632 2844 1687 certe
2887 1619 3291 1701 confidimus,
3351 1622 3574 1688 statim
3629 1620 3699 1686 id
3742 1620 4074 1703 agendum
4133 1618 4286 1686 erit:
4345 1618 4500 1702 quia

2550 1707 2932 1774 tabellarius
2978 1708 3086 1772 hic
3125 1706 3350 1774 literas
3393 1717 3649 1773 nostras
3693 1705 3920 1781 defert,
3963 1727 4126 1788 quas
4169 1726 4300 1771 non
4342 1712 4501 1770 ante

2552 1793 2681 1878 legi
2747 1791 3054 1877 expediet
3113 1795 3184 1858 in
3248 1794 3429 1859 curia
3490 1814 3686 1876 quam
3738 1794 3945 1857 oratio
4001 1802 4221 1858 vestra
4275 1789 4503 1856 audita

2553 1880 2768 1945 fuerit.
2870 1878 3123 1945 Saltem
3189 1878 3407 1945 danda
3473 1879 3599 1943 erit
3655 1899 3852 1961 opera
3914 1886 3994 1943 ut
4050 1879 4220 1944 actio
4277 1886 4503 1943 vestra

2552 1975 2823 2031 senatus
2897 1965 3269 2032 consultum
3346 1964 3706 2049 praecedat.
3816 1964 3998 2048 Ergo
4073 1964 4132 2029 si
4191 1962 4505 2047 prodesse

2553 2051 2741 2118 nobis
2782 2051 2855 2116 in
2898 2052 3119 2116 animo
3161 2061 3279 2128 est,
3324 2050 3637 2136 postridie
3679 2072 3878 2135 quam
3921 2048 4216 2116 redditae
4259 2049 4507 2116 fuerint

2554 2138 2678 2203 hae
2722 2138 2954 2203 literae
2995 2139 3069 2202 in
3110 2146 3417 2203 senatum
3460 2137 3686 2203 venire
3744 2157 3984 2220 operae
4027 2136 4313 2218 pretium
4356 2134 4502 2211 erit,

2556 2244 2638 2288 ne
2682 2244 2828 2289 sero
2871 2222 2940 2288 id
2984 2224 3102 2288 fiat
3138 2233 3469 2290 trausacto
3510 2224 3641 2288 iam
3688 2224 3970 2308 negotio.
4039 2221 4373 2303 Quantam
4418 2242 4507 2287 ex

2555 2323 2823 2375 senatus
2877 2309 3081 2374 vestri
3140 2310 3401 2374 silentio
3458 2309 3798 2376 audaciam
3855 2307 4228 2392 conceperit
4269 2306 4507 2373 Hiero-

2552 2415 2799 2478 nymus,
2858 2396 3084 2478 paucis
3140 2394 3430 2461 indicare
3471 2395 3686 2479 placet
3727 2405 3803 2461 ut
3844 2414 3964 2459 vos
4006 2395 4150 2459 eius
4192 2394 4376 2459 furor
4416 2393 4503 2459 ad

2553 2481 2999 2565 quaerendum
3042 2480 3408 2547 remedium
3450 2503 3520 2547 m
3610 2482 3662 2547 ‘s
3706 2481 3971 2545 animet.
4060 2480 4167 2546 Ab
4209 2500 4290 2545 eo
4332 2490 4503 2545 tem·

2554 2588 2710 2652 pore
2767 2588 2901 2632 nou
2957 2567 3210 2634 destitit
3264 2567 3481 2650 palam
3535 2588 3571 2634 c
3600 2569 3875 2632 amitere
3941 2567 4010 2631 in
4067 2566 4307 2632 mensis
4363 2565 4500 2649 pri-

2552 2654 2740 2732 vatis,
2792 2654 2866 2718 in
2920 2654 3251 2736 cauponis,
3310 2654 3381 2718 in
3438 2652 3562 2718 viis
3616 2653 3910 2736 publicis,
3971 2650 4304 2719 calvim
4355 2671 4505 2718 esse

2553 2739 2883 2804 hominem
2950 2759 3233 2822 nequam
3300 2748 3369 2804 et
3429 2739 3850 2805 haereticum.
3960 2740 4063 2804 Ac
4139 2759 4352 2822 nuper
4427 2738 4505 2803 in

2552 2845 2796 2909 magna
2854 2825 3051 2890 turba
3105 2824 3494 2908 quibusdam
3518 2902 3525 2907 ¹
3551 2822 3806 2891 civibus
3867 2825 4113 2891 nostris
4189 2824 4504 2908 probrose

2552 2912 2815 2991 obiecit,
2873 2910 3045 2994 quod
3104 2911 3267 2977 haec
3318 2912 3549 2977 civitas
3615 2910 3889 2993 impium
3955 2909 4358 2978 haereticum
4400 2908 4502 2975 fo-

2553 3008 2754 3062 veret.
2844 2996 3119 3062 Duobus
3182 2999 3381 3062 etiam
3437 2996 3622 3061 verbi
3688 2996 4004 3062 ministris
4058 2995 4246 3076 dixit,
4311 3016 4501 3081 mag-

2550 3104 2705 3149 nam
2748 3083 3059 3149 iniuriam
3118 3081 3363 3151 Ser-veto
3395 3083 3635 3150 factam
3680 3104 3823 3164 esse
3858 3094 3924 3150 et
3958 3081 4198 3149 bonam
4232 3103 4507 3151 causam

2548 3170 2796 3236 iniusta
2868 3168 3122 3235 Caluini
3186 3170 3532 3255 tyrannide
3597 3170 3800 3236 fuisse
3865 3190 4261 3254 oppressam.
4358 3171 4423 3236 N
4425 3191 4507 3237 ec

2548 3276 2706 3321 vero
2746 3256 2990 3321 mirum
3043 3263 3173 3334 est,
3228 3254 3555 3340 perditum
3611 3255 4001 3322 nebulonem
4057 3265 4318 3322 tantum
4373 3255 4507 3323 sibi

2550 3340 2853 3407 licentiae
2911 3362 3169 3408 sumere
3184 3393 3199 3419 ,
3255 3362 3458 3425 quum
3503 3339 3722 3407 videat
3777 3340 3952 3407 idem
4008 3341 4269 3409 licuisse
4312 3341 4507 3409 verbi

2549 3427 2887 3493 ministris.
2968 3426 3206 3510 Qualis
3248 3427 3436 3493 brevi
3481 3428 3819 3513 dissipatio
3863 3449 3983 3493 nos
4025 3437 4309 3506 maneat,
4367 3430 4507 3494 nisi

2549 3522 2806 3578 mature
2868 3514 3132 3580 obviam
3198 3524 3419 3594 eatur,
3486 3516 3612 3599 ipsi
3678 3535 3797 3598 pro
3861 3521 4085 3580 vestra
4145 3514 4508 3599 prudentia

2547 3598 2916 3682 expendite.
3020 3600 3286 3678 Valete,
3356 3601 3764 3686 integerrimi
3819 3600 4074 3665 fratres.
4172 3599 4508 3667 Dominus

2546 3707 2666 3752 vos
2719 3686 2955 3770 spiritu
3011 3686 3397 3770 prudentiae
3456 3697 3525 3753 et
3588 3686 3989 3751 fortitudinis
4044 3686 4359 3767 instruat,
4428 3696 4508 3754 et

2546 3770 2869 3855 praesidio
2935 3791 3054 3838 suo
3117 3779 3396 3838 tueatur.
3508 3772 3842 3839 Genevae.
3934 3776 4034 3837 27.
4102 3773 4507 3840 Novembris

3158 3945 3429 4011 Fratres
3450 3953 3519 4010 et
3539 3954 3942 4031 symmystae
3956 3947 4160 4012 vestri
4185 3947 4502 4016 ecclesiae

3188 4031 3601 4098 Genevensis
3645 4031 3935 4097 ministri
3978 4042 4048 4098 et
4088 4041 4385 4117 pastores
4407 4036 4463 4112 ⁷)

3476 4134 3759 4202 Ioannes
3804 4133 4141 4202 Calvinus.

3474 4222 3724 4287 Abelus
3768 4221 4173 4305 Pouppinus.

3475 4306 3870 4373 Franciscus
3911 4308 4351 4394 Bourgoinus.

3474 4391 3758 4459 Michael
3801 4391 4038 4477 Oopus.

3480 4478 3915 4565 Raymondus
3959 4480 4339 4548 Chalvetus.

3474 4565 3756 4630 Ioannes
3801 4565 4033 4632 Faber.

3475 4653 3541 4717 A
3585 4648 3831 4717 Sancto
3877 4652 4162 4718 Andrea.

2752 4820 2810 4887 5)
2850 4821 2957 4876 Sed
2989 4821 3289 4889 'acciperem
3310 4821 4505 4898 0.uonutoptamtamquipoterat,qm

2794 4906 2909 4946 aon
2942 4905 3125 4947 enne·
3156 4892 3338 4959 ipsius
3369 4891 3983 4960 praedestinatianis-uo
4012 4893 4275 4959 facerent.

2748 4959 2808 5027 6)
2843 4962 2882 5014 ι’.
2914 4976 2957 5014 e.
2993 4975 3062 5014 ne
3144 4962 3232 5012 uie
3276 4966 3470 5014 contm
3514 4960 3652 5014 iuna
3693 4959 3893 5030 doymo
3926 4963 4166 5030 ampliu
4197 4969 4501 5022 mamare

2544 5026 2782 5084 cuderet.
2857 5028 2953 5083 En
3035 5030 3046 5041 '
3135 5029 3526 5084 ‘celibe-tatio
3559 5031 4025 5085 scandentium.

2748 5095 2808 5162 7)
2851 5097 3192 5166 Subscriptio
3225 5098 3378 5154 abeat
3407 5098 3479 5154 ab
3511 5114 3633 5153 exse.
3674 5097 3871 5154 Oeneo.
