4850 6200
288 482 362 544 29
1934 484 2099 544 1564
2140 478 2604 547 FEBRUAR„
4202 487 4286 549 30

286 682 380 734 tra
419 668 571 734 fidei
613 668 985 754 analogiam
1037 684 1161 749 est,
1208 669 1552 736 humiliter
1592 668 1853 755 postulo
1898 668 2114 735 doceri
2157 676 2226 733 et

284 755 356 821 ab
404 775 621 820 errore
678 754 913 820 abduci
954 775 1072 838 per
1130 754 1407 821 verbum
1468 755 1604 821 Dei.
1708 756 1815 821 Ita
1873 776 1978 820 me
2032 752 2223 820 Deus

284 840 550 907 adiuvet.
642 840 749 906 Ita
790 850 1119 925 praestate
1162 863 1278 907 vos
1322 861 1561 925 aequos
1601 838 1871 908 iudices.
1940 840 2066 906 Est
2108 842 2219 906 ita.

674 978 996 1062 Hierony.
1042 977 1360 1044 Bolsecus
1401 976 1694 1045 medicus
1738 999 1814 1045 ac
1857 976 2220 1061 theologus.

437 1236 736 1302 Articulo
755 1238 809 1311 Β)
863 1256 1049 1301 111888
1102 1236 1528 1303 confessionis
1584 1236 1664 1301 de
1708 1236 1836 1302 Dei
1881 1235 2222 1302 voluntate

279 1321 549 1405 paucula
590 1321 909 1407 quaedam
954 1320 1149 1389 adiici
1196 1319 1431 1388 debere
1472 1322 1867 1400 existimavi,
1910 1342 2038 1406 quo
2080 1342 2220 1388 ma-

280 1408 371 1492 gis
430 1408 782 1474 satisfieret
855 1408 1177 1473 ministris
1241 1407 1581 1474 Genevae:
1664 1408 1973 1473 nimirum
2048 1407 2220 1491 quod

280 1502 532 1576 peccata
602 1495 1102 1560 committantur
1166 1491 1312 1561 Deo
1383 1495 1647 1560 volente
1665 1546 1681 1574 ,
1760 1514 1894 1559 non
1958 1492 2220 1577 quidem

280 1579 588 1645 efficiente
604 1632 619 1658 ,
674 1580 1114 1664 praecipiente
1170 1588 1286 1646 aut
1335 1582 1677 1661 incitante,
1744 1579 1857 1646 sed
1925 1600 2043 1664 pro
2100 1599 2221 1646 suo

282 1663 539 1743 occulte,
587 1687 848 1751 semper
890 1678 1112 1732 tamen
1159 1667 1332 1731 iusto
1386 1665 1625 1734 iudicio
1680 1685 1863 1733 suam
1919 1687 2110 1750 opem
2152 1675 2222 1731 et

279 1751 544 1835 gratiam
581 1752 936 1830 auferente,
972 1753 1114 1818 sine
1158 1773 1287 1833 qua
1320 1774 1451 1818 non
1485 1760 1701 1838 potest
1733 1772 1865 1818 non
1901 1752 2223 1817 committi

282 1836 351 1902 ab
392 1837 661 1904 homine
694 1848 1050 1922 peccatum.
1116 1838 1390 1922 Hocque
1431 1839 1627 1905 modo
1669 1839 1982 1905 confiteor
2000 1837 2221 1904 Deum

279 1922 430 2022 velle
471 1934 744 2007 peccata
786 1923 981 2008 plecti
1025 1926 1307 2008 peccatis
1351 1944 1469 2008 pro
1514 1947 1634 1991 sua
1692 1923 1944 1990 iustitia
1999 1934 2065 1989 et
2110 1944 2217 1989 ae-

280 2018 529 2091 qmtate.

1108 2525 1276 2595 1907
1294 2548 1343 2592 8.

1064 2680 1389 2745 VIRE'PI

277 2782 753 2867 Propositiones
811 2784 891 2848 de
947 2783 1545 2867 praedestinatione
1606 2793 1835 2850 contra
1878 2783 2209 2868 Hierony-

657 2890 839 2933 mum
880 2869 1308 2935 Carmelitam
1354 2869 1800 2954 Empyricum.

276 3056 367 3122 (Ex
402 3058 593 3113 eodem
631 3058 828 3114 Codice
852 3058 1134 3127 Beruensi‚
1170 3059 1249 3111 ita
1325 3057 1504 3112 uidem
1534 3062 1596 3111 ut
1618 3057 1770 3127 prior
1787 3074 1915 3129 pars
1940 3073 2211 3114 exerrore

278 3127 425 3182 biblio
539 3128 553 3140 ⁶
590 3128 683 3181 fol.
702 3126 806 3181 239
842 3129 1119 3197 posterior
1150 3128 1239 3182 fel.
1265 3127 1293 3179 1
1332 3127 1366 3180 2
1390 3128 1618 3194 legatur.
1672 3127 1733 3181 In
1754 3133 1911 3197 tergo
1946 3129 2211 3197 scriptum

278 3198 729 3319 &ffl’ffl'm't
731 3197 954 3319 „25⁶2ss
976 3199 1312 3319 {metti
1357 3198 1547 3320 ‘iffi-¹2⁸
1573 3196 2212 3321 ffifflossdm‘ffl

278 3338 465 3389 amia
498 3282 673 3389 aaa
707 3284 928 3390 {aceras
962 3351 1028 3389 επ
1078 3341 1309 3402 autoyra
1351 3337 1438 3388 his
1465 3334 1757 3403 descripta,
1796 3343 1857 3388 ut
1880 3336 2044 3389 habet
2074 3335 2210 3389 Sim-

786 3405 933 3458 lerus
968 3403 1093 3457 Vol.
1130 3403 1219 3458 81.
1256 3405 1329 3458 C.
1370 3403 1467 3456 Nr.
1505 3402 1686 3464 1907.)

281 3661 365 3724 sal
430 3576 633 3641 Nulla
690 3587 790 3640 est
856 3578 1161 3659 cuiquam
1225 3579 1350 3641 nisi
1417 3576 1487 3639 in
1545 3574 1810 3642 Christo
1876 3579 2212 3661 proposita

367 3683 455 3727 us.

432 3747 668 3813 Nullus
725 3749 851 3813 nisi
917 3770 1038 3832 per
1094 3749 1290 3814 fidem
1363 3749 1443 3812 ad
1502 3749 1845 3814 Christum
1912 3769 2209 3814 accessus

276 3843 454 3913 patet.

429 3921 673 3985 'Potum
718 3921 1078 3986 humanum
1123 3943 1335 4005 genus
1392 3921 1512 3986 sub
1556 3920 2015 3986 incredulitate
2056 3942 2211 3986 con-

278 4005 511 4070 clusum
561 4015 661 4071 est
704 4017 772 4070 et
816 4021 1047 4090 suapte
1089 4023 1325 4072 natura
1368 4027 1406 4070 a
1447 4005 1576 4070 fide
1621 4007 1927 4072 alienum.

655 4103 887 4175 suapte
930 4107 1165 4158 natura
1224 4105 1289 4156 et
1350 4092 1597 4158 viribus
1652 4093 1959 4159 humanis
2017 4113 2210 4158 nemo

277 4177 349 4240 ad
389 4176 731 4243 Christum
777 4178 906 4243 fide
948 4180 1253 4246 accedere
1314 4189 1557 4261 potest,
1620 4201 1695 4243 ac
1750 4180 1819 4244 in
1865 4201 1940 4245 eo
1986 4191 2051 4243 et
2093 4201 2210 4262 per

278 4284 413 4327 eum
456 4263 739 4329 salutem
782 4267 1109 4350 consequi.

431 4350 626 4416 Hanc
670 4350 753 4415 ob
797 4370 1059 4417 causam
1083 4350 1277 4416 fidem
1303 4358 1493 4415 vocat
1510 4350 1756 4415 Paulus
1793 4350 2035 4415 donum
2060 4351 2207 4415 Dei.

430 4435 651 4502 Huius
696 4436 1071 4520 largiendae
1105 4436 1370 4502 modum
1409 4439 1618 4520 aperit
1661 4438 1811 4519 quia
1856 4437 1967 4513 ait,
2012 4436 2210 4502 fidem

277 4540 347 4583 ex
388 4521 718 4588 auditione
754 4543 896 4589 esse
931 4523 1135 4588 divini
1176 4523 1510 4601 sermonis,
1556 4545 1675 4588 nec
1724 4544 1949 4588 omnes
1986 4532 2209 4587 tamen

280 4607 556 4758 {oedffie'
638 4609 812 4690 quod
892 4610 1195 4675 omnibus
1272 4631 1405 4674 non
1484 4610 1571 4673 sit
1650 4608 2013 4673 revelatum
2080 4608 2209 4673 Dei

318 4714 415 4759 rac
486 4715 615 4759 nm.

431 4780 717 4845 Tantum
774 4781 977 4864 igitur
1031 4782 1217 4847 abest
1276 4793 1351 4846 ut
1410 4782 1648 4845 nostris
1711 4780 1956 4846 viribus
2015 4780 2205 4845 fidem

280 4867 583 4942 possimus
628 4865 920 4950 adipisci,
965 4889 1094 4951 qua
1136 4867 1428 4933 oblatum
1467 4867 1812 4932 Christum
1855 4866 2209 4950 amplecta-

280 4969 446 5026 mur,
522 4963 600 5016 ut
666 4972 752 5019 ne
806 4954 932 5019 Dei
993 4953 1257 5036 quidem
1317 4971 1686 5019 sermonem
1746 4950 1999 5028 audire,
2066 4953 2208 5017 sine

276 5037 572 5114 peculiari
628 5039 770 5104 eius
809 5039 1125 5106 beneficio
1170 5061 1297 5123 quo
1343 5039 1423 5104 ad
1470 5039 1665 5104 fidem
1714 5048 2010 5117 vocetur,
2070 5039 2210 5104 cui-

280 5139 461 5200 quam
516 5125 602 5188 sit
656 5145 1053 5191 concessum.
1152 5126 1321 5190 Nam
1382 5124 1701 5208 quomodo
1758 5123 1976 5189 audiet
2033 5124 2210 5207 quis-

472 5413 531 5480 3)
568 5416 721 5473 Haec
766 5421 826 5470 in
870 5417 1005 5482 folio
1041 5434 1243 5472 mmor·
1278 5419 1651 5484 superioribus
1685 5417 2034 5486 adamatum
2066 5422 2209 5469 mant.

2326 689 2524 751 quam
2565 668 2811 752 absque
2855 669 3161 737 doctore?
3268 668 3439 751 Quis
3486 689 3639 735 vero
3698 669 3923 738 doctor
3977 692 4120 737 esse
4165 692 4281 755 po-

2328 755 2481 820 terit
2523 754 2605 820 ad
2649 753 2820 822 hanc
2862 753 3221 821 doctrinam
3260 754 3533 821 idoneus
3567 756 3696 822 nisi
3731 776 3770 820 a
3804 757 3948 823 Deo
3991 756 4276 823 missus?

2498 841 2770 919 Idcirc0,
2818 849 2894 905 ut
2935 841 3207 925 spiritus
3266 841 3474 906 sancti
3533 841 3800 907 oonsilio
3852 853 3919 908 et
3973 844 4280 928 auspiciis

2322 925 2574 992 Paulus
2617 925 2701 991 ad
2735 936 2968 1010 gentes
3003 928 3242 993 missus
3279 938 3396 1005 est,
3441 928 3536 991 ita
3569 927 3920 1010 aliquando
3955 951 4082 1012 quo
4125 952 4277 1013 pro-

2324 1012 2524 1079 ficisci
2568 1020 2889 1077 statuerat
2930 1011 3012 1078 ab
3054 1011 3282 1078 eodem
3327 1012 3696 1095 prohibitus
3741 1021 3856 1079 est.

2497 1097 2729 1181 Itaque
2772 1097 3046 1164 dubium
3090 1120 3226 1165 non
3269 1107 3369 1163 est
3412 1099 3568 1181 quin
3604 1099 3787 1163 Deus
3830 1100 4046 1182 palam
4085 1112 4280 1167 teste-

2325 1190 2436 1249 tur
2478 1206 2549 1249 se
2592 1185 2840 1250 maiore
2884 1185 3191 1268 prosequi
3236 1184 3690 1250 benevolentia
3741 1184 3887 1250 illos
3930 1206 4092 1268 quos
4136 1188 4278 1253 luce

2324 1269 2638 1354 dignatur
2702 1271 3059 1353 evangelici
3137 1270 3486 1336 ministerii
3533 1290 3726 1352 quam
3794 1270 4026 1351 quibus
4105 1273 4276 1340 hanc

2319 1354 2535 1422 lucem
2580 1377 2712 1421 non
2757 1357 2965 1421 oflert.

2495 1442 2643 1508 Hoc
2688 1463 2819 1507 uno
2864 1442 3065 1526 igitur
3109 1444 3240 1508 iam
3279 1440 3778 1526 distinguuntur
3812 1452 4075 1508 exterae
4117 1466 4277 1527 gen-

2322 1538 2423 1593 tes
2481 1548 2712 1595 omnes
2766 1529 2847 1593 ab
2911 1527 3029 1592 illo
3087 1527 3329 1611 populo
3386 1530 3498 1610 qui
3558 1527 3684 1593 Dei
3748 1549 3890 1594 esse
3951 1540 4273 1594 censetur.

2321 1613 2501 1679 Hinc
2543 1612 2707 1679 illud
2751 1625 2878 1680 est:
2961 1613 3111 1679 Non
3157 1614 3312 1678 fecit
3358 1614 3531 1678 hunc
3575 1614 3642 1678 in
3685 1613 3951 1679 modum
3997 1614 4116 1679 ulli
4158 1638 4276 1680 na-

2322 1699 2484 1764 tioni
2529 1722 2651 1766 nec
2695 1699 2934 1766 iudicia
2977 1722 3098 1766 sua
3139 1699 3586 1764 manifestavit
3630 1700 3742 1764 eis.
3815 1700 4017 1764 Item:
4064 1700 4278 1766 Notus

2321 1785 2390 1850 iu
2436 1785 2682 1852 Iudaea
2725 1785 2916 1851 Deus.
3011 1785 3102 1850 Et
3151 1796 3406 1852 caetera
3465 1786 3785 1850 eiusmodi
3844 1808 4010 1869 quae
4055 1786 4277 1852 Moses

2324 1881 2391 1935 et
2449 1871 2701 1937 Paulus
2758 1872 3138 1955 praedicant
3204 1870 3285 1935 de
3341 1870 3733 1936 Iudaeorum
3788 1874 4281 1957 praerogativis.

2497 1958 2761 2023 Interea
2805 1968 3022 2023 tamen
3066 1959 3151 2023 iis
3187 1958 3298 2040 qui
3333 1956 3454 2022 hoc
3491 1978 3620 2022 non
3666 1958 4040 2022 afficiuntur
4083 1957 4279 2024 bene-

2318 2044 2470 2109 ficio
2515 2043 2698 2110 nulla
2743 2044 3141 2127 relinquitur
3199 2044 3377 2109 iusta
3431 2040 3746 2126 querendi
3791 2063 3988 2109 causa
4030 2044 4110 2108 de
4154 2044 4277 2110 Dei

2317 2129 2579 2196 iudiciis
2597 2182 2610 2206 ,
2675 2132 2730 2195 si
2789 2129 2951 2195 alios
3008 2127 3322 2212 quosdam
3368 2128 3491 2194 hac
3536 2129 3606 2192 in
3652 2139 3838 2212 parte
3881 2130 4041 2213 ipsis
4086 2149 4275 2213 prae-

2314 2215 2461 2281 fert.
2553 2216 2721 2281 Nam
2779 2237 2865 2282 ne
2925 2216 3046 2280 hos
3090 2215 3351 2297 quidem
3409 2214 3512 2280 sui
3557 2214 3870 2298 relinquit
3914 2217 4273 2281 testimonii

2315 2311 2652 2385 expertes,
2718 2303 2895 2386 ipsos
2961 2301 3266 2367 erudiens
3333 2322 3529 2383 quum
3599 2312 3876 2366 naturae
3932 2302 4075 2385 lege
4130 2311 4273 2367 tum

2315 2388 2575 2471 publico
2632 2409 2912 2472 magnae
2972 2388 3174 2452 huius
3219 2387 3669 2453 universitatis
3712 2386 3880 2453 libro
3926 2397 3992 2453 et
4032 2409 4274 2471 magno

2318 2473 2651 2539 volumine
2671 2525 2686 2552 ,
2745 2474 2932 2540 cuius
2990 2473 3401 2539 characteres
3457 2482 3616 2537 sunt
3660 2473 4011 2539 relucentis
4053 2484 4118 2537 et
4159 2495 4278 2539 ex-

2311 2579 2587 2643 pressae
2648 2560 2776 2624 Dei
2829 2560 3135 2643 imaginis
3193 2558 3561 2633 simulacra,
3607 2579 4033 2641 quaecunque
4077 2560 4158 2625 ab
4196 2581 4275 2623 eo

2313 2644 2578 2711 condita
2617 2644 2742 2711 sub
2784 2666 3018 2711 sensus
3063 2645 3386 2710 humanos
3425 2642 3689 2709 cadunt.

2486 2731 2669 2816 Ergo
2712 2752 2794 2796 ex
2840 2730 2946 2797 his
2989 2752 3154 2813 quae
3195 2731 3514 2796 hactenus
3557 2728 3730 2796 dicta
3762 2741 3921 2794 sunt
3961 2729 4092 2793 iam
4139 2742 4277 2797 tres

2316 2814 2549 2882 modos
2593 2817 2896 2900 colligere
2955 2837 3305 2899 possumus
3365 2816 3603 2899 quibus
3647 2837 3718 2880 88
3760 2813 3945 2879 Deus
3991 2815 4274 2880 homini-

2316 2904 2442 2969 bus
2498 2903 2865 2986 patefacere
2923 2903 3115 2979 solet,
3188 2922 3464 2984 quorum
3523 2902 3799 2983 quisque
3855 2900 4054 2965 habet
4123 2921 4273 2983 pro-

2319 2991 2539 3072 prium
2605 2988 2846 3054 librum
2910 3010 3038 3071 quo
3106 2989 3295 3053 nobis
3354 3000 3423 3053 et
3480 2987 3604 3051 Dei
3663 2987 4022 3070 imaginem
4065 2988 4271 3052 oculis

2319 3076 2622 3142 subiiciat
2664 3084 2731 3141 et
2773 3073 2854 3142 de
2898 3076 3037 3141 eius
3081 3074 3418 3140 voluntate
3462 3074 3870 3140 testificetur.

2491 3163 2759 3227 Primus
2783 3162 3133 3227 intestinus
3168 3171 3285 3236 est,
3329 3162 3516 3226 cuius
3552 3160 3963 3225 characteres
3997 3171 4272 3224 naturae

2319 3250 2464 3333 lege
2509 3250 2838 3314 mentibus
2884 3248 3191 3312 humanis
3227 3246 3537 3328 insculpti
3571 3255 3744 3310 sunt.
3815 3245 3967 3322 Hic,
4015 3255 4090 3309 ut
4131 3267 4272 3310 om-

2318 3335 2515 3401 nibus
2559 3334 2922 3400 communis
2956 3344 3074 3412 est,
3116 3334 3209 3397 ita
3252 3332 3432 3398 solus
3476 3332 3721 3397 sufficit
3765 3331 3845 3396 ad
3892 3353 4038 3396 reas
4081 3351 4272 3414 pera—

2315 3421 2565 3504 gendas
2641 3422 2783 3484 sine
2841 3419 2977 3483 ulla
3045 3419 3538 3501 responsatione
3592 3429 3659 3481 et
3726 3418 4270 3498 tergiversatione

2313 3528 2536 3574 coram
2581 3507 2708 3571 Dei
2751 3504 3062 3570 tribunali
3108 3506 3402 3569 omnium
3446 3505 3893 3570 conscientias,

2492 3591 2837 3657 Secundus
2901 3599 3004 3656 est
3067 3599 3382 3656 externus
3447 3590 3558 3654 ille
3615 3596 3683 3654 et
3724 3589 4138 3672 aspectabilis
4184 3587 4267 3654 de

2313 3700 2439 3762 quo
2491 3677 2682 3742 modo
2742 3677 3161 3742 meminimus
3233 3689 3299 3740 et
3357 3676 3436 3740 dc
3502 3697 3628 3758 quo
3695 3674 3956 3739 divinus
4021 3675 4267 3757 psaltes

2313 3765 2525 3847 primo
2569 3763 2709 3829 loco
2754 3763 2862 3828 Ps.
2910 3764 3028 3827 xix
3073 3764 3512 3828 concionatur.
3603 3760 3734 3824 Hic
3778 3782 4008 3825 rursus
4056 3761 4267 3824 omni-

2312 3851 2436 3917 bus
2479 3851 2841 3914 communis
2886 3856 3003 3913 est.

2486 3938 2579 4001 At
2632 3944 2864 4000 neuter
2921 3935 3159 3999 horum
3217 3933 3477 3998 abunde
3537 3931 3915 4013 suppeditat
3969 3953 4136 4013 quae
4183 3933 4266 3995 ad

2317 4043 2542 4088 veram
2587 4023 2714 4087 Dei
2765 4022 3068 4085 notitiam
3114 4031 3179 4084 et
3222 4018 3499 4084 salutem
3545 4016 4066 4099 consequendam
4111 4028 4268 4081 sunt

2313 4109 2697 4175 necessaria.
2768 4107 3034 4171 Etenim
3080 4115 3154 4170 ut
3197 4107 3307 4170 lex
3354 4115 3628 4169 naturae
3672 4123 3913 4186 magna
3959 4123 4043 4165 ex
4078 4116 4267 4185 parte

2312 4195 2655 4261 obliterata
2699 4205 2799 4256 est
2833 4201 2901 4255 et
2935 4192 3183 4268 mutila,
3231 4193 3325 4256 ita
3359 4190 3753 4256 caecioribus
3789 4197 3945 4253 sunt
3967 4188 4265 4254 homines

2313 4281 2546 4358 oculis,
2627 4287 2690 4342 et
2763 4278 3058 4344 sensibus
3127 4277 3572 4342 hebetioribus
3638 4296 3712 4340 ac
3778 4273 4262 4358 stupidioribus,

2315 4387 2511 4450 quam
2569 4378 2643 4430 ut
2695 4385 2962 4431 cernere
3006 4363 3177 4446 quod
3223 4364 3467 4440 vident,
3528 4374 3594 4427 et
3636 4360 3806 4444 quod
3853 4362 4143 4424 sentiunt
4188 4382 4262 4424 ac

2313 4452 2584 4536 palpant
2628 4471 3013 4534 cognoscere
3058 4459 3125 4514 et
3170 4449 3537 4513 intelligere
3580 4448 3857 4512 valeant.

2487 4537 2706 4618 Quam
2749 4537 2831 4601 ob
2867 4556 3009 4600 rem
3035 4535 3283 4601 Paulus
3327 4505 3422 4599 nfi
3468 4533 3790 4600 dubitavit
3833 4542 4060 4616 gentes
4105 4530 4263 4594 alie-

2312 4646 2435 4690 nas
2480 4623 2560 4688 ab
2605 4622 2867 4688 Israelis
2915 4621 3264 4703 republica,
3325 4618 3598 4684 necdum
3641 4624 3974 4700 cooptatae
4020 4617 4086 4678 in
4133 4613 4264 4680 Dei

2311 4709 2628 4775 familiam
2673 4708 2997 4792 evangelii
3030 4708 3362 4780 beneficit),
3401 4706 3747 4772 excludere
3782 4723 3821 4766 a
3843 4703 3967 4766 Dei
4003 4701 4262 4766 foedere

2311 4816 2386 4861 ac
2429 4796 2798 4879 promissiS,
2855 4802 2921 4858 et
2963 4790 3202 4870 ἀθέους,
3260 4795 3401 4858 81118
3447 4793 3618 4868 Dee,
3678 4788 4033 4873 appellare,
4093 4788 4262 4852 nihil

2311 4891 2603 4947 moratus
2648 4879 3094 4964 philosophiae
3154 4879 3373 4944 studia
3429 4877 3661 4961 quibus
3705 4873 4024 4959 quaedam
4070 4873 4261 4939 insti-

2310 4979 2491 5032 tutae
2537 4967 2821 5030 fuerunt.

2484 5053 2653 5134 Quis
2695 5062 2912 5117 autem
2955 5052 3096 5116 iure
3140 5049 3354 5116 Deum
3414 5061 3644 5133 arguat
3687 5047 4042 5110 iniustitiae
4086 5045 4258 5129 quod

2310 5139 2624 5204 Iudaeam
2671 5146 2935 5222 gentem
2981 5159 3136 5221 prae
3180 5136 3455 5203 caeteris
3500 5132 3920 5218 amplioribus
3964 5132 4258 5229 cumula-

2314 5227 2484 5294 verit
2527 5222 2902 5290 beneficiis?
2992 5225 3175 5289 Haeo
3220 5223 3394 5287 enim
3449 5230 3713 5305 praeter
3769 5218 3914 5283 illos
3971 5217 4132 5283 duos
4175 5217 4258 5281 11-

2312 5312 2463 5377 bros
2507 5310 2698 5376 modo
2742 5315 3280 5375 commemoratos
3323 5309 3595 5372 tertium
3638 5307 3824 5370 illum
3864 5305 4130 5387 accepit,
4175 5303 4258 5367 de

2310 5419 2455 5481 quo,
2502 5397 2753 5480 psalmo
2797 5396 2988 5479 paulo
3032 5407 3183 5459 ante
3229 5396 3454 5471 citam,
3514 5392 3798 5459 secundo
3841 5391 3982 5457 loco
4024 5391 4257 5454 memi-
