4850 6200
511 430 632 494 831
2181 414 2647 483 EPLsTOLA
2692 419 2857 480 2329
4390 423 4517 486 832

515 624 646 691 ret,
704 636 774 679 se
817 612 1084 677 honoris
1129 629 1325 676 eausa
1367 607 1466 672 illi
1511 607 1708 671 fuisse
1753 606 2056 671 comites:
2117 606 2186 669 in
2231 604 2465 667 itinere
2512 608 2521 681 ζ
2568 602 2717 666 beat
2763 623 3025 666 necesse
3070 613 3189 666 est.
3279 599 3593 683 Quartus,
3622 606 3707 681 ¹⁴)
3758 627 3959 688 quum
4006 608 4275 673 minime
4322 632 4521 693 nega-

519 700 821 765 sinistros
877 718 1210 763 sermones
1251 696 1448 760 fuisse
1487 694 1760 769 habitos,
1816 702 1878 755 et
1926 712 2126 773 quum
2171 690 2250 754 ad
2299 710 2469 753 com-
2514 688 2519 747 Ξ
2571 704 2691 761 ret,
2754 689 3049 771 ignotum
3098 688 3455 767 hominem,
3513 691 3665 771 quia
3711 691 3981 756 Gallum
4024 695 4319 776 putabat,
4365 718 4405 760 a
4446 717 4519 760 se

518 806 786 851 munem
835 786 1186 849 terminum
1238 792 1504 844 ventum
1553 794 1740 855 esset,
1787 780 1893 860 qui
1942 778 2256 841 ditionem
2304 776 2468 840 Ber·
2515 794 2521 839 ι
2572 777 2743 838 iactu
2806 774 3037 855 lapidis
3096 775 3160 836 in
3224 788 3468 838 terram
3526 776 3727 840 fuisse
3780 780 4158 860 proiectum,
4182 783 4267 849 ¹⁵)
4313 803 4519 863 quum

518 890 786 936 nensem
857 876 938 933 ab
997 890 1154 945 affro
1221 880 1442 931 nostro
1497 866 1864 945 distinguit,
1932 865 2168 945 quique
2234 863 2469 944 lapidis
2516 884 2521 893 ·
2572 862 2865 943 pluribus
2912 859 3185 923 testibus
3230 862 3565 925 convictus
3600 878 3789 937 esset,
3834 864 4027 944 paulo
4062 878 4217 929 ante
4254 867 4517 945 dixisse,

521 956 694 1023 iaetu
744 982 780 1023 a
829 958 982 1021 villa
1023 954 1280 1020 I‘crrini
1326 952 1542 1027 distat,
1587 954 1770 1015 illum
1815 949 2076 1025 dixisse,
2123 960 2337 1012 tutum
2387 948 2467 1011 ad
2516 970 2521 1039 ᾗ
2572 947 2893 1011 sumenda
2934 968 3075 1010 esse
3120 967 3305 1010 arma
3347 962 3411 1009 et
3468 947 3772 1013 caedibus
3816 951 4244 1032 grassandum
4292 975 4375 1017 ne
4416 976 4519 1018 se-

521 1066 676 1109 nuas
722 1046 912 1107 aedes
957 1044 1093 1106 fore
1139 1042 1460 1122 refugium
1510 1038 1869 1111 sodalibus,
1928 1038 1981 1099 si
2041 1039 2108 1099 in
2155 1035 2314 1099 urbe
2361 1034 2470 1098 de·
2516 1044 2523 1073 ¹
2574 1046 2767 1096 natus
2811 1054 3181 1115 quenquam
3232 1032 3575 1098 Gallorum
3620 1038 3692 1097 in
3736 1038 3837 1099 ius
3880 1038 4170 1101 civitatis
4214 1038 4520 1104 admitte-

521 1128 914 1211 linquerent.
1013 1126 1306 1202 Deinde,
1373 1134 1450 1189 ut
1514 1124 1989 1189 clandestinum
2060 1132 2233 1185 esset
2295 1120 2465 1201 quod
2516 1110 2701 1195 iret,
2785 1140 2981 1202 quum
3052 1121 3394 1182 monetarii
3459 1120 3641 1185 urbis
3703 1123 3936 1202 quibus
4012 1126 4155 1203 ipse
4218 1136 4523 1207 praeerat

520 1216 693 1280 inter
734 1236 803 1279 se
851 1216 1238 1289 tractabant,
1298 1210 1426 1275 illis
1483 1210 1724 1273 silentii
1775 1207 2030 1272 dedisse
2076 1210 2340 1285 signum
2387 1228 2469 1269 ne
2518 1276 2523 1291 Ι

521 1300 956 1365 conductitiae
1023 1318 1256 1383 operae
1336 1296 1654 1361 audirent.
1765 1294 1904 1358 Iam
1987 1315 2184 1376 quum
2267 1292 2470 1355 semel

523 1392 782 1451 tantum
820 1386 900 1451 ad
925 1386 1368 1469 quaestionem
1396 1382 1655 1447 adducti
1692 1380 1958 1456 fuerint,
2005 1392 2104 1443 ter
2138 1390 2202 1441 et
2238 1394 2473 1460 quater

524 1476 796 1537 confessi
862 1486 1046 1549 sunt,
1129 1470 1280 1533 data
1359 1488 1556 1549 opera
1634 1488 1704 1530 se
1781 1466 1984 1530 fuisse
2062 1465 2469 1529 subornatos.

525 1558 813 1637 Deinde,
883 1580 1080 1642 quum
1143 1576 1364 1619 eorum
1426 1564 1656 1636 rogatu
1710 1554 1953 1617 accitus
1998 1573 2238 1628 essem,
2307 1550 2472 1614 mihi

523 1664 811 1709 seorsum
875 1656 1146 1726 uterque
1216 1641 1546 1705 confessus
1603 1648 1704 1703 est
1762 1636 2071 1721 quidquid
2133 1638 2472 1700 tormentis

525 1730 725 1795 finisse
791 1752 1171 1813 expressum
1241 1746 1414 1791 nune
1480 1726 1749 1801 dieitur,
1819 1736 1885 1787 et
1950 1722 2210 1805 quidem
2279 1724 2469 1787 ultro.

523 1816 751 1897 Neque
810 1818 982 1880 enim
1047 1834 1410 1879 sermonem
1457 1834 1534 1875 ea
1590 1811 1669 1873 de
1729 1832 1799 1875 re
1857 1810 2038 1893 prior
2092 1810 2316 1883 intuli,
2387 1830 2471 1871 ne

529 1900 787 1965 viderer
855 1902 1206 1983 quidquam
1279 1898 1446 1963 velle
1526 1896 1786 1979 obliquo
1865 1896 2140 1960 artificio
2219 1896 2469 1959 elicere.

527 1988 790 2067 Singuli
853 2008 1008 2069 ergo
1065 1985 1228 2050 mihi
1289 1991 1642 2048 narrarunt
1686 1982 1997 2066 quidquid
2045 1982 2125 2046 ab
2184 1981 2312 2045 illis
2357 2002 2470 2044 ex·

527 2086 856 2137 torserant.
899 2072 1164 2149 iudices,
1210 2087 1275 2134 et
1308 2090 1520 2133 coram
1555 2068 1698 2133 Deo
1731 2090 1955 2133 verum
2003 2066 2068 2131 id
2112 2090 2256 2131 esse
2299 2068 2473 2130 affir-

525 2172 806 2223 marunt.
897 2160 1118 2233 Porro,
1181 2158 1284 2221 ubi
1335 2154 1643 2220 viderunt
1687 2155 1810 2219 sibi
1856 2176 1999 2218 esse
2041 2153 2469 2229 moriendum,

525 2246 743 2307 nescio
778 2268 938 2327 quae
979 2244 1188 2309 rabies
1224 2264 1332 2309 eos
1369 2242 1628 2323 impulit
1662 2241 1742 2303 ad
1781 2240 2098 2323 quaedam
2140 2238 2468 2321 neganda:

530 2330 623 2393 sic
669 2338 882 2395 tamen
933 2342 1005 2393 ut
1050 2332 1116 2394 in
1167 2328 1527 2412 praecipuis
1564 2327 1883 2409 capitibus
1919 2335 2292 2391 constantes
2340 2336 2471 2388 sta-

527 2427 693 2479 rent.
786 2418 1012 2497 ltaque
1057 2438 1254 2499 quum
1305 2414 1583 2498 priorem
1630 2435 1710 2477 ex
1758 2413 2009 2477 duobus
2055 2412 2364 2475 fratribus
2394 2414 2469 2487 12)

525 2502 810 2566 viderem
881 2504 1008 2567 iarn
1077 2502 1272 2566 morti
1341 2501 1772 2583 propinquum
1843 2499 2264 2581 pervicaciter
2307 2518 2470 2560 non-

532 2586 716 2651 nulla
789 2592 1048 2665 fucare,
1124 2608 1340 2651 eoram
1417 2594 1549 2649 toto
1627 2584 1867 2668 populo
1947 2584 2169 2665 rogavi
2250 2604 2467 2647 annon

524 2672 685 2737 mihi
755 2684 1015 2757 sponte,
1081 2673 1349 2739 remotis
1411 2670 1675 2735 arbitris
1743 2692 1817 2735 ac
1883 2672 2174 2745 testibus,
2243 2670 2467 2733 eadem

525 2772 858 2825 narrasset
914 2782 1076 2843 quae
1136 2782 1214 2823 ex
1268 2758 1428 2822 actis
1497 2758 1767 2839 publicis
1827 2757 2098 2821 recitata
2158 2754 2467 2819 fuerant?

525 2844 742 2925 Quum
791 2848 1065 2911 dixisset
1109 2845 1174 2909 id
1220 2865 1363 2909 esse
1401 2864 1648 2922 verum,
1692 2844 1926 2907 iterum
1967 2842 2188 2925 rogavi
2229 2864 2313 2905 an
2353 2862 2473 2923 ego

528 2950 673 2995 eum
723 2934 1156 3017 perpulissem
1204 2930 1417 3009 minis,
1478 2932 1575 2994 vel
1639 2926 1961 2994 illecebris
2004 2924 2469 2991 adduxissem?

529 3014 893 3103 Respondit
939 3018 1102 3083 nihil
1151 3038 1291 3080 esse
1336 3016 1484 3079 tale.
1559 3014 1738 3096 Quid
1774 3036 1930 3098 ergo
1974 3014 2097 3078 hoc
2141 3013 2266 3077 sibi
2311 3012 2470 3088 vult,

524 3103 820 3187 inquam,
883 3105 1052 3188 quod
1121 3122 1299 3168 nune
1351 3101 1665 3184 quaedam
1726 3111 2024 3167 recantas
2083 3121 2278 3182 quum
2341 3098 2477 3162 sint

531 3189 824 3256 eiusdem
866 3192 1124 3275 generis
1166 3189 1431 3255 omnia?
1498 3187 1669 3252 Vide
1713 3187 1946 3271 potine,
1992 3186 2082 3250 mi
2119 3185 2472 3262 Franciscc,

527 3283 606 3340 ut
641 3285 704 3340 te
743 3299 920 3342 nunc
957 3297 1122 3360 pura
1155 3274 1551 3341 conscientia
1586 3271 1667 3338 ad
1703 3273 1980 3338 eoeleste
2016 3271 2142 3337 Dei
2182 3270 2472 3337 tribunal

527 3361 738 3428 sistas.
817 3362 1178 3437 Secundus,
1224 3363 1332 3444 qui
1376 3360 1530 3424 olim
1577 3360 1808 3424 matris
1851 3359 2068 3423 fuerat
2113 3378 2471 3441 percussor,

531 3453 670 3512 tota
715 3449 851 3514 vita
955 3449 1386 3512 erditissimus
1432 3444 1556 3510 Dei
1602 3453 2050 3529 contemptor„
2088 3445 2364 3527 paucula
2409 3452 2476 3507 et

531 3533 670 3616 ipse
737 3555 1050 3618 quaecum
1118 3533 1518 3610 retractavit,
1585 3532 1699 3596 sed
1758 3531 1969 3616 magis
2035 3530 2334 3596 incubuit
2391 3528 2474 3592 ad

527 3627 726 3685 testes
783 3621 1091 3686 conviciis
1149 3617 1545 3684 lacerandos.
1637 3617 1834 3684 Certe
1893 3639 2110 3682 coram
2171 3626 2307 3680 toto
2361 3636 2473 3697 po-

527 3706 684 3788 pulo
729 3706 1051 3780 clamavit..
1099 3705 1268 3770 hane
1313 3727 1381 3770 se
1419 3725 1498 3768 ex
1547 3705 1844 3769 scelerati
1891 3703 2142 3769 Peri-ini
2177 3702 2475 3766 sodalitio

533 3795 895 3857 mercedem
936 3795 1192 3857 referre.
1262 3791 1523 3855 Tertius
1558 3794 1642 3871 18)
1679 3789 1848 3873 quod
1887 3789 2272 3872 interposito
2309 3789 2476 3852 iure-

535 3875 813 3942 iurando
859 3878 1018 3942 mihi
1067 3887 1133 3942 et
1197 3877 1396 3942 Vireto
1439 3897 1670 3940 verum
1716 3897 1857 3940 esse
1915 3892 2145 3958 sponte
2188 3895 2475 3939 asserue-

533 3974 672 4036 rat.
755 3963 1102 4030 damnatus
1167 3963 1402 4028 falsum
1473 3970 1538 4027 et
1596 3963 1944 4027 confictum
2027 3962 2227 4026 fuisse
2290 3961 2474 4023 dixit.

533 4047 798 4115 Crimen
864 4071 1016 4114 vero
1075 4060 1218 4114 erat
1271 4046 1444 4132 quod
1503 4049 1750 4114 iudices
1804 4048 2075 4112 minime
2131 4069 2256 4128 sug
2305 4067 2477 4111 esse-

531 4147 699 4212 runt,
746 4137 856 4202 sed
907 4137 1044 4218 ipse
1089 4157 1172 4199 ex
1219 4155 1338 4200 sua
1394 4135 1653 4200 officina
1697 4134 2071 4217 protulerat.
2159 4135 2268 4196 sm
2338 4134 2477 4213 ipse

537 4217 743 4300 idem,
811 4241 975 4306 quae
1021 4243 1059 4286 a
1107 4221 1358 4287 duobus
1422 4219 1548 4284 illis
1606 4219 1919 4284 fratribus
1976 4229 2347 4284 constanter
2407 4219 2476 4280 in

535 4327 608 4372 os
651 4309 901 4374 obieeta
960 4310 1018 4372 ei
1077 4311 1351 4382 fuerant,
1411 4318 1476 4370 et
1529 4307 1762 4390 quibus
1821 4305 2188 4370 asserendis
2245 4304 2477 4386 persti-

534 4403 754 4460 terant
791 4395 870 4458 ad
899 4405 1168 4458 mortem
1209 4413 1428 4474 usque,
1469 4392 1725 4458 volebat
1763 4391 1985 4456 haberi
2022 4413 2212 4456 vana.
2282 4391 2477 4454 Certe

536 4481 588 4544 si
662 4482 876 4546 valore
943 4479 1135 4544 debet
1201 4499 1428 4544 eorum
1499 4479 1870 4542 retractatio
1936 4478 2046 4542 ubi
2115 4499 2184 4540 se
2249 4485 2476 4539 mutuo

535 4567 940 4642 confodiunt,
1003 4565 1370 4632 constantia
1424 4584 1650 4630 eorum
1706 4563 1951 4646 aliquid
2007 4561 2313 4645 ponderis
2357 4560 2473 4624 ha-

711 4941 773 4994 19
840 4943 962 4992 Pom
1003 4947 1130 4995 arcs.

719 4945 800 5078 ¹³3
842 5013 950 5062 Sim
976 5025 1102 5062 erim
1161 5010 1402 5078 memini
1457 5009 1748 5064 adscribit:
1819 5009 2071 5062 Claudius
2135 5008 2245 5061 Filt
2299 5008 2477 5060 dictus

541 5079 798 5142 Bastar-d,
850 5079 1146 5132 decollatus
1191 5076 1272 5130 27.
1315 5080 1553 5146 Augusti.
1597 5107 1652 5118 —-
1702 5077 1856 5134 Unde
1900 5077 1998 5132 hoe
2043 5093 2234 5130 nomen
2283 5077 2480 5132 habeat

541 5164 638 5198 ἠε
751 5149 884 5200 idem
918 5149 1080 5268 sepit.
1151 5147 1283 5200 Vide
1317 5163 1490 5216 stupra
1525 5155 1631 5202 aot.
1667 5148 1716 5201 4.
1779 5149 1858 5200 De
1893 5163 1953 5200 eo
1989 5147 2112 5200 vade
2150 5145 2351 5213 Galiffe
2386 5149 2418 5199 l.
2442 5147 2475 5200 1.

533 5237 576 5284 μ
645 5217 666 5267 1
707 5217 754 5268 t).
833 5215 917 5268 Dc
1003 5217 1186 5268 'ultum
1237 5227 1284 5270 et
1352 5217 1515 5270 Vir-eto·
1563 5227 1874 5282 praesentio
1925 5219 1984 5268 in
2036 5232 2252 5270 carcere
2304 5231 2350 5269 o.
2403 5215 2478 5270 N.

541 5285 696 5338 2247.
732 5283 884 5336 2250.
962 5287 1164 5346 &alufo
1197 5295 1356 5341 ettam
1395 5286 1676 5341 Farellum
1712 5287 1958 5350 adtuissc
1994 5285 2143 5354 dicu,
2187 5285 2334 5356 quod
2375 5285 2479 5339 hac

538 5371 618 5424 ep.
657 5359 782 5409 teste
817 5369 1115 5407 mem.

2576 1207 2795 1268 testati
2843 1216 3061 1268 essent
3120 1227 3189 1269 se
3248 1205 3463 1269 fallaci
3524 1220 3864 1287 praetextu
3909 1210 3991 1271 ab
4037 1231 4112 1272 eo
4154 1211 4227 1273 in
4272 1213 4519 1274 curiam

2574 1294 2773 1354 fuisse
2819 1290 3129 1355 adductos
3163 1292 3462 1372 proximo
3500 1312 3672 1357 anno
3716 1306 3791 1356 ut
3837 1295 4157 1359 tumultus
4199 1297 4267 1360 in
4294 1296 4520 1361 Fard-

2574 1378 2705 1440 lum
2751 1378 3177 1453 excitaretur,
3239 1397 3358 1441 nec
3403 1379 3484 1441 ab
3528 1400 3605 1443 eo
3652 1392 3941 1461 tempore
3985 1392 4302 1446 cessasset
4345 1404 4522 1447 nova

2577 1463 2850 1526 subinde
2897 1464 3241 1526 turbarum
3297 1463 3565 1528 consilia
3620 1465 3965 1530 fabricare:
4028 1467 4333 1532 clamavit
4376 1468 4521 1533 nul·

2576 1549 2707 1611 lam
2774 1549 2971 1612 fuisse
3035 1549 3343 1613 iniustam
3411 1552 3978 1631 conspirationem.
4092 1554 4258 1617 Mihi
4324 1555 4522 1637 paulo

2579 1648 2731 1697 ante
2789 1635 3050 1698 dixerat
3108 1657 3178 1698 se
3234 1636 3470 1699 merito
3530 1636 3613 1699 ad
3672 1652 3948 1701 mortem
4007 1640 4179 1703 trahi
4232 1643 4342 1721 qui
4386 1652 4523 1704 tam

2578 1724 2892 1785 scelerate
2952 1722 3249 1785 vixisset:
3308 1723 3440 1784 imo
3498 1744 3626 1786 non
3686 1724 3881 1788 aliam
3940 1727 4143 1790 fuisse
4199 1730 4523 1791 rationem

2576 1829 2703 1888 qua
2744 1805 2823 1870 ad
2863 1808 3379 1889 resipiscentiam
3402 1830 3554 1871 eum
3582 1810 3907 1873 Dominus
3944 1811 4309 1876 adduceret.
4378 1813 4523 1896 Ego

2579 1894 2797 1975 itaque
2840 1914 3009 1958 nova
3052 1895 3190 1957 eius
3235 1893 3639 1975 impudentia
3674 1905 4031 1961 commotus
4075 1896 4328 1980 placide
4369 1920 4523 1962 eum

2576 1979 2884 2043 admonui
2944 1989 3018 2043 ut
3062 1983 3378 2044 memoria
3434 1992 3753 2062 repeteret
3810 2002 3977 2065 quae
4032 2005 4241 2066 nuper
4293 1994 4525 2066 sponte

2577 2070 2908 2146 professus
2983 2064 3214 2129 fuerat.
3326 2066 3513 2131 Tune
3577 2069 3833 2149 excepit
3891 2069 4100 2133 multa
4176 2070 4375 2152 impie
4452 2071 4526 2135 in

2581 2153 2794 2215 Deum
2842 2162 3122 2216 tractata
3166 2152 3399 2227 fuisse,
3459 2152 3621 2217 nihil
3678 2155 3746 2217 in
3791 2155 4118 2236 publicum
4164 2157 4345 2220 urbis
4388 2166 4525 2221 sta·

2577 2252 2738 2302 tum.
2829 2237 2978 2303 Hoc
3035 2237 3234 2302 simul
3293 2237 3595 2302 omnibus
3641 2242 4041 2322 propositum
4086 2254 4245 2318 erat,
4306 2243 4526 2323 prodi-

2576 2324 2774 2386 tionis
2841 2334 2909 2386 et
2972 2322 3186 2388 laesae
3252 2326 3613 2389 maiestatis
3656 2327 3903 2391 crimen
3971 2349 4010 2391 a
4066 2350 4137 2392 se
4181 2327 4521 2411 depellere.

2594 2412 2827 2473 'serum
2889 2407 3198 2490 quidquid
3258 2409 3700 2485 obtenderent,
3769 2435 3873 2476 res
3920 2417 4059 2495 ipsa
4102 2414 4380 2477 nimium
4416 2436 4526 2479 eos

2579 2496 2867 2577 urgebat.
2963 2494 3215 2559 Deinde
3260 2514 3455 2558 nemo
3497 2518 3581 2559 ex
3624 2497 3754 2562 illis
3801 2500 3938 2575 fuit,
3986 2500 4094 2581 qui
4153 2520 4283 2564 non
4322 2501 4526 2564 maio-

2578 2603 2713 2645 rem
2782 2592 3034 2662 partem
3096 2582 3443 2645 eriminum
3498 2604 3616 2646 suo
3661 2584 3921 2647 silentio
3967 2606 4187 2649 veram
4236 2607 4376 2650 esse
4413 2608 4527 2669 ag-

2578 2668 2850 2731 noverit.
2944 2667 3044 2730 Ad
3094 2689 3296 2731 unum
3344 2670 3508 2732 forte
3554 2679 3668 2731 aut
3710 2670 3993 2733 alterum
4037 2685 4234 2754 caput
4278 2672 4528 2737 resilie-

2579 2755 2752 2831 bant,
2788 2751 2903 2817 sed
2945 2755 3036 2816 ita
3079 2764 3154 2817 ut
3197 2754 3307 2817 alii
3352 2753 3495 2818 aliis
3540 2755 3731 2819 fidem
3779 2756 4216 2822 detraherent.
4247 2760 4332 2841 ¹⁶)

2750 2840 2962 2902 Venio
3019 2861 3193 2904 nunc
3251 2839 3331 2902 ad
3395 2841 3744 2905 secundam
3802 2843 4214 2921 calumniam,
4259 2865 4424 2926 quae
4469 2847 4527 2908 si

2581 2936 2764 2988 tanto
2829 2925 3044 2989 colore
3110 2925 3328 2989 fucata
3392 2939 3564 2991 esset
3621 2949 3814 3009 quam
3864 2929 4082 2994 odiose
4126 2951 4231 2994 me
4267 2932 4526 3012 premit.

2580 3033 2712 3075 non
2750 3030 2954 3093 parva
2991 3031 3091 3074 me
3132 3032 3290 3076 cura
3325 3022 3392 3075 et
3414 3012 3746 3078 anxietate
3771 3025 4115 3098 torqueret.
4181 3014 4313 3081 Sed
4362 3016 4529 3081 bene

2580 3110 2681 3162 est
2738 3095 2908 3180 quod
2973 3096 3055 3161 ad
3123 3097 3562 3163 defensionem
3631 3101 3889 3165 abunde
3956 3101 4203 3166 valebit
4248 3104 4529 3185 simplex

2583 3184 2894 3247 historiae
2943 3186 3246 3248 narratio,
3306 3185 3567 3250 Foedus
3612 3188 3785 3251 inter
3821 3188 3983 3253 duas
4026 3190 4218 3254 urbes
4261 3190 4528 3253 nonnisi

2586 3269 2669 3334 ad
2695 3270 3063 3352 proximum
3086 3268 3525 3335 Februarium
3564 3283 3827 3354 paetum
3865 3283 3975 3339 est.
4014 3277 4091 3352 ¹⁷)
4153 3273 4285 3340 Sed
4327 3296 4528 3357 quum

2576 3358 2782 3420 nostri
2823 3357 3124 3420 renovari
3168 3371 3498 3439 cuperent,
3546 3359 3798 3440 pridem
3828 3364 3910 3438 ¹⁸)
3955 3381 4032 3424 ea
4068 3361 4147 3425 de
4172 3383 4242 3426 re
4280 3362 4527 3445 legatos

2580 3461 2734 3506 suos
2784 3443 3068 3506 Bernam
3116 3442 3453 3507 miserunt.
3546 3445 3961 3527 Responsum
4017 3448 4159 3525 fuit,
4219 3448 4380 3512 satis
4444 3446 4528 3512 ad

2580 3527 3072 3592 deliberandum
3130 3527 3342 3594 adhuc
3400 3551 3541 3594 esse
3601 3533 3927 3614 temporis.
4010 3532 4380 3611 Caeterum,
4441 3555 4527 3599 ne

2581 3614 2909 3678 Bernates
2975 3636 3160 3678 suam
3230 3616 3583 3680 amicitiam
3643 3618 3879 3701 frigide
3938 3622 4156 3702 appeti
4200 3629 4527 3703 putarent,

2580 3702 2817 3764 iterum
2879 3711 2946 3764 et
3003 3701 3195 3764 tertio
3250 3702 3517 3766 fuerunt
3574 3725 3612 3766 a
3675 3704 3912 3768 nostris
3951 3707 4179 3788 rogati,
4216 3707 4348 3770 imo
4393 3715 4528 3770 toto

2582 3787 2711 3850 iam
2759 3788 3152 3867 sesquianno
3197 3789 3403 3851 nostri
3428 3796 3722 3873 satagere
3768 3810 3902 3854 non
3934 3790 4245 3855 desinunt
4288 3801 4355 3855 et
4388 3812 4527 3856 cre-

2584 3873 2715 3937 bris
2739 3873 3172 3956 legationibus
3218 3881 3282 3936 et
3321 3872 3523 3939 literis
3557 3876 3939 3960 suppliciter
3960 3888 4213 3942 certum
4257 3898 4527 3960 respon-

2581 3981 2723 4024 sum
2771 3968 3012 4041 petere.
3074 3960 3185 4022 An
3230 3959 3309 4023 de
3334 3960 3664 4025 industria
3706 3973 4072 4027 extractum
4120 3965 4317 4028 fuerit
4360 3975 4527 4027 tem-

2579 4066 2708 4127 pus
2764 4046 2845 4108 ab
2895 4045 3103 4108 altera
3162 4059 3364 4127 parte,
3405 4049 3637 4111 nescio,
3734 4049 3930 4112 Certe
3988 4049 4213 4113 eadem
4270 4070 4530 4133 semper

2582 4130 2860 4195 obducta
2917 4131 3044 4194 fuit
3103 4133 3468 4206 excusatio,
3528 4134 3673 4198 aliis
3738 4134 4019 4216 negotiis
4086 4145 4389 4200 senatum
4432 4135 4527 4200 di·

2582 4218 2838 4300 stringi.
2920 4215 3212 4280 Tandem
3251 4217 3485 4282 allatae
3542 4220 3810 4284 fuerunt
3854 4221 4097 4298 literae,
4134 4220 4304 4286 velle
4339 4241 4528 4287 sena-

2582 4317 2723 4366 tum
2778 4303 3181 4367 Beruensem
3242 4304 3408 4369 scire
3452 4307 3683 4387 quibus
3739 4307 3992 4389 legibus
4036 4308 4246 4371 nostri
4292 4308 4533 4391 pacisci

2583 4389 2850 4452 vellent.
2922 4387 3082 4453 Sine
3126 4410 3312 4453 mora
3349 4393 3763 4472 respondent,
3810 4415 3879 4457 se
3912 4393 4276 4476 perieulum
4312 4395 4531 4459 vereri

2584 4497 2683 4552 ne,
2731 4475 2787 4538 si
2832 4474 2988 4555 quid
3036 4487 3346 4554 mutetur,
3392 4475 3459 4539 id
3504 4478 3733 4542 multis
3768 4480 4231 4546 controversiis
4265 4482 4532 4544 ianuam

2582 4561 2964 4643 patefaciat,
3031 4560 3304 4645 ideoque
3360 4582 3429 4626 se
3493 4562 3774 4628 libenter
3837 4566 3909 4629 in
3972 4567 4185 4631 veteri
4248 4567 4534 4631 formula

2753 4801 2849 4866 14)
2888 4799 3218 4854 Bertelerius
3270 4804 3605 4855 monetarius
3656 4820 3706 4857 a.
3760 4804 3812 4858 d.
3862 4804 3986 4858 111.
4039 4807 4126 4859 101.
4179 4803 4323 4873 Sept.
4378 4807 4532 4861 dam-

2578 4874 2760 4924 natus.

2757 4937 2845 5005 15)
2890 4938 2994 4991 Hic
3039 4938 3284 4991 substent
3328 4940 3606 5007 exemplar
3653 4940 3968 5008 Turieense,
4017 4943 4228 5013 reliqua
4267 4942 4534 4998 Simlems

2580 5025 2647 5062 ex
2688 5007 2813 5058 (od.
2854 5007 3127 5060 Rernenm·
3158 5007 3458 5074 descripsit.

2754 5076 2844 5142 16)
2886 5078 3178 5145 Hucusque
3214 5077 3423 5144 llenry.

2755 5146 2846 5212 17)
2887 5146 3104 5199 Rucliac
3142 5145 3240 5197 VI.
3279 5144 3379 5197 183
3416 5153 3661 5199 octavum
3696 5150 3895 5200 mamis
3927 5149 4153 5201 indicat.

2758 5215 2844 5282 18)
2888 5215 3010 5269 Sct‘l.
3066 5214 3194 5266 mdc
3248 5231 3298 5266 a.
3354 5233 3421 5266 m.
3472 5217 3720 5280 Auqusto
3774 5215 3924 5269 1554.
4004 5219 4133 5286 Περ.
4189 5217 4266 5271 du
4316 5217 4536 5282 Con-teil

2580 5284 2627 5337 5.
2672 5285 2842 5338 Mart.
2878 5284 2962 5336 25.
3004 5284 3176 5336 ssiat-t.
3214 5281 3299 5338 27.
3330 5285 3465 5337 Mai.
3503 5284 3585 5336 18.
3624 5284 3839 5338 Iun..4.
3884 5284 3960 5338 13.
4000 5285 4080 5340 16.
4117 5286 4259 5354 Any.
4298 5286 4347 5341 7.
4388 5287 4529 5342 Noe.

2578 5354 2830 5420 (Ructat
2868 5353 2956 5406 VI.
2998 5352 3110 5406 131.
3150 5349 3266 5404 182.
3305 5353 3462 5407 Hess.
3500 5354 3570 5408 11.
3608 5353 3730 5406 257.
3769 5355 4052 5411 Hundesh.
4085 5354 4227 5422 299.)
