4850 6200
530 486 613 547 27
1989 473 2509 545 EPISTOLAE
2563 480 2725 540 1907
2739 478 3035 543 b—1907
3053 497 3091 543 0
4446 486 4527 544 28

1418 663 1661 734 lomb.

638 821 1120 891 BOLSEOUS
1166 818 1650 888 MINIS'PRIS
1699 817 2369 885 BERNENSIBUS.

708 996 1079 1077 Perstrinyit
1141 993 1595 1058 Genevensium
1660 992 2023 1057 sementiam
2086 992 2163 1056 de
2226 994 2482 1056 aeterna

516 1082 1087 1166 praedestinatione
1130 1085 1186 1143 et
1228 1100 1415 1145 suam
1456 1077 1843 1145 contrariam
1884 1077 2177 1142 vindieat.

532 1257 775 1324 (Apogra
815 1253 919 1306 hon
978 1260 1289 1305 asservatur
1342 1252 1398 1303 in
1442 1249 1779 1303 Bibliotheca
1828 1249 2085 1302 Beruensi
2132 1247 2301 1299 civica
2347 1244 2479 1299 Cod.

532 1324 658 1377 hist.
712 1324 778 1375 he
804 1338 849 1375 v.
905 1320 1004 1374 111.
1065 1320 1159 1383 34,
1214 1320 1307 1373 fol.
1358 1316 1479 1371 209.
1563 1318 1823 1371 Simlerus
1882 1316 2167 1385 descripsit
2212 1314 2338 1369 Vol.
2389 1312 2476 1366 81.

1109 1389 1447 1443 Trechselius
1481 1387 1647 1440 habet
1678 1387 1721 1441 1.
1756 1385 1899 1447 283.)

698 1560 984 1626 Causam
1030 1566 1223 1624 natae
1269 1558 1691 1624 dissensionis
1747 1559 1920 1621 inter
1964 1557 2296 1620 ministros
2342 1554 2477 1619 Ge-

528 1667 849 1713 nevenses
893 1655 959 1710 et
1001 1666 1124 1723 me,
1172 1665 1363 1729 quam
1412 1666 1495 1708 ex
1538 1664 1686 1709 mea
1720 1642 2122 1708 confessione
2166 1649 2232 1704 et
2275 1641 2476 1723 scrip-

527 1742 681 1798 tura
723 1733 989 1817 propria
1032 1730 1271 1814 exponi
1317 1729 1501 1796 vobis
1547 1729 1909 1813 postulatis,
1955 1736 2173 1810 patres
2217 1746 2291 1792 80
2344 1724 2476 1791 fra-

528 1827 667 1883 tres
721 1820 790 1882 in
836 1817 1104 1883 Christo
1162 1813 1545 1887 venerandi.
1606 1816 1730 1880 hoc
1776 1816 2019 1896 scripto
2064 1813 2398 1896 patefacio,
2426 1812 2478 1895 ¹)

704 1992 1028 2055 Asserunt
1103 2010 1178 2054 ac
1255 1986 1614 2052 defendunt
1683 1986 1965 2051 ministri
2034 1985 2475 2059 Genevenses,

528 2074 749 2141 Deum
788 2075 1068 2141 voluisse
1114 2098 1188 2141 ac
1233 2075 1299 2139 in
1338 2095 1458 2139 suo
1502 2083 1765 2138 aeterno
1800 2072 2071 2137 consilio
2115 2070 2478 2135 decrevisse

528 2172 605 2226 ut
654 2161 865 2227 Adam
924 2169 1245 2243 peccaret,
1304 2181 1547 2241 suoque
1603 2166 1866 2241 peccato
1931 2158 2224 2229 inficeret
2268 2176 2477 2239 genus

530 2248 922 2313 humanum:
992 2256 1065 2311 ut
1130 2245 1395 2329 quidam
1461 2260 1541 2309 ex
1622 2266 1698 2308 eo
1762 2252 1987 2326 postea
2049 2250 2480 2307 nascerentur

527 2334 725 2399 morti
781 2333 1032 2411 devoti,
1096 2333 1209 2415 qui
1269 2351 1389 2397 sua
1444 2340 1656 2395 morte
1700 2351 1941 2395 nomen
1985 2329 2110 2393 Dei
2156 2327 2478 2410 glorifica·

528 2430 697 2484 rent.

1285 2538 1413 2603 His
1456 2536 1712 2602 obiicio:

702 2661 916 2724 Deum
961 2679 1082 2724 nec
1127 2670 1420 2724 autorem
1466 2658 1708 2740 peccati
1749 2678 1907 2733 esse,
1955 2677 2072 2720 nec
2118 2655 2286 2720 velle
2329 2676 2477 2737 pec-

527 2762 673 2812 cata
716 2746 883 2823 fieri,
948 2754 1111 2811 teste
1170 2745 1405 2827 spiritu
1465 2752 1690 2809 sancto
1736 2743 1977 2808 Psalm.
2027 2748 2084 2817 5,
2132 2742 2478 2824 ipsumque

527 2831 1042 2914 simplicissimae
1087 2853 1162 2897 ac
1208 2830 1711 2912 perfectissimae
1765 2849 1907 2894 esse
1952 2836 2246 2905 naturae,
2294 2829 2479 2893 cuius

524 2919 907 3001 perfectioni
951 2916 1116 2980 nihil
1153 2928 1253 2980 est
1299 2928 1432 2980 tam
1476 2916 1875 2980 contrarium
1915 2933 2109 2995 quam
2145 2913 2317 2977 velle
2362 2921 2480 2976 aut

526 3004 875 3069 decernere
918 3008 1183 3086 peccata
1239 3002 1397 3065 fieri.
1488 3001 1656 3065 Boni
1704 3010 1925 3064 tamen
1970 2997 2095 3062 Dei
2142 3000 2476 3080 proprium

526 3112 670 3154 esse
726 3111 805 3152 ex
867 3089 1153 3172 peccatis
1212 3087 1552 3152 hominum
1608 3094 1675 3150 et
1718 3085 1890 3150 malo
1933 3083 2177 3150 bonum
2221 3083 2476 3162 elicere,

526 3177 841 3239 nimirum
885 3196 1071 3240 suam
1114 3173 1410 3257 gloriam.

828 3311 1124 3377 Assertio
1168 3312 1619 3376 ministrorum
1664 3309 2171 3374 Genevensium.

698 3432 884 3496 Deus
926 3451 1058 3496 11011
1102 3432 1246 3514 pari
1304 3428 1671 3495 conditione
1715 3450 1940 3494 omncs
1981 3427 2280 3493 homines
2319 3449 2476 3494 con-

527 3515 707 3595 didit,
764 3516 878 3582 sed
924 3516 1044 3583 hos
1087 3517 1169 3581 ad
1216 3517 1438 3593 vitam,
1478 3515 1623 3580 illos
1670 3513 1752 3580 ad
1788 3523 2098 3580 mortem:
2163 3515 2475 3599 primam·

525 3624 651 3686 que
694 3622 769 3670 ac
806 3603 1208 3685 potissimam
1247 3622 1446 3685 quum
1484 3601 1658 3666 vitae
1694 3608 1834 3665 tum
1872 3601 2099 3664 mortis
2136 3601 2473 3666 hominum

523 3710 791 3755 causam
837 3710 977 3754 esse
1024 3688 1151 3754 Dei
1197 3688 1529 3753 decretum
1576 3685 1998 3752 immutabile.

1341 3839 1657 3907 Obiectio.

698 3961 880 4028 Deus
923 3963 1067 4045 pari
1110 3962 1480 4029 conditione
1524 3983 1748 4028 omnes
1804 3960 2124 4042 condidit,
2184 3971 2259 4026 ut
2300 3962 2474 4028 soili-

523 4059 630 4115 cet
671 4069 1006 4113 summum
1050 4049 1293 4114 bonum
1339 4048 1804 4133 intelligerent,
1850 4047 2282 4133 intelligendo
2328 4047 2475 4112 dili-

520 4141 774 4219 gerent,
821 4132 1154 4219 diligendo
1198 4134 1631 4200 adhaererent
1683 4145 1877 4218 atque
1920 4133 2126 4217 ipsius
2167 4133 2475 4200 felicitate

520 4230 837 4304 perpetuo
876 4220 1272 4298 fruerentur,
1319 4221 1696 4304 Augustino
1742 4229 1925 4286 teste.

820 4359 1115 4422 Assertio
1162 4359 1610 4423 ministrorum
1659 4358 2174 4424 Genevensium.

696 4479 877 4544 Deus
919 4478 1087 4543 nihil
1175 4478 1413 4544 raescit
1453 4478 1746 4544 futurum
1782 4478 1909 4544 nisi
1943 4487 2264 4562 quatenus
2305 4474 2473 4542 illud

520 4565 810 4632 decrevit
852 4564 1013 4629 fieri.
1079 4561 1140 4629 O
1218 4563 1344 4629 hoc
1387 4583 1518 4629 non
1556 4564 1931 4630 dubitamus
1966 4584 2254 4630 asserere
2297 4560 2474 4646 quod

521 4650 617 4715 ait
658 4650 1094 4730 Augustinus,
1144 4649 1546 4716 voluntatem
1589 4650 1835 4717 scilicet
1880 4651 2004 4715 Dei
2061 4669 2204 4715 esse
2247 4670 2471 4715 neces-

518 4736 785 4802 sitatem
827 4737 1121 4802 omnium
1163 4757 1327 4819 quae
1367 4738 1552 4802 fiunt.

522 4893 733 4902 ——o---

521 4992 748 5048 novt.
786 4994 1007 5115 uffae
1045 4999 1277 5063 tempore
1308 4995 1692 5048 concinnatum
1730 4994 1801 5047 sit
1834 5006 1947 5045 non
1982 4994 2207 5045 constat.
2278 4986 2468 5041 ΤηοῙι·

516 5063 690 5117 solea
725 5063 775 5116 1.
818 5065 840 5114 1
948 5079 1027 5145 sq.
1066 5069 1227 5118 autor
1270 5068 1374 5126 est,
1418 5062 1699 5117 Bel-§ecum
1743 5060 2005 5129 Angelum
2051 5065 2102 5113 et
2136 5055 2468 5111 Zebedaemn

519 5145 590 5185 ar
627 5131 846 5187 Calvisii
888 5136 1108 5200 sermm
1148 5136 1360 5202 (nempe
1390 5148 1459 5186 σε
1491 5133 1632 5188 libro
1665 5132 1735 5186 de
1766 5136 1992 5184 mma
2026 5126 2138 5181 De·
2170 5124 2470 5246 praedes&

518 5203 770 5266 Μ)
807 5203 1073 5271 munda·-
1186 5201 1518 5269 opum-‘om
1567 5200 1900 5268 eaeor-poiseo
1941 5212 2079 5278 quas
2125 5208 2384 5248 erroneas
2439 5261 2450 5273 .

515 5268 699 5336 falsus
743 5285 857 5324 esse
891 5287 994 5340 per
1223 5277 1259 5326 t.
1333 5270 1566 5324 Senatu
1610 5284 1703 5323 eos
1757 5266 1834 5322 ad
1875 5266 2159 5320 mansuros
2201 5262 2470 5343 abbone-tt

610 5337 1047 5395 'detained'
1148 5341 1514 5407 ureret-rent.
1588 5330 2467 5401 Sicformmflaumrelauo

610 5406 667 5463 d.
701 5406 788 5463 24.
828 5410 949 5464 Ian.
988 5355 1145 5464 1335u
1158 5410 1257 5465 hoc
1291 5409 1663 5463 documentum
1700 5403 1866 5459 simul
1895 5401 2131 5469 respicit.

3402 665 3713 735 Obiectio.

2751 783 2938 852 Deus
2990 788 3211 853 futura
3269 800 3534 870 peccata
3589 788 3809 854 omnia
3862 790 4159 872 praescit,
4219 812 4386 875 quae
4432 802 4530 857 ta—

2579 890 2734 934 men
2782 892 2916 936 non
2962 873 3254 939 decrevit
3292 883 3406 938 aut
3448 873 3658 959 voluit
3713 874 3858 940 fieri
3901 896 4051 955 nec,
4110 884 4190 942 ut
4245 878 4316 941 in
4362 878 4528 944 Hie-

2579 956 2790 1021 remia
2840 966 2967 1037 est,
3022 956 3458 1026 ascenderunt
3515 960 3588 1024 in
3645 981 3756 1026 cor
3812 961 3958 1026 Dei.
4047 961 4244 1029 Falso
4306 972 4529 1029 autem

2580 1041 2978 1108 adscribitur
3012 1045 3385 1129 Augustino
3420 1043 3849 1128 paradoxum,
3893 1053 3970 1112 ut
4010 1047 4289 1132 ipsemet
4329 1049 4403 1113 in
4447 1049 4529 1115 li-

2578 1127 2695 1193 bro
2738 1128 3267 1228 Ilesponsionum
3325 1130 3405 1195 ad
3452 1130 3760 1198 articulos
3812 1132 3938 1199 sihi
3991 1132 4155 1199 falso
4195 1135 4530 1218 impositos

2579 1223 2842 1279 exserit.

2875 1355 3170 1417 Assertio
3214 1353 3663 1419 ministrorum
3706 1355 4215 1421 Genevensium.

2749 1471 3133 1539 Ridiculum
3169 1482 3271 1538 est
3304 1473 3548 1540 dicere:
3597 1474 3810 1540 Deum
3854 1475 4100 1558 aliquid
4143 1478 4527 1560 permittere

2579 1560 2705 1624 nisi
2750 1558 2921 1642 quod
2967 1558 3255 1624 decrevit
3297 1560 3458 1625 fieri.
4042 1595 4047 1600 -

3392 1695 3707 1763 Obiectio.

2751 1817 2933 1882 Deus
2979 1837 3098 1899 pro
3142 1839 3262 1882 sua
3307 1816 3657 1882 tolerantia
3694 1817 4064 1884 dissimulat
4106 1828 4174 1884 et
4219 1819 4344 1883 fert
4385 1840 4532 1903 per·

2579 1903 2788 1968 multa
2830 1924 2995 1985 quae
3052 1902 3365 1969 adversus
3422 1905 3625 1986 ipsius
3683 1906 3936 1969 iussum
3994 1926 4069 1971 ac
4127 1904 4531 1971 voluntatem

2581 1990 2777 2054 fiunt:
2839 1987 3133 2054 libellum
3190 1987 3476 2072 repudii,
3549 1989 4087 2074 ingratitudinem
4148 1990 4531 2057 Israhelita-

2579 2096 2730 2139 rum
2748 2126 2762 2151 ‚
2822 2075 3198 2139 neomenias
3256 2096 3527 2158 quoque,
3574 2074 3898 2141 Calendas
3957 2085 4024 2141 et
4077 2076 4532 2143 solemnitates

2579 2156 3053 2236 Hebraeorum,
3100 2160 3377 2242 denique
3420 2172 3686 2244 peccata
3730 2161 3975 2227 omnia:
4035 2183 4166 2227 non
4224 2162 4392 2247 quod
4452 2185 4534 2228 ea

2580 2247 2740 2311 velit
2783 2257 2897 2310 aut
2940 2246 3300 2311 decreverit
3345 2247 3504 2325 fieri,
3553 2245 3663 2312 sed
3709 2269 3836 2329 qua
3871 2255 3973 2312 est
4015 2248 4530 2332 longanimitate,

2579 2331 2751 2415 quod
2815 2344 3182 2415 peccatores
3241 2333 3476 2396 invitet
3532 2354 3605 2398 80
3662 2341 3997 2415 exspectet
4054 2332 4136 2399 ad
4190 2335 4530 2419 poeniten-

2580 2418 2759 2497 tiam,
2805 2418 3013 2482 Paulo
3058 2438 3133 2484 ac
3175 2418 3376 2484 Petro
3421 2419 3710 2483 testibus.

2883 2555 3178 2619 Assertio
3225 2555 3668 2619 ministrorum
3717 2555 4227 2621 Genevensium.

2753 2676 2937 2739 Deus
2984 2695 3097 2757 pro
3143 2695 3260 2739 suo
3326 2673 3512 2738 libito
3571 2688 3636 2739 et
3692 2683 3857 2740 nutu
3900 2674 4020 2740 hos
4064 2676 4248 2760 eligit
4291 2677 4372 2741 ab
4420 2698 4532 2741 ae-

2582 2770 2768 2826 terno
2813 2758 2895 2824 ad
2939 2761 3159 2839 vitam,
3218 2760 3366 2825 illos
3409 2760 3493 2824 ad
3536 2770 3812 2825 mortem
3855 2763 4179 2845 reprobat,
4224 2762 4531 2844 vitaeque

2579 2847 2844 2912 illorum
2889 2858 2956 2910 et
2996 2845 3233 2911 horum
3275 2847 3507 2910 mortis
3561 2847 3876 2929 primaria
3918 2869 3993 2914 ac
4041 2855 4291 2914 remota
4332 2868 4534 2914 causa

2582 2942 2680 2999 est
2730 2930 2864 2997 Dei
2917 2932 3225 2997 voluntas
3274 2940 3541 2997 aeterna
3589 2944 3651 2996 et
3711 2931 4119 2998 immutabile
4176 2933 4528 3009 decretum,

2582 3039 2951 3103 quanquam
3011 3026 3348 3102 peccatum
3408 3026 3597 3101 atque
3660 3022 4133 3086 contumaciam
4174 3020 4531 3103 impiorum

2579 3107 2875 3190 ipsorum
2931 3102 3315 3188 perditionis
3372 3125 3635 3170 causam
3708 3103 3922 3170 dicere
3979 3127 4320 3189 possumus
4339 3159 4353 3184 ,
4409 3106 4530 3172 sed

2580 3191 3032 3257 secundariam
3077 3200 3144 3255 et
3185 3192 3631 3273 propinquam.

3398 3327 3708 3393 Obiectio.

2753 3446 3082 3526 Crudum,
3159 3468 3278 3511 nec
3343 3448 3469 3512 Dei
3537 3447 3732 3513 verbo
3797 3455 4302 3514 consentaneum
4385 3470 4529 3514 esse

2580 3534 2750 3617 quod
2795 3535 2980 3597 aiunt
3022 3533 3308 3597 ministri
3353 3532 3795 3600 Genevcnses.
3885 3533 4057 3598 Nam
4101 3534 4312 3599 Paulo
4356 3543 4530 3600 teste

2577 3618 2660 3684 ad
2717 3619 2961 3703 Ephes.
3031 3624 3052 3681 l
3121 3638 3279 3702 cap„
3337 3618 3639 3704 eligimur
3694 3640 3732 3683 a
3787 3620 3930 3685 Deo
3989 3619 4070 3683 ab
4129 3627 4394 3685 aeterno
4451 3621 4530 3685 in

2580 3704 2876 3784 Christo,
2926 3727 3041 3790 per
3100 3703 3438 3770 Christum
3494 3714 3561 3770 et
3617 3713 3884 3788 propter
3941 3702 4300 3770 Christum.
4390 3704 4530 3770 Re-

2625 3792 2937 3858 robantur
3017 3811 3171 3856 vero
3249 3790 3434 3874 impii
3510 3798 3778 3873 propter
3851 3789 4377 3857 incredulitatem
4459 3798 4530 3855 et

2575 3814 2825 3944 ghristi
2867 3876 3428 3958 contemptionem.
3520 3874 3712 3957 Quod
3757 3876 3927 3941 idem
3973 3876 4226 3942 Paulus
4269 3874 4352 3941 ad
4387 3876 4529 3941 Ro-

2578 3985 2805 4029 manos
2842 3963 3051 4027 docet:
3100 3962 3339 4028 electas
3372 3982 3516 4028 esse
3551 3970 3781 4046 gentes
3815 3969 4082 4046 propter
4114 3960 4331 4040 fidem,
4369 3982 4530 4027 con-

2577 4058 2682 4113 tra
2724 4049 3103 4132 reprobatos
3148 4070 3290 4114 esse
3334 4045 3609 4113 Iudaeos
3663 4057 3932 4131 propter
3973 4046 4526 4114 incredulitatem.

2576 4135 2878 4218 Denique
2922 4133 3152 4199 salutis
3195 4134 3549 4199 electorum
3593 4152 3857 4199 causam
3902 4133 4166 4199 unicam
4205 4154 4346 4198 esse
4390 4130 4528 4197 Dei

2575 4219 3097 4285 benevolentiam
3163 4227 3230 4284 et
3291 4215 3803 4284 misericordiam
3822 4270 3837 4298 ,
3911 4217 4297 4303 perditionis
4363 4239 4526 4283 vero

2573 4306 2923 4388 impiorum
2981 4305 3187 4370 solam
3241 4324 3504 4369 causam
3559 4305 3850 4387 assignat
3891 4304 4214 4387 scriptura
4257 4305 4322 4368 in
4369 4324 4532 4386 pro-

2574 4392 2776 4475 pheta
2817 4390 3065 4455 Hosea:
3133 4388 3424 4454 Perditio
3482 4396 3600 4453 tua
3641 4388 3926 4467 Israhel,
3985 4398 4241 4456 tantum
4285 4407 4370 4453 ex
4413 4409 4530 4454 1110

2576 4476 2894 4542 auxilium
2951 4483 3156 4540 tuum.
3257 4475 3464 4539 Porro
3481 4524 3496 4552 ,
3552 4475 3782 4557 spiritu
3840 4481 4064 4541 sancto
4109 4485 4349 4554 autore,
4396 4476 4520 4557 qui

2573 4583 2706 4627 non
2750 4562 3100 4644 acquiescit
3152 4580 3314 4644 puro
3358 4560 3486 4624 Dei
3531 4561 3726 4625 verbo
3779 4569 3843 4625 et
3897 4559 4262 4626 manifestis
4304 4561 4521 4643 scrip-

2574 4657 2764 4713 turae
2808 4645 3166 4724 sententiis,
3209 4645 3267 4709 is
3310 4643 3628 4727 superbus
3670 4651 3770 4711 est
3810 4656 3874 4711 et
3917 4646 4162 4712 inscius
4204 4647 4400 4720 etc.‘²)

2742 4817 2824 4881 In
2954 4837 3106 4880 nere
3150 4816 3309 4880 haec
3351 4825 3509 4880 sunt
3551 4836 3718 4898 quae
3773 4813 4116 4881 dissidium
4172 4817 4342 4882 inter
4385 4819 4518 4880 mi-

2571 4902 2815 4969 nistros
2933 4921 3288 4966 enevcnses
3347 4912 3413 4966 et
3469 4923 3570 4965 me
3628 4908 4034 4984 pepererunt.
4133 4902 4217 4967 In
4274 4902 4517 4985 quibus

2570 4987 2627 5053 si
2666 4987 2822 5071 quid
2866 5006 2907 5050 a
2949 5007 3051 5051 1110
3095 5006 3435 5069 perperam
3476 4985 3882 5052 intellectum
3928 4994 4041 5050 aut
4075 4987 4317 5055 dictum
4353 5009 4516 5055 con-

2775 5261 2836 5326 2)
2875 5259 2982 5311 Hic
3035 5257 3097 5309 in
3147 5258 3444 5325 exemplari
3490 5257 3762 5312 Bet-nemi
3808 5260 3973 5313 verba
4014 5257 4281 5328 quaedam
4332 5259 4514 5318 deleta

2569 5335 2727 5383 eunt.-
2760 5328 2932 5382 Multa
2967 5325 3090 5377 addi
3127 5331 3351 5393 possent
3383 5327 3719 5395 potissimum
3756 5326 3896 5396 quod
3935 5327 4050 5379 Deo
4085 5332 4274 5382 autore
4310 5344 4372 5382 ac
4407 5333 4512 5383 im-

2570 5398 2788 5466 pulsore
2823 5436 2837 5450 .
2876 5431 2888 5446 .
2926 5435 2939 5447 .
2976 5433 2990 5446 .
