4850 6200
365 440 476 505 w

365 627 1294 711 (ιιιιιιαμριοοοιιιοιι.
1358 627 1465 685 404
1557 624 1834 685 roim.
1901 627 2304 685 massm-

1045 696 1335 752 ιοιιιιοιιιοι
1368 715 1423 768 p.
1461 670 1606 763 101.)

523 867 791 933 Eximio
845 868 1097 935 Christi
1156 889 1349 935 servo
1407 878 1476 935 et
1540 870 1711 953 patri
1779 868 1944 934 mihi
1999 869 2304 954 inprimis

364 951 764 1019 observando
808 954 892 1020 D.
939 955 1167 1020 loanni
1212 953 1511 1022 Calvino.

1800 1056 2131 1124 Genevac.

527 1226 599 1292 Β.
645 1237 713 1293 et
754 1247 982 1312 pacem
1029 1249 1070 1293 a
1113 1229 1414 1295 Domino.

527 1310 704 1395 Quid
747 1313 935 1381 nobis
978 1315 1064 1381 sit
1106 1314 1533 1382 constitutum
1579 1320 1743 1398 puto
1782 1324 1849 1380 te
1904 1313 2306 1380 intellexisse

364 1420 436 1464 ex
499 1397 702 1465 Vireti
744 1402 954 1465 nostri
1001 1400 1227 1466 literis.
1256 1400 1309 1484 ¹)
1396 1399 1684 1466 Tantum
1730 1420 1963 1467 vereor
2003 1419 2108 1477 ne,
2194 1400 2307 1465 uia

361 1485 583 1552 classis
624 1494 851 1551 nostra
891 1488 961 1551 in
1007 1487 1139 1551 tria
1182 1486 1510 1570 colloquia
1572 1483 1925 1552 distributa
1965 1496 2084 1565 est,
2191 1506 2305 1550 um

360 1570 837 1656 subsignsndae
921 1571 1152 1638 literae
1241 1571 1651 1657 singulorum
1737 1571 2011 1637 fratrum
2102 1591 2303 1637 manu

354 1655 529 1722 ultro
580 1658 870 1741 citroque
940 1657 1329 1735 mittuntur,
1404 1666 1662 1741 tempus
1734 1658 1921 1724 nobis
1986 1656 2300 1723 elabatur.

357 1742 618 1828 Urgebo
660 1743 863 1828 igitur
882 1753 1204 1827 quantum
1332 1752 1472 1809 tero
1496 1754 1563 1809 et
1599 1743 1942 1809 literarum
1965 1764 2153 1809 exem
2199 1740 2303 1808 lar

358 1826 434 1928 ad
489 1837 556 1895 te
608 1830 886 1895 mittam
908 1830 967 1910 2)
1065 1826 1214 1911 Quo
1315 1828 1397 1895 de
1440 1827 1742 1895 Zebedaei
1797 1830 2104 1896 concione
2199 1848 2304 1894 re-

357 1914 621 1982 vissime
663 1916 997 2017 scripsisti,
1043 1916 1197 2000 quia
1236 1935 1371 1980 non
1393 1915 1725 2000 potuimus
1769 1915 2156 2000 intelligere,
2199 1913 2304 1980 fac

359 2013 427 2066 ιιι
471 2001 796 2085 copiosius
838 2001 1053 2085 primo
1097 2021 1354 2085 quoque
1399 2010 1690 2085 tempore
1746 2000 1934 2067 nobis
1990 2018 2304 2085 exponas.

353 2086 559 2171 Cupio
603 2087 799 2153 etiam
822 2087 989 2153 scire
1071 2088 1169 2153 uis
1212 2087 1413 2152 fuerit
1453 2088 1594 2152 eius
1615 2088 2051 2154 contentionis
2075 2086 2298 2151 exitus

353 2171 426 2238 de
473 2192 604 2257 qua
647 2171 731 2238 ad
776 2194 895 2240 nos
939 2193 1313 2258 scripseras.
1401 2173 1553 2239 'ribi
1598 2172 1878 2273 quidem·
1904 2172 2077 2239 hanc
2122 2193 2301 2238 sum·

349 2279 523 2323 mam
568 2258 988 2343 iniquitatem
1031 2259 1231 2325 bilem
1274 2260 1561 2325 movisse
1610 2279 1745 2324 non
1790 2258 2013 2325 miror.
2035 2261 2091 2338 ⁸)
2189 2259 2302 2324 An

349 2345 522 2409 enim
589 2344 715 2410 hoc
777 2356 880 2411 est
944 2343 1124 2411 aliud
1189 2366 1386 2429 quam
1450 2344 1922 2411 ecclesiasticae
1970 2342 2304 2411 doctrinae

349 2450 691 2496 censuram
734 2429 819 2496 ad
840 2452 912 2497 se
955 2429 1295 2497 traducem
1311 2430 1346 2494 ‘I
1392 2430 1566 2515 qnod
1612 2450 1695 2495 ne
1717 2432 2014 2531 papistae
2037 2428 2302 2514 quidem

346 2516 614 2594 faciunt,
634 2521 691 2597 ⁴)
735 2516 898 2583 adeo
939 2527 1018 2583 ut
1049 2537 1156 2583 res
1200 2518 1328 2582 ista
1371 2537 1499 2582 non
1560 2517 1738 2581 omni
1796 2514 1990 2582 modo
2045 2515 2302 2581 ratione

345 2602 458 2668 sed
502 2603 702 2668 etiam
747 2602 1048 2688 exemplo
1090 2611 1326 2669 careat.
1385 2600 1522 2668 Sed
1565 2602 1674 2667 his
1697 2623 1955 2686 quoque
1977 2600 2301 2667 Dominus

347 2687 734 2770 providebit.
839 2692 902 2755 A
961 2700 1026 2753 te
1082 2709 1242 2754 vero
1298 2707 1696 2774 magnopere
1749 2700 1920 2771 peto,
1979 2700 2098 2754 aut
2152 2688 2299 2770 ipsa

343 2776 561 2926 {ptius
625 2773 899 2841 ecclesia
941 2774 1069 2840 Dei
1132 2774 1406 2859 flagitat,
1463 2793 1549 2839 ne
1603 2773 2014 2857 quorundam
2055 2775 2299 2874 impro-

601 2872 669 2925 et
722 2858 992 2928 audacia
1045 2858 1262 2925 victus
1319 2859 1425 2926 vel
1483 2859 1818 2925 tantillum
1878 2858 1959 2925 de
2060 2858 2297 2925 ristino

344 2954 455 3012 tuo
501 2945 735 3012 ardore
770 2947 1083 3012 remittas.
1185 2946 1358 3012 Nam
1415 2955 1495 3011 ut
1551 2946 1663 3012 isti
1705 2966 1839 3011 non
1884 2967 1949 3011 m
2037 2967 2075 3012 o
2117 2944 2296 3011 insa·

343 3032 487 3097 nire
551 3030 669 3098 sed
728 3033 927 3098 etiam
993 3031 1207 3100 furere
1270 3030 1612 3115 incipiant,
1679 3029 1837 3116 quid
1895 3052 2016 3097 nos
2068 3038 2295 3096 tamen

344 3119 686 3202 promeriti
750 3139 1007 3197 sumus,
1073 3120 1184 3203 qui
1258 3117 1652 3203 quotidianis
1706 3119 1841 3184 tuis
1903 3118 2164 3202 scriptis
2228 3126 2296 3182 et

343 3206 685 3270 erudimur
727 3217 794 3269 et
837 3203 1345 3271 confirmamur?
1434 3203 1651 3289 Perge
1693 3204 1898 3290 igitur
1940 3222 2182 3287 quaeso
2227 3212 2294 3268 et

343 3293 650 3371 obtestor,
694 3291 788 3354 mi
810 3301 1014 3373 pater,
1059 3300 1126 3357 et
1168 3291 1339 3374 quod
1363 3291 1555 3356 toties
1578 3310 1652 3356 re
1695 3290 1841 3375 ipsa
1862 3311 1931 3356 es
1954 3297 2290 3374 expertus,

341 3376 462 3443 hoc
506 3376 628 3443 tibi
673 3376 1014 3459 persuade,
1057 3396 1437 3443 communes
1462 3383 1720 3442 nostras
1762 3395 1987 3460 preces
2010 3375 2292 3441 infinitis

340 3461 635 3545 partibus
678 3462 1033 3529 validiores
1075 3463 1213 3528 fore
1257 3460 1340 3528 ad
1380 3473 1447 3527 te
1489 3460 2034 3538 confirmandum,
2092 3481 2291 3545 quam

340 3569 566 3616 omnes
608 3549 888 3615 istorum
931 3545 1219 3614 Satanae
1262 3548 1750 3614 emissariorum
1784 3553 2054 3614 conatus
2099 3545 2184 3613 ad
2227 3554 2293 3613 te

338 3632 839 3702 deturbandnm.

508 3721 862 3787 Caeterum
929 3739 1078 3787 ecce
1142 3718 1263 3784 tibi
1325 3719 1563 3786 alteras
1627 3718 1712 3785 ad
1776 3739 1882 3785 mc
1945 3716 2219 3784 Beraldi
2235 3718 2291 3797 ὅ)

339 3809 548 3873 nostri
592 3806 836 3880 literae,
885 3826 968 3870 ex
1012 3805 1248 3889 quibus
1291 3803 1636 3907 intelliges
1694 3806 1944 3872 acriore
2000 3800 2290 3869 remedio

339 3892 471 3960 illic
518 3914 685 3977 opus
730 3912 873 3957 esse
915 3912 1116 3975 quam
1158 3892 1350 3957 initio
1394 3893 1665 3975 putaris.
1766 3890 1843 3958 Si
1886 3888 2042 3974 qnid
2084 3888 2291 3957 habes

338 3978 614 4058 consilii,
659 3999 792 4044 non
834 3976 1062 4044 dubito
1104 3978 1261 4061 quin
1325 3978 1404 4042 iis
1463 3984 1724 4042 mature
1781 3977 2108 4061 significes
2169 3997 2290 4061 per

377 4087 496 4132 uos
541 4066 706 4131 haec
761 4062 1207 4129 administrari
1254 4084 1442 4147 posse
1496 4085 1570 4128 ac
1636 4063 1872 4130 debere
1916 4062 2287 4128 videantur.

335 4085 698 4314 zaraldo
683 4149 897 4234 cogito
961 4150 1033 4214 ιιι
1089 4170 1232 4216 eam
1298 4150 1691 4216 sententiam
1759 4148 2145 4226 rescribere,
2216 4159 2290 4213 ιιι

335 4401 1197 4475 2001.1)S··rma1·aoeap
1197 4404 2288 4490 ..οάιοιιιιιιιιι1666ρονείιιοιᾶοφιο

327 4422 1197 4625 swan-*maz*
1168 4445 1367 4614 {zm
1398 4475 1771 4599 ati-..ms
1845 4474 2289 4611 marr

329 4611 1619 4750 maffi⁶ffiw'mamfflroe
1847 4680 2007 4735 ΜΒ

332 4756 599 4883 φίας)
615 4748 1626 4900 mmwmu
1654 4819 1876 4875 odoini
1896 4817 2283 4884 Defmaomm

535 4954 597 5023 4)
638 4954 852 5024 Optime
883 4889 2007 5013 Buawmuxaerummdowlu
1915 4888 2283 4942 mm

329 5023 950 5156 Wag?1⁸ffw
888 5025 1152 5162 Ber-w
1174 5029 1553 5151 pm
1557 5028 1830 5149 Rev-{1126
1866 5091 1996 5149 lca·
2027 5093 2279 5148 Aurelia·

331 5163 1004 5231 maslinas-nauum
1029 5135 1195 5230 filicis,
1230 5164 1575 5219 Lan-anm
1675 5164 1882 5230 οΙασσον
1916 5169 2035 5217 erat
2057 5180 2110 5218 a.
2142 5160 2279 5216 1649

332 5204 1275 5371 Μιαᾞῖὥῧῗα*
1282 5233 1635 5370 mn..
1620 5229 2135 5357 ⁰2⁸1iav¹³30220³⁹
2125 5239 2282 5356 22⁰:

332 5368 961 5438 mmmm&
1000 5369 1271 5426 Generum
1306 5377 1583 5429 οοιιοοεσιτ.
1650 5369 1977 5442 (Ham-11.
2014 5369 2154 5438 189.)

2061 444 2224 507 1555
2261 440 2642 510 IANUAR-

4226 445 4354 509 3⁷8

2405 631 2669 697 fortiter
2723 639 2962 716 pergat
3015 630 3084 695 in
3155 629 3367 695 officio
3433 638 3501 696 et
3566 628 3646 696 de
3700 630 3891 697 nobis
3956 633 4177 698 omnia
4228 632 4354 700 sibi

2404 715 2793 799 polliceatur
2857 735 3022 800 quae
3087 733 3128 779 a
3182 714 3497 781 fratribus
3560 726 3630 781 et
3694 716 3924 784 amicis
3986 737 4104 783 exs
4224 719 4357 785 tari

2403 809 2696 885 possunt.
2751 800 2949 868 Certe
2992 821 3033 867 a
3078 810 3265 883 paret
3306 823 3377 866 ιιι
3420 802 3559 867 eius
3603 801 3812 869 literis
3853 803 4060 869 mirus
4100 827 4127 869 1
4307 804 4351 820 ''

2403 887 2678 954 candor:
2724 908 3001 972 quorum
3033 823 3383 953 bominum
3423 887 3715 952 maxima
3756 897 3860 954 est
3900 888 4094 955 hodie
4148 911 4353 975 penu-

2404 973 2523 1038 ria.
2609 973 2843 1058 Itaque
2899 973 3201 1039 omnibus
3256 972 3469 1038 modis
3526 971 3941 1039 retinendum
3994 983 4064 1041 et
4119 976 4355 1043 confir-

2402 1059 2722 1126 mandum
2777 1080 3029 1126 censeo.
3054 1063 3109 1131 ⁸)
3234 1056 3418 1140 Quin
3491 1059 3721 1137 etiam,
3788 1060 3915 1125 nisi
3978 1061 4169 1127 aliter
4230 1061 4353 1129 tibi

2402 1144 2697 1224 videtur,
2766 1144 3052 1228 aliquam
3132 1144 3232 1209 tui
3287 1145 3690 1211 mentionem
3768 1146 4001 1212 faciam
4060 1149 4127 1213 in
4188 1148 4353 1214 meis

2404 1229 2637 1310 literis,
2681 1196 2759 1297 ’ut
2798 1251 2870 1297 se
2911 1251 2951 1294 a
2994 1244 3058 1295 te
3093 1251 3346 1314 quoque
3391 1228 3576 1315 diligi
3618 1231 3875 1297 sentiat.

2577 1314 2770 1398 Quod
2813 1326 3129 1400 superest,
3165 1337 3288 1401 ego
3330 1324 3400 1381 et
3436 1337 3600 1382 uxor
3635 1337 4031 1402 magnopere
4072 1340 4193 1385 nos
4235 1319 4356 1384 tibi

2403 1402 2959 1469 commendamus.
3059 1400 3271 1486 Spero
3327 1402 3508 1468 enim
3569 1424 3714 1468 eam
3776 1423 3919 1469 esse
3989 1403 4352 1488 gravidam,

2403 1488 2580 1571 quod
2624 1499 2847 1555 tamen
2892 1486 3188 1554 nondum
3211 1488 3421 1553 ausim
3467 1508 3738 1572 prorsus
3759 1488 4109 1555 affirmare.
4168 1489 4356 1555 Bene

2403 1574 2571 1653 vale,
2616 1576 2705 1640 mi
2750 1584 2956 1659 pater.
3044 1573 3375 1640 Dominus
3417 1571 3607 1639 Iesus
3640 1585 3955 1658 perpetuo
4003 1576 4120 1642 tibi
4163 1575 4355 1655 adsit,

2404 1670 2600 1745 teque
2641 1658 2854 1727 indies
2895 1661 3107 1743 magis
3151 1679 3227 1725 ac
3268 1659 3480 1744 magis
3519 1661 3874 1727 confirmet.
3961 1661 4359 1728 Lausannae

2403 1746 2615 1830 pridie
2657 1743 2818 1812 Idus
2864 1745 3177 1812 Ianuarii.

3377 1878 3501 1944 Th.
3548 1880 3728 1949 Besa
3772 1883 3962 1966 plane
4004 1892 4175 1949 tuus.

3156 2134 3564 2145 ..ψ-*-

3280 2311 3480 2384 2⁰82.

2796 2445 3271 2517 0⁴³1,leth
3315 2448 3953 2518 BULLINGERO.

2580 2617 2927 2684 Consilium
3001 2639 3191 2686 suum
3267 2621 3588 2703 epistolam
3666 2619 4072 2722 Defensionio
4146 2620 4351 2688 libello

2389 2706 2820 2786 praemissam
2856 2705 3194 2774 Helvetiae
3232 2705 3507 2772 ecclesiis
3536 2726 3659 2772 non
3689 2709 3822 2772 nisi
3863 2708 4035 2790 typis
4072 2708 4350 2789 exscrip-

2400 2797 2531 2856 tam
2606 2790 2900 2856 tradendi
2975 2792 3257 2858 vindicat
3317 2799 3376 2857 et
3443 2790 3887 2857 vindicandum
3949 2793 4345 2858 commendat.

2406 2875 2617 2941 Simul
2657 2877 2942 2959 queratur
2982 2878 3061 2944 de
3104 2877 3603 2944 Locamensibus
3645 2878 3904 2962 indique
3940 2878 4216 2944 desertis.

2399 3047 2514 3112 (Ex
2559 3047 2897 3118 autographo
2941 3047 3075 3103 Ood
3116 3047 3296 3110 'rm-ic.
3337 3048 3556 3105 Archiv.
3592 3049 3735 3105 Plut.
3775 3048 3863 3104 vl.
3900 3048 4015 3104 Vol.
4054 3047 4172 3118 105,
4214 3049 4345 3105 olim

2398 3117 2571 3172 Scri-n
2618 3117 2681 3171 B.
2718 3117 2871 3171 Tom.
2911 3118 2952 3183 1,
2998 3118 3091 3172 fol
3135 3116 3256 3173 628.
3327 3119 3542 3174 Simler.
3592 3120 3703 3174 Vol.
3739 3117 3828 3173 84.
3898 3118 4090 3173 Vorsio
4135 3120 4346 3189 anglica

2980 3186 3037 3240 in
3073 3187 3207 3242 edit.
3243 3187 3588 3243 Phil-dan.
3624 3186 3773 3253 114.)

2395 3357 2704 3424 Eximiae
2745 3358 3011 3442 pietatis
3056 3368 3124 3424 et
3166 3357 3497 3427 doctrinae
3539 3360 3687 3426 viro
3721 3359 3806 3424 D.
3844 3359 4136 3425 Henrioo
4178 3360 4346 3426 Bul-

2393 3442 2651 3529 lingero
2687 3443 2996 3510 ecclesiae
3033 3444 3391 3531 Tigurinae
3430 3443 3562 3511 fido
3606 3445 3855 3529 pastori
3897 3444 4088 3509 fratri
4120 3444 4345 3512 obser-

2705 3528 3106 3597 vandissimo
3145 3540 3216 3596 et
3246 3532 3582 3597 carissimo
3617 3537 4042 3616 symmystae.

2566 3682 2638 3752 S.
2704 3682 3021 3750 Vestrum
3087 3684 3430 3751 consilium
3468 3690 3515 3760 ¹)
3582 3681 3746 3749 mihi
3806 3683 4158 3767 probatum
4219 3695 4339 3754 est.

2391 3770 2458 3837 N
2458 3790 2565 3836 am
2607 3770 2817 3835 literis
2856 3769 3031 3836 ultro
3073 3771 3366 3855 citroque
3398 3769 3800 3837 missitandis
3842 3770 4126 3837 multum
4170 3778 4336 3838 tem-

2390 3857 2569 3942 poris
2625 3855 2861 3921 fuisset
2914 3868 3394 3941 consumptum,
3452 3862 3519 3922 et
3572 3855 3763 3921 multi
3820 3856 3891 3921 in
3948 3876 4021 3922 re
4077 3859 4338 3942 integra

2390 3944 2669 4009 fuissent
2711 3942 3120 4019 morosiores,
3165 3962 3327 4025 quos
3369 3962 3560 4025 spero
3605 3962 3844 4025 aequos
3877 3951 3946 4008 et
3978 3943 4339 4026 morigeros

2389 4029 2550 4094 fore.
2638 4028 2870 4112 Itaque
2925 4027 3220 4094 libellum
3273 4028 3687 4128 typographo
3740 4028 3967 4094 statim
4010 4027 4338 4097 excuden-

2391 4113 2548 4180 dum
2606 4112 2771 4179 dedi
2857 4111 3242 4194 Caeterum,
3300 4114 3430 4180 nisi
3486 4114 3749 4197 culpam
3792 4114 4172 4197 praestatis,
4230 4116 4336 4180 in-

2390 4198 2569 4267 vidia
2623 4220 2757 4265 non
2815 4199 3061 4265 carebit
3111 4198 3271 4265 haec
3324 4198 3676 4266 festinatio.
3765 4197 3899 4265 Sed
3955 4199 4068 4265 ubi
4110 4211 4335 4267 vestra

2389 4286 2710 4351 autoritas
2771 4286 3245 4364 intercesserit,
3324 4284 3490 4351 mihi
3556 4306 3746 4351 nemo
3811 4285 3937 4350 erit
3998 4283 4329 4352 molestus.

2386 4371 2791 4438 Praesertim
2836 4371 3008 4473 apud
3066 4372 3301 4437 fratres
3344 4371 3715 4437 Bernenses
3761 4391 3877 4436 vos
3928 4369 4174 4436 instare
4218 4392 4335 4436 ne·

2387 4478 2572 4525 cesse
2612 4467 2727 4535 est,
2789 4458 2917 4523 nisi
2966 4478 3073 4522 me
3128 4457 3415 4523 sinistris
3465 4458 3756 4523 omnium
3814 4455 4222 4522 sermonibus
4266 4468 4334 4522 et·

2387 4543 2654 4609 tandem
2712 4541 3104 4608 clamoribus
3160 4553 3229 4609 et
3269 4543 3482 4608 turbis
3525 4543 3894 4626 expositum
3940 4540 4160 4606 vultis.
4246 4541 4335 4607 In

2387 4629 2684 4706 Rhaetis,
2732 4626 3274 4713 Sangallensibus
3311 4637 3378 4694 et
3412 4627 3848 4695 Schaffusinis
3883 4625 4051 4691 nihil
4085 4629 4333 4725 negotii

2389 4714 2573 4781 vobis
2628 4715 2766 4780 fore
2810 4715 3123 4799 suspicor.
3209 4713 3533 4782 Sulcermn
3557 4715 3617 4792 ²)
3661 4723 3882 4779 metuo
3924 4731 4011 4777 ne
4052 4712 4335 4780 retineat

2592 4884 2653 4952 6)
2693 4883 3174 4955 Mombelaardiae,
3218 4886 3315 4942 ubi
3356 4889 3536 4940 nostra
3580 4883 3881 4940 Teo-sanum
3916 4883 4118 4951 inlecto
4149 4899 4337 4940 animo

1906 4954 2754 5011 mmmmm.

2385 5022 2652 5088 20821)
2696 5023 2783 5090 Cf.
2823 5023 2899 5078 N.
2937 5022 3091 5078 2064.
3139 5022 3292 5078 2066.

2592 5090 2652 5156 2)
2688 5091 2896 5148 dudum
2932 5092 3438 5148 luthoramantcm.
3515 5090 3757 5147 manos
3792 5090 3985 5146 laudat
4025 5090 4332 5159 Gall-tim,

2389 5162 2772 5227 Comandmm,
2810 5160 3152 5227 Fabi-notun,
3188 5160 3545 5229 Campona».-
3585 5158 4011 5229 Schaffhucanoo
4064 5133 4332 5231 Pontium,

2388 5230 2722 5297 θνῦὁεὶιιιηι,
2758 5201 3060 5299 Quaeram.
3135 5230 3515 5300 San-auum
3547 5232 3612 5285 ia
3643 5234 3832 5285 nostro
3865 5229 4118 5285 theom-o
4155 5233 4329 5285 nomi·

2381 5302 2555 5354 viatim
2589 5315 2704 5355 non
2737 5304 3046 5354 occurrunt.
3093 5300 3314 5363 (Erant
3347 5306 3521 5354 antean
3558 5299 3643 5354 Io.
3679 5297 3921 5361 Koaaer.
3953 5314 3999 5353 c.
4030 5299 4164 5364 filio.
4196 5300 4328 5354 Ant.

2382 5368 2498 5425 Zaa·
2527 5374 2581 5425 ct
2626 5368 2739 5425 ναὶ.
2779 5367 3153 5438 Fortu-aller.)
3224 5369 3378 5424 Idem
3413 5369 3482 5424 de
3517 5366 3854 5439 Mylhmms
3886 5367 4190 5424 dicendum.
