4850 6200
494 435 624 502 463

497 640 745 688 uenum
787 639 982 684 suum
1020 618 1233 703 coepit
1273 637 1597 695 evomere,
1653 625 1720 681 et
1774 616 1908 679 iam
1952 616 2093 681 sine
2137 615 2444 681 dissimu-

495 708 740 773 latione
823 703 1143 771 Servatum
1213 724 1406 770 suum
1484 703 1884 768 haereticum
1958 699 2444 785 impudentissi-

494 814 680 861 mum
723 790 888 857 tueri
933 802 1000 857 et
1042 788 1409 867 defendere,
1469 789 1925 871 affirmareque
1968 786 2155 853 illum
2199 787 2282 853 de
2325 788 2444 853 tri·

495 880 708 944 nitate
749 877 992 961 optime
1036 875 1344 954 sensisse,
1402 875 1562 940 item
1620 873 1912 939 diversos
1964 894 2218 939 errores
2260 876 2442 939 Ana-

495 965 933 1047 baptistarum
991 971 1059 1027 et
1113 961 1619 1111 Pelagianorum
1675 978 2052 1043 proponere.
2139 958 2443 1040 Quorum

498 1052 610 1134 qui
653 1051 722 1114 in
767 1049 1138 1133 praesentia
1175 1046 1265 1111 mi
1318 1046 1337 1111 i
1373 1047 1652 1112 veniunt
1694 1046 1761 1110 in
1808 1054 2094 1109 mentem
2140 1045 2210 1109 hi
2253 1056 2440 1110 sunt:

505 1142 559 1201 1.
639 1135 1035 1220 Mysterium
1117 1131 1429 1198 trinitatis
1508 1151 1845 1213 nunquam
1920 1131 2121 1197 fuisse
2196 1131 2443 1198 sanctis

497 1221 793 1306 patribus
869 1219 1188 1305 agnitum.
1299 1220 1358 1282 2.
1425 1216 1820 1283 Trinitatem
1885 1237 2310 1299 personarum
2374 1225 2443 1281 et

497 1328 726 1374 earum
791 1305 1272 1371 distinctionem
1339 1303 1578 1368 realem
1646 1324 1780 1368 non
1846 1323 2033 1386 posse
2090 1324 2175 1369 ex
2239 1305 2443 1369 sacris

496 1392 838 1476 scripturis
882 1391 1160 1476 probari.
1221 1390 1392 1455 Item
1426 1411 1577 1456 cum
1601 1387 2054 1471 Anabaptistis
2088 1410 2221 1453 non
2255 1410 2439 1455 vere-

495 1479 690 1545 batur
735 1499 846 1543 ore
905 1479 1159 1560 impuro
1216 1476 1578 1541 affirmare:
1649 1480 1706 1539 3.
1751 1474 2076 1539 Parvulos
2123 1497 2251 1539 non
2298 1496 2442 1541 esse

499 1563 937 1648 baptizandos.
1011 1570 1065 1625 4.
1113 1562 1375 1627 Foedus
1417 1562 1652 1625 initum
1691 1582 1836 1626 cum
1860 1558 2196 1625 Abraham
2238 1560 2441 1627 fuisse

497 1650 860 1733 temporale
903 1658 968 1713 et
1011 1646 1180 1712 nihil
1221 1647 1303 1711 ad
1340 1647 1753 1712 Christianos
1791 1644 2442 1729 Christianorumque

499 1735 667 1801 filios
724 1735 1068 1818 pertinere.
1161 1738 1217 1798 5.
1288 1730 1547 1797 Foedus
1608 1731 1763 1797 novi
1823 1733 2190 1797 testamenti
2251 1754 2321 1797 re
2375 1740 2443 1796 et

499 1820 869 1888 substantia
947 1841 985 1883 a
1062 1818 1316 1884 foedere
1398 1818 1635 1883 veteris
1708 1819 2080 1883 testamenti
2159 1818 2442 1884 differre.

503 1912 559 1971 6.
607 1906 713 1972 Ad
758 1908 1214 1990 magistratum
1271 1904 1603 1988 publicum
1647 1925 1781 1970 non
1838 1905 2163 1984 pertinere
2205 1916 2280 1970 ut
2323 1925 2445 1988 pu-

501 1994 641 2058 niat
677 2002 943 2075 peccata
978 1991 1360 2073 spiritualia,
1400 2011 1630 2073 nempe
1674 1986 1792 2054 illa
1826 2010 1986 2072 quae
2025 2003 2185 2054 sunt
2217 2001 2447 2056 contra

499 2089 848 2163 praecepta
887 2079 1134 2161 primae
1167 2077 1442 2142 tabulae.
1513 2082 1569 2139 7.
1607 2076 2036 2159 Magistratus
2060 2097 2193 2140 non
2216 2076 2444 2141 Chris-

502 2166 713 2229 tianos
757 2163 872 2228 sed
921 2162 1292 2248 hypocritas
1337 2163 1566 2227 facere.
1636 2158 1829 2242 Quod
1874 2161 2135 2244 quidem
2172 2184 2302 2226 non
2346 2172 2446 2227 est

506 2252 756 2316 veritus
800 2251 907 2332 qui
957 2249 1204 2332 primus
1240 2250 1412 2313 inter
1448 2269 1557 2313 eos
1579 2247 1782 2329 pollet
1816 2247 2108 2313 doctrina
2152 2260 2220 2313 et
2262 2259 2444 2313 auto-

502 2338 699 2402 ritate
740 2335 1001 2419 publice
1048 2336 1304 2417 saepius
1349 2334 1694 2399 affirmare.
1777 2332 2066 2398 Tandem
2113 2332 2447 2399 descendit

501 2424 572 2487 in
631 2444 916 2488 errorem
977 2420 1488 2505 Pelagianorum
1545 2419 1877 2501 multaque
1935 2418 2260 2484 horrenda
2303 2440 2447 2502 pro·

503 2508 657 2573 tulit
684 2508 762 2573 de
807 2507 1028 2572 divina
1062 2516 1131 2571 et
1164 2515 1434 2570 aeterna
1470 2504 2075 2587 praedestinatione,
2112 2505 2447 2572 affirmans

500 2598 558 2659 8.
608 2591 1277 2659 Praedestinationem
1336 2612 1376 2657 a
1433 2591 1569 2655 solo
1628 2590 1911 2656 hominis
1963 2591 2232 2657 arbitrio
2332 2614 2444 2657 en·

502 2678 674 2757 dere,
720 2682 904 2744 cuius
951 2679 1018 2742 in
1062 2688 1376 2759 potestate
1413 2677 1501 2742 sit
1535 2677 1797 2742 credere
1834 2685 1949 2742 aut
1985 2699 2114 2743 non
2161 2697 2268 2742 cre
2315 2698 2445 2757 ere,

501 2766 750 2830 servari
797 2779 914 2829 aut
957 2764 1274 2829 damnari.
1302 2767 1352 2842 ⁰)
1422 2764 1639 2846 Atque
1667 2762 1737 2826 hi
1782 2782 2035 2828 errores
2071 2784 2447 2829 communes

499 2860 656 2916 sunt
700 2852 951 2917 cunctis
996 2859 1211 2916 sectae
1233 2849 1571 2915 Bellianae
1608 2846 1901 2927 addictis,
1946 2869 2226 2931 quorum
2262 2860 2447 2914 tanta

500 2945 603 3003 est
660 2935 1068 3019 impudentia
1109 2946 1184 3000 ut
1240 2955 1388 2999 cum
1446 2956 1563 3001 suo
1612 2933 1815 3000 Ballio
1858 2935 2183 3000 affirmare
2230 2935 2447 3020 palam

502 3022 822 3088 audeant:
887 3029 944 3087 9.
992 3019 1155 3086 Sine
1198 3021 1568 3105 cognitione
1612 3018 1862 3086 Christi
1919 3041 2106 3104 posse
2148 3019 2447 3086 homines

503 3109 763 3174 salvari.
853 3107 1148 3172 Tandem
1207 3109 1404 3173 etiam
1468 3128 1614 3173 cum
1672 3107 2033 3174 Libertinis
2098 3108 2311 3191 coepit
2367 3107 2449 3173 dc

503 3202 684 3260 statu
730 3196 1096 3259 animarum
1143 3205 1288 3275 post
1331 3203 1606 3258 mortem
1650 3192 1967 3270 dubitare,
2028 3213 2445 3260 asseverans:

511 3285 606 3345 10.
651 3280 943 3345 Poenam
990 3278 1275 3344 debitam
1321 3287 1583 3363 peccato
1630 3278 1813 3344 Adae
1857 3279 2055 3346 fuisse
2099 3278 2301 3345 solam
2345 3281 2446 3344 in-

504 3366 988 3442 cinerationem,
1056 3364 1241 3429 iuxta
1305 3364 1504 3431 illud:
1574 3363 1759 3431 Oinis
1803 3385 1872 3430 es
1915 3375 1982 3430 et
2037 3365 2106 3429 in
2162 3366 2449 3432 cinerem

502 3452 873 3518 reverteris.
956 3451 1415 3536 Interrogatus
1461 3473 1544 3516 an
1588 3451 1806 3516 anima
1849 3473 1999 3517 cum
2035 3471 2312 3536 corpore,
2351 3452 2449 3515 in-

506 3539 760 3616 teriret,
827 3558 898 3600 se
956 3537 1259 3620 ignorare
1324 3536 1675 3620 respondit,
1741 3557 1884 3603 esse
1930 3558 2012 3603 ne
2068 3559 2264 3623 super
2326 3538 2448 3604 hac

503 3623 882 3708 quaestione
926 3624 1142 3688 Deum
1188 3622 1677 3689 consulendum.
1768 3622 1874 3689 Ad
1920 3622 2070 3689 ebat
2111 3633 2450 3707 praeterea

513 3716 606 3774 Η.
654 3710 762 3775 Ex
806 3710 1007 3774 sacris
1050 3710 1389 3793 scripturis
1433 3731 1561 3775 non
1606 3728 1793 3793 posse
1834 3708 2097 3793 probari
2142 3729 2283 3774 esse
2328 3709 2446 3774 ali-

505 3817 697 3878 quem
744 3794 1164 3875 damnatum,
1223 3817 1304 3860 ne
1355 3795 1570 3880 ipsum
1614 3793 1876 3878 quidem
1922 3793 2171 3860 Iudam.
2265 3795 2450 3859 Haec

505 3883 727 3945 omnia
771 3901 970 3963 quum
1015 3880 1510 3959 intellexissem,
1574 3881 1670 3945 vel
1732 3902 1950 3947 coram
2003 3880 2276 3946 testibus
2320 3880 2448 3945 fide

505 3965 923 4051 dignissimis,
970 3975 1037 4032 et
1072 3967 1309 4032 nollem
1334 3988 1486 4032 eum
1521 3965 1880 4042 traducere,
1922 3966 2270 4031 consulens
2303 3967 2445 4051 paci

504 4060 573 4118 et
613 4050 1071 4136 tranquillitati
1128 4052 1304 4119 illius
1359 4052 1690 4132 ecclesiae,
1754 4052 1964 4136 primo
2021 4052 2201 4134 coepi
2256 4051 2447 4117 illum

499 4137 927 4223 interrogare,
972 4141 1028 4203 si
1066 4139 1374 4222 parvulos
1416 4137 1735 4205 iudicaret
1768 4158 1903 4203 non
1938 4159 2080 4204 esse
2114 4137 2448 4221 baptizan-

504 4223 621 4288 dos
666 4245 797 4307 qua
839 4223 966 4290 fide
1011 4244 1225 4307 quave
1279 4224 1672 4289 conscientia
1723 4231 1983 4307 poterat
2036 4245 2145 4290 eos
2202 4224 2324 4290 sibi
2378 4226 2448 4290 in

504 4311 776 4376 ecclesia
830 4310 1079 4376 oblatos
1132 4308 1503 4393 baptizare?
1594 4311 1764 4374 Tum
1806 4310 1935 4390 ille,
1990 4331 2118 4375 non
2162 4331 2447 4395 possum,

501 4396 747 4480 inquit,
805 4396 983 4462 solus
1038 4395 1377 4462 ecclesiam
1420 4395 1772 4461 reformare
1789 4446 1804 4473 ,
1865 4417 2067 4480 quare
2104 4415 2300 4482 cogor
2342 4418 2448 4463 me

504 4482 650 4548 aliis
708 4480 1213 4548 accommodare.
1301 4480 1468 4547 Inde
1523 4480 1724 4565 (quod
1768 4502 2063 4548 mearum
2112 4491 2257 4548 erat
2383 4505 2450 4547 r-

504 4571 699 4645 tium)
758 4567 1049 4652 singulos
1109 4587 1366 4634 errores
1423 4588 1507 4633 ex
1561 4566 1687 4632 Dei
1754 4568 1957 4635 verbo
2025 4587 2140 4651 pro
2198 4567 2449 4635 viribus

504 4654 844 4722 confutare
887 4675 1035 4719 sum
1080 4673 1458 4738 aggressus,
1518 4662 1586 4718 et
1639 4653 1859 4738 ipsum
1906 4653 2202 4720 Θάλεια
2242 4655 2447 4721 amice

503 4749 574 4806 et
616 4740 903 4805 humane
943 4759 1160 4805 coram
1204 4739 1363 4822 ipsis
1420 4740 1700 4806 testibus
1742 4738 2204 4807 commonefeci
2250 4751 2322 4806 ut
2364 4740 2448 4806 ab

504 4822 882 4892 huiusmodi
916 4824 1005 4889 im
1051 4823 1135 4890 iis
1168 4822 1494 4911 dogmatis
1528 4824 1888 4892 abstineret
1919 4834 1988 4891 et
2019 4824 2444 4911 resipisceret.

503 4909 693 4978 Idem
736 4919 926 4977 conte
1019 4919 1213 4976 erunt
1246 4909 1359 4995 qui
1401 4910 1491 4976 ibi
1522 4909 1798 4977 aderant
1840 4920 2038 4979 testes
2069 4932 2296 4979 omnes
2337 4913 2447 4998 pio

563 5218 575 5230 .
711 5147 1031 5242 9)Hfaca
1266 5147 2447 5232 Gffmimmmeramanibmdpc-

1994 426 2519 495 EPISTOLAE
2559 431 2986 494 2128—2129

4366 432 4494 495 464

2548 625 2617 681 et
2659 617 2911 684 sincero
2955 615 3164 683 corde.
3254 615 3390 683 Sed
3432 639 3473 683 o
3526 615 4160 702 impudentissimam
4206 617 4495 684 hominis

2547 702 3015 787 pervicaciam!
3104 703 3395 768 Tantum
3458 701 3644 768 abest
3709 712 3781 769 ut
3842 703 4282 788 acquiesceret
4345 703 4494 788 piae

2548 787 2995 868 admonitioni,
3042 796 3118 853 ut
3159 790 3372 872 potius
3407 789 3596 855 nobis
3638 788 3987 856 insultaret
4026 801 4095 857 et
4128 788 4303 873 apud
4339 811 4494 857 suos

2548 895 2691 940 sese
2732 875 3000 940 iactaret
3043 883 3109 939 et
3151 873 3549 954 venditaret,
3603 874 3790 959 quasi
3846 874 3927 942 de
3983 876 4172 943 nobis
4225 886 4494 942 strenue

2548 960 2736 1026 victis
2800 960 3159 1045 gloriosum
3238 960 3588 1045 deportans
3663 961 4090 1045 triumphum.
4204 963 4296 1027 At
4368 981 4493 1046 ego

2547 1058 2759 1124 ratus,
2813 1068 2943 1112 non
3001 1067 3143 1112 esse
3201 1047 3361 1114 satis
3418 1045 3621 1112 semel
3663 1048 3884 1113 virum
3936 1047 4370 1126 admonuisse,
4425 1055 4495 1112 et

2547 1153 2677 1197 non
2724 1133 2981 1205 nescius
3030 1154 3183 1197 eum
3219 1133 3332 1216 qui
3376 1133 3457 1198 ab
3502 1153 3722 1199 errore
3760 1133 3908 1199 viae
3942 1144 4346 1216 peccatorem
4389 1154 4494 1198 re-

2546 1219 2883 1284 vocaverit
2938 1226 3357 1284 servaturum
3412 1241 3451 1283 a
3507 1228 3718 1284 morte
3777 1218 4064 1285 animam
4107 1230 4174 1284 et
4231 1232 4494 1302 opertu-

2548 1326 2693 1368 rum
2739 1303 3231 1370 multitudinem
3274 1316 3723 1388 peecatorum:
3783 1306 3972 1371 iuxta
4015 1306 4141 1370 Dei
4184 1324 4494 1389 praecep-

2548 1399 2688 1454 tum
2736 1390 3050 1457 accersivi
3094 1388 3254 1456 duos
3297 1390 3471 1456 illius
3516 1391 3826 1457 ecclesiae
3868 1389 4203 1457 ministros
4246 1390 4492 1469 fideles,

2546 1497 2782 1558 eosque
2841 1476 3173 1542 obsecravi
3232 1488 3308 1542 ut
3361 1486 3621 1542 servato
3678 1476 3842 1542 iuris
3907 1475 4136 1542 ordine
4198 1475 4495 1543 Galacum

2546 1560 2795 1644 placide
2855 1584 2930 1628 ac
2992 1563 3270 1647 benigne
3326 1561 3754 1629 admonerent
3796 1571 3864 1628 et
3918 1563 4155 1628 leniter
4211 1563 4492 1647 corrige-

2548 1662 2713 1713 rent.
2805 1644 2936 1728 Qui
2979 1649 3034 1714 si
3077 1670 3156 1713 ea
3199 1647 3653 1714 adhortatione
3699 1670 3828 1713 non
3876 1650 4262 1722 flecteretur,
4319 1648 4489 1714 dice-

2546 1745 2698 1798 rent
2741 1734 3069 1814 ecclesiae,
3125 1734 3193 1799 id
3237 1744 3355 1811 est,
3413 1735 3751 1817 praefectis
3795 1745 3862 1800 et
3919 1734 4302 1813 senioribus,
4347 1734 4492 1817 qui-

2546 1821 2669 1971 ἔξω
2703 1821 3049 1968 οῗηιιιιίεειι
3083 1830 3183 1886 est
3225 1841 3387 1885 cura
3424 1820 3976 1886 administrandae
4020 1819 4494 1887 ecclesiasticae

2649 1927 2751 1988 cip
2778 1927 2945 1971 inae.

2720 1990 2969 2056 Verum
3016 2013 3216 2073 quum
3261 1991 3543 2057 officium
3588 1992 3843 2074 piorum
3878 2001 4214 2076 pastorum
4258 1993 4326 2056 in
4371 1990 4498 2056 hoc

2547 2078 2810 2161 negotio
2854 2078 3350 2161 praestitissent,
3396 2077 3701 2142 ecclesiae
3740 2079 4215 2161 praesidentem
4251 2080 4337 2158 ¹⁰)
4381 2075 4495 2141 ad·

2547 2162 2872 2228 monendo
2920 2172 2991 2227 ut
3049 2172 3304 2228 mature
3364 2164 3689 2245 grassanti
3746 2164 3972 2229 morbo
4029 2164 4345 2241 obviaret,
4402 2163 4496 2228 ibi

2548 2248 2794 2333 liquido
2853 2249 3129 2333 cognovi
3188 2260 3503 2332 quantum
3565 2249 3887 2331 malitiae,
3946 2261 4271 2334 quantum
4328 2248 4497 2315 fellis

2549 2334 3005 2402 amaritudinis
3048 2346 3114 2401 et
3156 2334 3517 2420 hypocrisis
3559 2334 3796 2400 lateret
3838 2335 3959 2401 sub
4003 2336 4281 2403 candida
4314 2345 4497 2402 veste

2550 2421 2870 2496 Belliana,
2929 2430 2997 2487 et
3050 2421 3196 2487 luce
3255 2421 3495 2486 clarius
3551 2442 3696 2486 sum
3744 2431 4055 2505 expertus
4100 2421 4271 2506 quod
4328 2420 4498 2486 dixit

2548 2506 2781 2572 beatus
2826 2505 3369 2591 chrysostomus:
3418 2507 3632 2573 Malos
3676 2510 3784 2590 qui
3830 2517 4053 2574 monet
4094 2506 4386 2584 offendit,
4430 2516 4500 2570 et

2548 2593 2619 2657 in
2664 2592 2884 2657 odium
2939 2593 3218 2659 incurrit
3271 2594 3380 2676 qui
3436 2593 3655 2676 arguit
3711 2595 4108 2660 criminosos.
4198 2593 4367 2658 Nam
4414 2593 4497 2658 ab

2551 2700 2627 2744 ea
2674 2679 2778 2743 die
2822 2680 2932 2762 qni
2988 2681 3170 2763 prius
3228 2700 3299 2745 se
3354 2679 3750 2743 simulabant
3793 2701 3934 2745 esse
3989 2680 4414 2745 amicissimos
4458 2698 4500 2742 a

2549 2787 2656 2915 3¹⁶
2698 2773 2857 2830 sunt
2900 2765 3182 2843 alienati,
3228 2776 3296 2829 et
3336 2765 3550 2831 factus
3586 2786 3730 2831 sum
3766 2765 3896 2831 illis
3930 2767 4239 2833 inimicus
4262 2785 4499 2831 verum

2593 2870 2789 2916 icens.

2722 2937 2906 3002 Haec
2951 2947 3068 3013 est,
3115 2936 3450 3019 Princeps,
3497 2938 3690 3002 unica
3732 2957 3879 3001 mea
3923 2937 4132 3022 culpa,
4174 2936 4230 3003 si
4274 2944 4499 3002 tamen

2551 3022 2744 3106 culpa
2788 3021 3063 3087 dicenda
3105 3031 3222 3086 est.
3299 3022 3447 3089 Hoc
3491 3023 3753 3087 unicum
3801 3023 3970 3107 quod
4016 3023 4327 3089 obiiciunt
4370 3022 4496 3086 cri·-

2552 3130 2702 3173 men
2748 3108 2841 3173 illi
2887 3105 2987 3173 tui
3029 3109 3314 3174 ministri
3352 3109 3548 3175 Bellii
3593 3109 3921 3192 discipuli:
3968 3110 4092 3175 hoc
4135 3109 4271 3175 solo
4316 3129 4356 3172 a
4390 3129 4498 3172 me

2553 3194 2783 3260 offensi
2809 3194 2978 3278 quod
3022 3195 3196 3277 lupis
3239 3194 3404 3259 albis
3437 3195 3842 3261 irruentibus
3886 3198 3956 3261 in
3999 3204 4183 3260 tuum
4207 3215 4498 3279 gregem,

2553 3290 2628 3345 ut
2672 3280 3059 3346 devorarent
3099 3301 3254 3346 oves
3298 3281 3606 3347 ecclesiae
3649 3295 3821 3362 tuae,
3880 3283 4085 3350 restiti
4129 3291 4198 3346 et
4238 3288 4499 3364 opertas

2554 3366 2857 3432 haereses
2900 3367 2969 3431 in
3014 3366 3282 3432 ecclesia
3325 3375 3444 3431 tua
3487 3367 3826 3434 latitantes
3869 3376 3936 3434 et
3977 3366 4500 3451 subpullulantes

2554 3452 2790 3518 detexi.
2858 3452 3035 3518 Hinc
3079 3452 3222 3518 fons
3266 3451 3414 3530 odii,
3459 3473 3587 3536 quo
3624 3453 3799 3518 duct-i
3834 3465 4068 3521 contra
4100 3475 4206 3519 me
4255 3452 4504 3516 latrant

2554 3547 2620 3602 et
2642 3537 3104 3614 vociferantur,
3143 3539 3316 3604 sicut
3341 3538 3570 3604 Achab
3605 3550 3832 3606 contra
3855 3540 4138 3612 Heliam.
4176 3537 4498 3605 dicentes:

2553 3633 2715 3689 tune
2759 3643 2829 3689 es
2874 3625 2982 3707 qui
3029 3625 3377 3690 conturbas
3419 3624 3731 3690 Israelem
3787 3626 3927 3691 sive
3969 3624 4304 3692 ecclesiam
4348 3643 4501 3688 nos·

2555 3717 2726 3775 tram
2748 3709 3471 3795 Mompelgardensem?
3541 3710 3800 3792 Quibus
3843 3733 3963 3796 ego
4007 3709 4315 3776 audacter
4348 3730 4503 3775 cum

2550 3795 2748 3860 Helia
2794 3796 3112 3879 propheta
3157 3794 3543 3880 respondeo:
3606 3797 3667 3862 N
3670 3819 3755 3862 on
3810 3818 3931 3881 ego
3985 3818 4133 3862 sum
4176 3796 4287 3880 qui
4344 3816 4502 3863 con-

2552 3881 2742 3946 turbo
2787 3881 3102 3948 Israelem
3144 3895 3210 3947 et
3259 3881 3597 3949 ecclesiam
3645 3890 3947 3961 vestram,
4004 3881 4120 3947 sed
4177 3904 4295 3947 vos
4351 3879 4502 3945 alba

2553 3975 2738 4033 veste
2781 3967 3084 4033 Belliana
3127 3968 3474 4046 candidati,
3520 3989 3640 4034 nec
3676 3989 3808 4033 non
3852 3978 3919 4034 et
3948 3967 4236 4034 fautores
4273 3966 4500 4044 vestri,

2550 4055 2663 4138 qui
2730 4053 3036 4119 derelicto
3104 4075 3266 4138 puro
3332 4052 3458 4120 Dei
3528 4053 3728 4120 verbo
3779 4067 3846 4121 et
3910 4061 4279 4137 contempta
4341 4072 4505 4117 vera

2551 4139 2991 4206 ecclesiastica
3033 4139 3375 4223 disciplina
3396 4141 3656 4225 sequuti
3700 4140 3858 4206 estis
3904 4141 4265 4206 doctrinam
4300 4136 4504 4203 Belus·

2552 4226 2837 4290 hominis
2880 4228 3225 4309 personati.
3282 4226 3390 4310 qui
3449 4248 3582 4292 non
3637 4226 3833 4291 audet
3896 4226 3978 4291 ad
4037 4226 4250 4292 lucem
4316 4244 4502 4290 acce-

2553 4311 2725 4390 dere,
2773 4331 2855 4376 ne
2908 4321 3300 4396 coarguatur
3354 4313 3495 4378 eius
3550 4311 3862 4378 doctrina.
3950 4311 4122 4377 Nam
4167 4311 4276 4395 qui
4320 4308 4498 4375 male

2552 4398 2693 4481 agit
2704 4395 2893 4549 fi‘edit
2955 4396 3185 4476 lucem,
3250 4405 3318 4464 et
3382 4397 3591 4463 lucem
3659 4399 3898 4483 refugit
3954 4418 4042 4463 ne
4106 4417 4304 4480 opera
4356 4396 4501 4462 eius

2552 4493 2703 4566 pate
2792 4492 2885 4548 nt.

2727 4568 2990 4635 Audisti
3052 4589 3207 4654 ergo
3223 4621 3239 4648 ,
3305 4572 3624 4655 Princeps
3688 4569 4101 4635 serenissime
4116 4619 4131 4644 ,
4211 4568 4502 4653 primam

2552 4653 2877 4740 originem
2922 4664 2985 4719 tr
3110 4655 3294 4722 ediae
3337 4665 3407 4721 et
3447 4675 3712 4721 causam
3757 4676 3889 4740 qua
3921 4653 4194 4738 impulsi
4228 4651 4501 4738 quidam

2552 4740 3057 4826 Mombelgardii
3081 4745 3563 4808 concionatores
3586 4741 3887 4806 unanimi
3907 4761 4233 4807 consensu
4274 4739 4345 4805 in
4391 4758 4500 4803 me

2551 4828 3032 4911 conspirarunt,
3078 4837 3144 4894 et
3184 4824 3669 4911 impudentibus
3728 4825 4080 4894 mendaciis
4135 4825 4496 4891 calumnio-

2552 4914 2642 4979 sis
2687 4933 2768 4979 ue
2819 4913 3027 4979 literis
3091 4912 3174 4978 ad
3232 4911 3540 4979 tuendam
3584 4912 3826 4978 malam
3879 4932 4146 4979 causam
4209 4932 4397 4978 suam
4455 4930 4501 4976 a

2550 5001 2660 5083 qui
2706 4998 2936 5065 usdam
2979 4998 3290 5065 fratribus
3332 4997 3643 5066 ecclesiae
3798 4999 3958 5064 licae
3994 4996 4504 5083 Argentinensis

2547 5084 2948 5153 clandestine
2982 5085 3343 5168 procuratis
3377 5086 3816 5151 innocentiam
3851 5104 4069 5149 meam
4104 5081 4277 5167 apud
4311 5090 4502 5148 tuam

2550 5170 3028 5238 Excellentiam
3084 5170 3565 5249 deformarunt,
3623 5170 3805 5236 falsis
3858 5169 4243 5237 criminibus
4297 5188 4501 5234 aurea

2722 5358 2815 5426 10)
2861 5358 3177 5416 rossam.
