4850 6200
539 365 670 432 419

533 550 711 621 inire
768 548 856 617 du
918 547 1241 626 bouteseu,
1306 549 1367 614 ie
1431 568 1589 616 vous
1647 547 1923 635 adverty
1980 570 2105 633 que
2170 549 2235 615 ie
2298 551 2485 634 prins

543 632 952 723 grandpeine
991 655 1158 720 pour
1197 630 1497 701 mederer
1537 656 1613 700 sa
1651 633 1861 714 follie,
1914 635 2082 700 mais
2131 635 2363 703 iamais
2417 637 2483 703 ie

547 742 682 791 nen
725 741 857 805 peu
898 720 1087 787 venir
1128 740 1171 785 a
1210 717 1387 787 bont.
1473 716 1608 802 Qui
1649 720 1800 803 plus
1849 729 1969 799 est,
2023 719 2076 784 il
2118 721 2484 788 seschauffa

534 813 778 875 centn
817 825 973 890 moy
1026 824 1263 888 pouroe
1307 825 1433 888 que
1487 806 1549 871 ie
1602 804 1883 871 tasohois
1934 824 1976 869 a
2027 804 2091 870 la
2142 807 2479 890 reprimor.

542 891 711 959 om
749 911 841 961 un
884 890 1123 957 Italien
1164 909 1426 959 nomme
1460 888 1663 956 Marc.
1731 892 1837 956 Au
1881 898 2071 969 reste,
2116 912 2228 956 ma
2270 891 2479 970 dame,

547 978 613 1045 ie
653 996 817 1043 vous
857 976 1015 1060 prie,
1070 996 1199 1060 quo
1285 975 1421 1058 quil
1463 997 1547 1041 en
1598 977 1742 1051 soit,
1794 974 2026 1042 veiller
2068 978 2483 1062 soingneuse-

547 1070 732 1131 ment
855 1083 937 1129 ur
977 1069 1155 1129 oster
1217 1061 1511 1128 occasion
1554 1082 1595 1126 a
1636 1061 1821 1128 telles
1862 1061 2229 1128 calomnies.

889 1147 1108 1227 dame,
1173 1166 1363 1231 apres
1418 1154 1658 1213 mestre
1718 1146 2169 1214 humblement
2230 1167 2480 1214 reeom-

545 1231 783 1301 mande
826 1256 866 1298 a
909 1241 1125 1299 vostre
1166 1231 1380 1298 bonne
1422 1253 1632 1318 grace,
1685 1233 1747 1299 ie
1788 1233 2045 1317 supplic
2087 1244 2307 1300 nostre
2348 1232 2480 1299 bon

547 1318 745 1398 Dieu,
789 1339 950 1385 vous
982 1316 1276 1384 recevoir
1307 1337 1393 1383 en
1426 1338 1501 1384 sa
1533 1319 1752 1405 garde,
1796 1341 1957 1387 vous
1992 1320 2165 1385 tenir
2197 1318 2263 1385 la
2294 1320 2479 1385 main

545 1404 733 1481 forte,
789 1424 956 1470 vous
1012 1410 1397 1489 augmentet
1454 1403 1549 1470 les
1600 1403 1762 1471 dons
1818 1405 1898 1471 de
1949 1427 2069 1472 son
2114 1404 2352 1489 Esprit,
2409 1417 2480 1471 et

547 1489 643 1557 les
704 1489 867 1556 faire
932 1490 1140 1556 servir
1204 1511 1244 1554 a
1305 1509 1422 1555 son
1502 1488 1813 1559 honneur.
1921 1490 2016 1557 Ge
2095 1490 2328 1556 second
2394 1489 2478 1557 de

538 1574 824 1643 febvrier
872 1578 1053 1641 1555.

851 1710 1088 1777 vostre
1131 1722 1267 1778 tres
1310 1702 1576 1779 hum'ble
1617 1715 1959 1791 servitem,

1560 1815 1836 1882 Charles
1879 1815 2299 1899 D'espeville.

1311 2108 1714 2117 ——-..--—-—-

1404 2342 1593 2411 2100.

974 2494 1451 2564 SULZERUS
1495 2497 2020 2565 BLAURERO.

705 2664 1055 2732 Tessanum
1096 2674 1445 2750 suspectum
1486 2666 1661 2733 habet
1701 2674 1755 2733 et
1797 2670 2058 2734 certiora
2099 2672 2176 2737 de
2217 2691 2281 2736 eo
2324 2673 2465 2738 cdo·

531 2751 656 2815 ceri
690 2753 878 2832 cupit.
947 2752 1096 2834 Ipse
1129 2754 1203 2816 de
1229 2751 1477 2819 Calvini
1509 2754 1855 2836 defensione
1886 2758 2247 2822 sententiam
2278 2778 2465 2823 suam

513 2838 749 2917 paucis
776 2839 1164 2919 perscripsit.

528 3006 640 3061 (Ex
690 3012 817 3060 auto
916 3008 1024 3077 pho
1068 3007 1205 3061 Bibl.
1259 3008 1410 3062 civic.
1462 3008 1824 3079 sangallensis
1860 3010 2011 3064 MSS.
2049 3012 2167 3066 Vol.
2201 3010 2269 3065 37
2317 3014 2462 3083 Epp.

527 3074 677 3130 Tem.
720 3074 796 3129 VI
860 3113 874 3130 .
959 3114 971 3126 .
1017 3075 1068 3129 4.
1149 3078 1193 3130 A
1368 3077 1512 3147 phou
1559 3085 1739 3132 exstat
1784 3079 1964 3134 Turici
2011 3081 2065 3133 in
2114 3081 2254 3137 Bibl.
2306 3083 2459 3138 civic.

586 3143 738 3197 MSS.
779 3145 839 3198 F.
873 3144 909 3197 4
946 3185 959 3210 ,
996 3146 1127 3198 olim
1342 3147 1432 3200 fol.
1470 3145 1571 3199 772
1607 3155 1663 3201 et
1697 3165 1783 3218 ap.
1819 3148 2104 3203 Simlerum
2144 3151 2256 3204 Vol.
2292 3150 2404 3218 84.)

523 3349 2458 3371 —-————————————-—

526 3400 631 3465 De
678 3399 952 3467 Tossano
1005 3413 1229 3467 nostro
1292 3403 1493 3468 miror
1561 3404 1728 3469 nihil
1784 3417 1848 3471 te
1913 3406 2191 3474 scribere
2255 3430 2457 3491 quum

525 3485 682 3552 hinc
746 3485 830 3550 ad
893 3498 959 3550 te
1020 3488 1452 3571 proficiscenti
1489 3494 1537 3572 ¹)
1603 3490 1826 3556 literas
1893 3491 2213 3568 dederim,
2279 3495 2458 3561 unde

522 3572 814 3655 suspicor
870 3594 1018 3638 eum
1077 3573 1242 3638 forte
1300 3583 1551 3640 mutato
1608 3575 1876 3642 consilio
1931 3578 2014 3643 ab
2067 3579 2299 3644 itinere
2343 3579 2456 3645 de·

520 3657 802 3734 flexisse,
846 3659 1129 3723 maxime
1171 3679 1370 3742 quum
1409 3660 1657 3727 Viretus
1699 3664 2020 3746 significet
2041 3663 2458 3730 Lausannam

521 3744 859 3808 transiisse
918 3743 1256 3810 Genevam
1320 3766 1573 3823 versus,
1635 3770 1845 3831 neque
1902 3750 2190 3817 obscuris
2247 3750 2456 3817 literis

522 3841 588 3893 et
629 3827 870 3894 Furens·
911 3839 978 3894 et
1036 3829 1232 3895 Vireti
1273 3832 1842 3913 (quemadmodum
1887 3834 2053 3910 dixi)
2111 3837 2182 3902 in
2240 3838 2458 3921 suspi-

519 3913 773 3978 cionem
817 3915 1117 3980 trahatur
1161 3917 1264 3981 vir
1314 3917 1628 3984 hactenus
1684 3940 1839 4002 prae
1881 3921 2107 3986 multis
2150 3922 2296 3987 aliis
2341 3943 2455 3988 ex-

519 3999 658 4062 imii
715 4020 832 4082 per
897 4000 1200 4066 ecelesias
1255 4004 1638 4078 testimonii,
1700 4026 1818 4071 ceu
1876 4015 2131 4071 mutato
2191 4010 2456 4090 antiquo

519 4084 782 4169 pietatis
847 4105 1073 4166 cursu,
1138 4087 1493 4153 ambitione
1557 4090 1736 4155 inani
1802 4092 2096 4171 inflatus,
2162 4093 2458 4176 improba

517 4169 833 4254 quaedam
879 4172 1144 4256 ingenia
1185 4173 1399 4240 foveat
1441 4186 1824 4259 sanctosque
1860 4176 2132 4243 deiiciat.
2202 4177 2455 4259 Quum·

517 4276 640 4339 que
685 4257 740 4321 is
782 4278 1008 4323 rumor
1049 4257 1243 4342 paulo
1293 4260 1522 4326 fuisset
1564 4271 1715 4327 ante
1758 4262 1841 4328 ad
1884 4284 1990 4328 me
2033 4262 2305 4343 delatae,
2351 4287 2455 4330 re-

512 4340 780 4408 ficiebar
831 4353 1050 4409 tamen
1108 4345 1544 4412 consolatione
1600 4348 1918 4432 singulari
1970 4350 2140 4432 quod
2193 4358 2259 4415 te
2303 4371 2453 4415 cum

519 4425 770 4494 Far-ello
825 4429 1004 4494 Mem
1093 4429 1391 4514 lgardum
1449 4453 1828 4499 concessum
1894 4454 2035 4500 esse
2099 4434 2453 4516 audieram,

513 4532 594 4578 eo
638 4511 810 4596 quod
855 4536 971 4580 vos
1082 4518 1143 4581 ei
1185 4537 1412 4582 servos
1466 4517 1692 4584 fideles
1735 4533 1801 4584 et
1843 4520 2209 4602 praeclaros
2265 4520 2455 4587 facile

512 4599 932 4666 subnascenti
986 4600 1180 4669 alicui
1234 4602 1408 4667 malo
1462 4602 1821 4670 remedium
1866 4604 2179 4671 allaturos
2232 4627 2453 4690 spera-

511 4705 672 4750 rem.
748 4685 994 4751 Verum
1028 4707 1231 4771 quum
1268 4686 1428 4754 adeo
1467 4697 1538 4754 tu
1573 4689 1735 4757 haec
1770 4690 2030 4757 silentio
2063 4699 2452 4774 praetereas,

515 4779 584 4836 et
627 4769 967 4837 Genevam
1010 4774 1399 4840 concessisse
1440 4773 1822 4861 intelligam,
1878 4797 2014 4842 non
2056 4776 2305 4860 explico
2348 4798 2455 4842 me

515 4856 734 4939 ipsum
777 4858 967 4924 satis:
1034 4878 1234 4941 quare
1288 4859 1499 4925 denuo
1553 4868 1620 4927 te
1675 4882 1919 4944 precor,
1989 4871 2064 4927 ut
2118 4882 2283 4947 quae
2336 4862 2456 4929 tibi

515 4962 713 5027 super
767 4962 844 5008 eo
900 4944 1163 5028 negotio
1219 4953 1521 5011 constant
1569 4946 1785 5029 prima
1870 4969 2078 5032 uaque
2118 4948 2455 5014 occasione

517 5026 888 5111 significare
932 5029 1112 5109 velis,
1158 5037 1225 5095 et
1265 5028 1420 5115 quid
1464 5031 1660 5096 etiam
1704 5031 1893 5098 nobie
1935 5032 2263 5119 agendum
2302 5055 2452 5101 ceu-

513 5264 701 5323 2100.
722 5266 780 5335 1)
811 5267 902 5323 De
933 5267 1033 5324 hoe
1064 5270 1258 5325 itinere
1289 5269 1449 5325 nobis
1480 5269 1707 5327 aliunde
1736 5286 1850 5326 nou
1882 5278 2105 5329 conant.

2034 356 2557 427 EPISTULA&
2599 359 3018 422 2105—2109

4386 359 4515 423 420

2581 550 3011 617 aeasdooere.
3077 549 3531 617 Summenim
3568 547 3810 614 eteius
3853 545 4160 614 eeclesiae
4200 552 4517 645 etpasto·

2579 637 2671 702 ris
2704 639 3014 719 utn'nque
3047 656 3201 719 prae
3232 635 3379 701 aliis
3401 633 3505 701 vel
3540 633 3621 700 ob
3657 633 4059 699 vicinitatem
4093 630 4436 698 debitores.
4454 633 4514 705 ²)

2749 720 2945 804 Quod
3000 719 3252 788 calvini
3310 722 3622 803 scriptum
3681 720 3946 798 attinet,
4004 718 4234 801 scripsi
4289 736 4514 800 paucis

2578 808 2992 885 sententiam,
3010 809 3067 884 ⁸)
3103 828 3298 891 quam
3336 806 3545 873 fusius
3579 803 3891 887 explicari
3925 804 4117 887 cupio
4148 803 4260 870 ubi
4294 823 4513 870 coram

2532 904 2543 955 l
2578 891 2843 959 dabitur
2897 893 3099 977 (quod
3143 893 3339 959 unice
3378 912 3566 976 spere
3606 897 3675 956 et
3716 898 3905 974 opto)
3958 887 4363 972 colloquendi
4416 887 4515 954 fa-

2578 978 2803 1047 cultas.
2848 1013 3659 1027 ———————
3702 976 3856 1042 Bas.
3899 979 3956 1040 2.
3999 974 4194 1040 Febr.
4244 977 4424 1038 1555.

3361 1270 3747 1279 ————⁴———-—-—0-=

3437 1502 3629 1576 21⁰7.

2969 1657 3437 1727 CALVINUS
3484 1655 4116 1725 BULLINGERO.

2691 1830 3016 2000 metant&
3068 1831 3323 1916 aqeae
3379 1829 4513 1896 auxawaaenatuzzoeamensibus

2564 1937 2688 2000 pra
2867 1966 2881 1980 .

2574 2087 2761 2153 (Manu
2789 2091 2896 2142 scri
2936 2094 2994 2139 ta
3017 2104 3125 2142 non
3146 2092 3340 2141 exstat.
3394 2086 3584 2140 Edidit
3599 2087 3743 2141 Beza
3760 2086 3894 2141 Gen.
3955 2126 3964 2136 .
3990 2084 4107 2154 173,
4133 2084 4288 2138 Laus
4352 2125 4365 2138 .
4384 2083 4501 2151 337,

2570 2155 2786 2237 Hauon·
2815 2174 2867 2227 p.
2934 2154 3019 2238 77,
3067 2157 3277 2211 Ohouet
3319 2174 3371 2226 p.
3407 2154 3527 2223 233,
3574 2158 3751 2238 Amet.
3782 2173 3836 2278 B.
3875 2155 3902 2207 1
3976 2194 3990 2208 .
4060 2154 4265 2208 Gallice
4328 2155 4505 2223 egitur

2771 2241 2827 2279 m
2861 2225 2990 2279 edit.
3027 2227 3205 2280 Berol.
3239 2243 3293 2296 p.
3328 2224 3448 2279 230.
3519 2225 3749 2295 Anghee
3828 2223 3989 2277 lnlad.
4022 2223 4119 2277 ΙΙΙ.
4158 2221 4299 2287 131.)

2739 2395 2914 2477 Quia
2954 2398 3022 2462 in
3064 2396 3189 2462 hoc
3220 2396 3552 2480 praeclaro
3586 2394 4015 2460 humanitatis
4057 2394 4286 2473 officio,
4330 2392 4502 2478 quod

2569 2480 3007 2564 amplissimus
3049 2493 3314 2548 senatus
3357 2490 3578 2546 vester
3620 2482 3916 2564 profugis
3957 2491 4027 2545 et
4067 2479 4323 2577 miseris
4366 2478 4500 2543 fra-

2570 2567 2777 2633 tribus
2813 2568 3158 2652 praestitit,
3204 2567 3449 2634 relucet
3491 2567 3822 2651 singulare
3847 2565 4109 2649 pietatis
4153 2585 4502 2648 specimen,

2568 2655 2864 2736 quamvis
2898 2675 3104 2738 prava
3135 2651 3364 2718 mundi
3406 2652 3881 2737 ingratitudine
3914 2652 4286 2733 sepeliatur,
4331 2671 4500 2750 ¹²an

2569 2758 2765 2821 quam
2800 2747 3021 2805 tamen
3059 2760 3273 2804 coram
3296 2740 3439 2803 Deo
3475 2738 3729 2804 excidet
3764 2738 3904 2803 eius
3941 2738 4269 2801 memoria.
4329 2735 4501 2800 Mun

2569 2825 2827 2906 quidem
2889 2824 3155 2891 dubium
3209 2846 3335 2890 non
3391 2834 3510 2901 est,
3575 2825 3736 2907 quin
3791 2844 3943 2888 rara
3997 2822 4315 2905 quaedam
4369 2819 4501 2886 Dei

2566 2909 2926 2977 benedictio
2981 2911 3311 2976 civitatem
3356 2919 3643 2975 vestram
3697 2918 3974 2974 maneat.
4063 2906 4254 2989 Quod
4299 2916 4498 2974 etiam

2564 2995 3009 3061 laborantibus
3074 3005 3141 3061 et
3214 2995 3539 3079 perplexis
3601 3016 3810 3077 neque
3886 3002 4071 3059 tuum
4136 2992 4499 3069 consilium,

2564 3104 2773 3166 neque
2817 3082 3077 3148 assidua
3119 3080 3424 3148 hortandi
3467 3080 3967 3164 consolandique
4020 3078 4332 3144 sedulitas
4373 3100 4499 3144 un-

2563 3189 2759 3251 quam
2805 3168 3028 3242 defuit‚
3074 3170 3225 3251 quia
3259 3175 3517 3233 nostras
3552 3168 3845 3232 omnium
3879 3168 4053 3232 vices
4097 3166 4330 3244 obiisti,
4374 3184 4499 3248 ego

2561 3274 2681 3337 pro
2737 3274 2884 3318 mea
2945 3263 3131 3337 parte
3204 3255 3503 3338 ingentes
3566 3253 3683 3318 tibi
3751 3273 3872 3336 ago
3937 3253 4198 3336 gratias.
4310 3250 4497 3326 Vale,

2561 3339 2975 3404 ornatissime
3017 3339 3139 3416 vir,
3199 3348 3265 3403 et
3308 3338 3469 3403 mihi
3527 3359 3781 3422 semper
3821 3337 4223 3403 observande
4276 3337 4495 3401 frater.

2562 3423 2965 3508 Symmystis
3042 3435 3109 3489 et
3186 3423 3469 3489 familiae
3547 3432 3696 3489 tuae
3772 3423 4121 3506 plurimam
4199 3422 4494 3487 salutem.

2559 3508 2885 3575 Dominus
2928 3531 3044 3574 vos
3086 3530 3312 3576 omnes
3354 3530 3581 3594 regere
3625 3530 3700 3575 ac
3733 3510 3901 3575 tueri
3946 3516 4192 3592 pergat.
4274 3508 4497 3574 Gene-

2561 3615 2700 3672 vae,
2749 3602 2803 3659 3.
2850 3596 3076 3661 Nonas
3117 3596 3310 3662 Febr.
3365 3601 3543 3659 1565.

2761 3852 2821 3917 2)
2866 3850 3104 3906 Famam
3137 3852 3236 3907 illa
3269 3859 3441 3907 eam
3472 3857 3707 3921 quotuor
3740 3851 4109 3905 ministrorum
4145 3849 4497 3927 dionisam-um

2553 3918 3692 4055 Wm-msawmfflaffmffl·
3677 3925 3974 4055 ”m
3949 3923 4305 4041 cesa..
4324 3934 4493 4039 aar

2556 4073 2681 4179 cipe
2712 4058 2970 4179 ‘epistolas
3011 4058 3176 4113 huius
3219 4059 3425 4126 nequiit·
3465 4057 3928 4180 aenfilamemb
3943 4057 4175 4178 sawt
4193 4057 4398 4178 Gagai·
4422 4053 4495 4174 dv:

2555 4140 2813 4260 5425.
2827 4142 2953 4250 ⁶33⁸.-
2957 4125 3823 4250 “ssfflmfflfflw
3852 4141 4222 4274 caman...
4334 4138 4433 4192 ⁹⁸⁸

2553 4262 2639 4318 0110·
2658 4262 3144 4333 Mombelqardiam
3162 4268 3422 4319 venerunt
3453 4264 3683 4319 mellum
3708 4261 3999 4331 sapplwem
4022 4260 4213 4341 Copten
4354 4266 4468 4314 un

2554 4346 2737 4384 verum
2783 4347 2871 4385 res
2914 4332 2990 4386 ad
3028 4331 3264 4387 reditum
3324 4331 3557 4387 rossam·
3596 4333 3829 4387 remissa
3874 4336 3951 4385 eet
3997 4327 4258 4394 (Ka-eloh.
4301 4295 4491 4383 Fores

2553 4399 2625 4453 H·
2662 4397 2819 4532 1263)
2859 4468 2991 4524 Noa
3024 4470 3243 4525 omnino
3275 4476 3491 4539 matam
3519 4475 3691 4549 puta..

2555 4534 2821 4602 21021)
2860 4536 3013 4593 Haec
3053 4539 3304 4606 epistola,
3357 4541 3410 4593 a·
3453 4536 3588 4608 quid
3632 4537 3980 4617 camaena
4021 4532 4176 4616 Bam
4219 4535 4513 4615 capane-

2554 4610 2768 4688 tanao-q
2811 4612 2864 4660 et
2892 4606 3108 4689 quideq·
3142 4608 3386 4674 minima,
3421 4611 3637 4686 servam
3672 4611 3766 4660 est.
3820 4604 3957 4686 ‚Vu-
4001 4619 4144 4658 υκαι
4175 4601 4334 4657 nebu
4358 4613 4487 4670 per*

2553 4674 3613 4813 W⁸rmaiianfflmffi.
3648 4674 3905 4797 “lungun
4044 4809 4055 4821 ο
4108 4742 4119 4754 ·
4211 4684 4487 4753 mm·

2552 4826 2672 4867 ουκ
2696 4812 3137 4869 Lomencibue
3169 4813 3392 4869 Oarion
3426 4828 3480 4865 se
3514 4811 3868 4878 malaracti,
3902 4816 3965 4865 ut
4113 4808 4268 4878 opud
4303 4806 4489 4863 Ru·-

2552 4884 2673 5006 ‘12³⁸oe
2666 4881 2995 5017 remes
3020 4884 3440 4953 prospiceretur.
3502 4877 3661 4948 Quod
3692 4886 3743 4934 et
3775 4893 4081 4935 mecm
4114 4885 4206 4933 est.
4251 4875 4491 4947 (Meyer,
