4850 6200
437 434 562 498 401

435 619 613 685 volui
676 628 753 685 ut
820 620 1126 706 dispicias
1190 642 1548 706 caveasque
1629 640 1713 687 ne
1777 620 1933 705 quid
1999 622 2377 688 detrimenti

433 707 681 772 veritas
723 705 966 772 Christi
1011 708 1308 791 simplex,
1358 718 1497 773 tum
1542 706 1917 773 offendiculi
1962 706 2212 774 Christi
2270 729 2376 775 ec-

433 791 634 858 clesia
676 794 965 875 accipiat.
1053 792 1239 871 Vale,
1285 794 1529 877 optime
1585 804 1653 858 et
1704 793 1774 859 in
1835 793 2103 859 Christo
2158 793 2378 859 obser·

434 876 649 943 vande
691 877 1079 963 Bullinyere,
1126 886 1193 944 et
1234 899 1444 945 meam
1492 879 1839 944 infantiam
1885 880 1987 945 vel
2032 879 2377 963 impuden-

430 964 595 1029 tiam
635 962 784 1030 boni
828 965 1110 1031 consule.
1200 964 1309 1030 Ex
1353 964 1760 1050 Memminga
1793 964 2002 1048 pridie
2039 965 2377 1031 Nonarum

431 1049 658 1115 Martii
703 1070 876 1116 auno
917 1071 958 1115 a
997 1057 1155 1116 nato
1198 1059 1533 1116 servatore
1579 1048 1849 1118 Christo
1894 1051 2183 1119 MDLV.

1179 1188 1252 1253 Τ.
1288 1186 1721 1253 humanitatis
1765 1186 2208 1255 deditissimus

1231 1272 1781 1339 Bartholomaeus
1825 1273 2165 1342 Bertlinus

1033 1359 1341 1427 ecclesiae
1384 1359 1637 1424 Christi
1682 1357 1925 1426 ibidem
1970 1362 2289 1426 minister.

1302 1907 1458 1976 2141
1475 1960 1486 1972 .

820 2060 1300 2128 SULZERUS
1347 2061 1978 2128 BULLINGERO.

597 2231 698 2299 De
761 2238 1024 2314 utraque
1084 2254 1289 2314 nuper
1352 2238 1565 2298 exona
1640 2236 2049 2300 controversia
2066 2286 2081 2312 ,
2160 2241 2374 2301 contra

443 2317 867 2400 Wessphalum
907 2320 986 2384 de
1030 2339 1216 2385 coena
1257 2326 1316 2383 et
1353 2324 1564 2385 coma
1602 2318 1935 2385 Calvinum
1976 2322 2052 2387 de
2081 2322 2375 2402 praedes-

424 2405 743 2479 tinatione,
801 2407 895 2469 sic
938 2407 1067 2488 ayit
1104 2410 1173 2469 ut
1214 2406 1436 2470 videas
1477 2425 1619 2469 eum
1674 2404 1898 2470 talium
1940 2409 2076 2472 iam
2118 2406 2373 2474 taedere.

422 2576 782 2645 (Elxcerptum
827 2593 894 2628 ex
943 2577 1281 2645 autographo
1329 2577 1624 2640 Turicensi,
1676 2578 1891 2630 Archiv.
1933 2579 2074 2630 Plut.
2114 2579 2211 2631 vl.
2251 2580 2372 2632 Vol.

423 2643 555 2709 155,
611 2645 699 2698 sol.
755 2643 884 2709 388,
956 2645 1084 2699 olim
1141 2646 1627 2781 ScrissoLBAEpp.
1679 2646 1829 2700 'l'om-
1883 2645 1968 2701 33.
2033 2677 2097 2685 —
2163 2648 2372 2737 Simler.

421 2886 587 2950 Viro
645 2886 1212 2967 praestantissimo
1255 2885 1340 2949 D.
1386 2885 1751 2950 Heinricho
1812 2885 2198 2972 Bulliugero
2256 2886 2369 2954 do-

796 2972 973 3035 mino
1017 2982 1085 3035 et
1125 2971 1315 3035 fratri
1358 2970 1810 3037 colendissimo
1857 2993 1993 3039 suc.

421 3211 775 3278 Caeterum
821 3209 990 3294 quod
1037 3211 1313 3294 requiris
1349 3209 1428 3277 de
1469 3209 1718 3276 Caluini
1752 3212 2013 3295 scripto,
2060 3212 2126 3278 id
2163 3235 2369 3279 unum

420 3294 801 3381 responden,
849 3296 1054 3363 videri
1100 3296 1264 3360 mihi
1306 3296 1586 3361 strictim
1630 3317 1983 3364 renovasse
2029 3321 2193 3383 quae
2235 3302 2365 3384 pri·

419 3382 573 3464 dem
617 3385 684 3447 in
729 3381 945 3448 media
1003 3383 1448 3448 controversia
1503 3382 1584 3447 de
1639 3385 2066 3450 sacramentis
2122 3385 2202 3452 ab
2246 3387 2371 3452 hac

416 3477 608 3554 parte
644 3468 844 3533 allata
879 3478 1050 3545 sunt,
1094 3467 1290 3551 idque
1335 3468 1687 3535 subacerbe
1722 3492 1841 3554 pro
1886 3470 2134 3556 ingenii
2173 3473 2368 3538 vehe-

419 3555 685 3632 mentia„
745 3556 911 3619 forte
956 3567 1022 3619 et
1066 3554 1429 3638 scriptoris,
1488 3556 1703 3621 nescio
1748 3556 1962 3635 cuius,
2020 3558 2369 3624 acerbitate

418 3638 761 3719 incitatus,
827 3639 1145 3722 Vasbphazi
1189 3641 1529 3719 nimirum,
1591 3641 1774 3707 cuius
1829 3644 2141 3727 scriptum
2179 3639 2368 3710 ‘mihi

419 3727 632 3792 visum
673 3749 802 3791 non
849 3733 964 3805 est,
1011 3734 1077 3790 et
1112 3726 1225 3792 vix
1267 3727 1570 3811 legissem
1615 3729 1812 3793 etiam
1853 3727 2160 3809 oblatum,
2209 3731 2369 3797 adeo

414 3831 459 3879 a
501 3813 906 3898 pugnacibus
966 3813 1032 3878 in
1093 3812 1216 3878 hoc
1261 3816 1630 3898 argumenti
1677 3836 1918 3898 genere
1975 3815 2209 3882 libellis
2253 3815 2365 3882 ab·

414 3895 670 3975 horren,
739 3897 987 3981 pridem
1054 3899 1291 3964 harum
1350 3901 1846 3967 contentionum
1908 3900 1990 3965 ad
2054 3923 2367 3968 nauseam

417 4003 625 4068 usque
662 3999 864 4050 satur.
929 3985 1157 4050 Metuo
1192 3994 1411 4050 autem
1447 4006 1530 4050 ne
1567 3985 1947 4053 incendium
1982 3987 2370 4054 exardescat

418 4070 746 4153 utrinque,
814 4091 947 4136 non
1011 4071 1154 4136 sine
1212 4072 1399 4155 gravi
1465 4072 1789 4152 scanda10,
1857 4072 1985 4138 nisi
2041 4075 2367 4140 Dominus

416 4166 685 4243 potente
721 4176 920 4221 manu
966 4178 1085 4223 sua
1127 4167 1462 4240 temperet.
1528 4159 1722 4233 Eum,
1768 4158 1937 4243 quod
1973 4182 2179 4226 unum
2223 4181 2368 4243 pos-

418 4264 587 4322 sum,
642 4262 791 4308 cum
839 4244 1000 4308 meis
1042 4263 1271 4326 precor
1314 4251 1389 4308 ut
1432 4243 1626 4308 donet
1669 4245 1858 4311 nobis
1904 4244 2077 4311 idem
2121 4248 2368 4313 sentire

417 4340 489 4392 et
529 4329 729 4414 loqui,
788 4339 854 4393 et
900 4350 1106 4393 unum
1149 4329 1216 4393 in
1266 4330 1404 4412 ipso
1448 4351 1590 4396 esse
1633 4331 1746 4413 qui
1791 4332 2171 4399 crucifixum
2216 4354 2365 4417 pro-

416 4415 685 4481 fitemur
727 4434 971 4480 omnes.
2006 4468 2012 4474 .

594 4500 904 4585 Intelligo
963 4508 1032 4564 et
1086 4499 1285 4565 aliam
1334 4503 1847 4569 controversiam
1904 4503 2063 4570 cieri
2111 4501 2369 4570 Calvino

415 4586 1037 4671 praedestinationis
1060 4586 1343 4665 nomine,
1381 4607 1663 4672 eumque
1685 4589 2118 4658 contentionis
2146 4590 2368 4675 ignem

419 4674 618 4738 etiam
695 4674 873 4737 inter
949 4671 1186 4736 fratres
1264 4670 1605 4738 Sabandos
1682 4673 1945 4741 ditionis
2007 4675 2369 4742 Beruensis

422 4759 714 4842 gliscere,
773 4757 1130 4824 excitatum
1177 4780 1217 4822 a
1263 4757 1573 4825 Zebedaeo
1614 4759 1891 4843 quodam
1938 4761 2199 4842 Geldro,
2256 4763 2370 4845 qui

419 4855 491 4908 et
533 4847 671 4910 eius
713 4846 912 4910 etiam
975 4846 1375 4926 tempestatis
1433 4845 1500 4910 in
1559 4845 1828 4912 ecclesia
1865 4847 2187 4913 Beruensi
2235 4870 2367 4913 non

420 4939 786 5014 postremus
831 4939 1020 4994 autor
1074 4931 1332 4996 exstitit
1374 4929 1454 4995 de
1497 4931 1859 4998 ministerio
1915 4944 1981 4999 et
2035 4933 2365 5019 symbolis,

468 5035 594 5081 uae
628 5038 733 5082 me
769 5036 917 5081 cum
962 5016 1108 5080 aliis
1147 5018 1361 5099 patria
1403 5018 1608 5084 eiecit.
1693 5018 1875 5085 Adeo
1920 5041 2052 5084 non
2092 5021 2368 5105 quiescit

482 5110 727 5167 atanas.
797 5105 1008 5188 Agam
1053 5124 1200 5167 cum
1247 5104 1472 5169 amicis
1507 5104 1764 5170 Bernae
1799 5105 2120 5171 hortando
2162 5128 2367 5190 quan-

423 5195 568 5252 tum
617 5209 877 5270 possum
923 5198 997 5253 ut
1041 5191 1424 5271 tempestive
1469 5190 1641 5256 malo
1697 5190 2028 5276 ingruenti
2071 5214 2367 5260 occurra-

411 5283 552 5339 tur.
643 5273 946 5358 Intelligo
1004 5274 1181 5338 enim
1239 5297 1321 5340 ex
1388 5275 1775 5358 quibusdam
1847 5278 1961 5343 hos
2021 5280 2365 5346 conflictus

411 5358 778 5427 odiosiores
813 5379 886 5425 ac
929 5360 1092 5425 forte
1132 5362 1621 5441 periculosiores
1663 5363 1914 5429 futuros
1952 5385 2144 5449 quam
2189 5366 2362 5450 prio-

1935 430 2458 500 EPISTOLAE
2503 436 2924 496 2140--2142

4307 438 4435 501 492

2477 641 2585 688 res
2642 621 2903 688 fuerint.
2990 623 3113 702 Tu,
3168 623 3260 687 mi
3318 621 3706 709 Bullinyere,
3764 623 3819 689 si
3877 624 4035 709 quid
4089 626 4165 691 in
4216 646 4298 693 ea
4358 646 4434 692 rs

2480 718 2685 860 Ῑῖἓὲοέ,
2723 708 2872 789 scio,
2918 707 3326 795 advigilabis.
3389 710 3580 776 Vale.
3645 709 3849 776 Basil.
3888 715 3946 776 7.
3984 709 4211 777 Martii
4254 731 4434 779 anno

3805 933 3880 999 Τ.
3926 931 4257 1001 Sulcerus.

3363 1411 3554 1483 2142.

2950 1565 3475 1634 VERMILIUS
3521 1566 3958 1636 GALVINO.

2652 1736 3089 1819 Defensionem
3149 1738 3497 1806 cmm
3553 1741 3782 1822 accepit
3844 1745 3901 1806 et
3953 1741 4123 1808 edita
4175 1742 4491 1826 gaudet.-

2497 1822 2883 1889 Vocationem
2926 1846 2965 1888 a
3007 1830 3176 1891 coetu
3213 1824 3524 1890 Italorum
3572 1826 4025 1893 Geaeaevensimn
4080 1826 4210 1893 sibi
4262 1827 4429 1894 obla-

2476 1913 2607 1974 tam
2642 1928 2762 1989 pro
2804 1914 3072 1993 tempore
3090 1912 3301 1993 nequit
3341 1911 3534 1994 sequi.
3607 1910 3731 1977 Sed
3750 1911 3903 1978 haec
3933 1912 4197 1980 brevius.
4270 1913 4429 1981 Fere

2476 1998 2638 2060 totus
2678 2002 2766 2060 est
2807 1996 2880 2062 in
2898 1997 3228 2091 ‚tradenda
3273 2017 3394 2062 sua
3429 1996 3505 2063 de
3544 2000 3967 2065 eoenmunione
4005 2017 4147 2065 eum
4183 1998 4429 2066 Christo

2477 2083 2797 2160 sententia,
2845 2102 3035 2163 eaque
3078 2102 3144 2148 eo
3166 2083 3515 2148 obeam-iore
3557 2089 3615 2148 et
3656 2085 4044 2151 intricatior-⁴3
4074 2105 4193 2168 quo
4222 2087 4429 2169 ’καρίς

2476 2166 2545 2230 in
2590 2166 2991 2248 explananda
3033 2169 3313 2234 desudat.

2480 2338 2589 2403 (Ex
2644 2339 2944 2408 appendice
2998 2339 3261 2393 Locorum
3314 2341 3674 2394 communium
3728 2341 3935 2395 autoris
3982 2342 4067 2395 ed.
4111 2342 4227 2410 wig.
4277 2341 4425 2409 1580,

2992 2408 3083 2461 fol.
3118 2406 3237 2462 5⁷⁷.
3310 2408 3411 2462 Ed.
3452 2408 3601 2478 1587,
3636 2427 3686 2479 p.
3726 2408 3906 2476 1094.)

2648 2579 2978 2645 Libellum
3003 2579 3396 2647 defensionis
3430 2603 3782 2647 consensus
3811 2591 4184 2648 nostrarum
4220 2583 4427 2649 eccle·

2476 2666 2722 2730 siarum
2762 2665 2842 2729 de
2885 2668 3395 2732 sacramentaria
3426 2669 3867 2733 controversia
3902 2677 3968 2733 et
4003 2669 4135 2733 iam
4173 2667 4425 2733 editum

2474 2750 2730 2834 gaudeo
2774 2760 2840 2815 et
2893 2752 2989 2816 illi
3033 2773 3231 2836 quam
3289 2753 3880 2819 cumulatissimum
3923 2756 4207 2820 fructum
4251 2766 4423 2838 opto,

2476 2857 2599 2903 nec
2641 2837 2865 2902 dubito
2909 2858 3026 2920 pro
3070 2837 3432 2905 eruditione
3475 2861 3551 2906 ac
3605 2841 3848 2923 pietate
3892 2861 4019 2924 qua
4059 2841 4427 2907 instructus

2475 2923 2696 3006 prodit
2757 2922 3038 2989 infirmis
3104 2925 3449 2990 utilitatem
3469 2977 3484 3004 ,
3563 2925 3834 2991 eruditis
3898 2927 4423 3005 consolationem,

2472 3009 2914 3091 pertinacibus
2957 3031 3113 3074 vero
3156 3012 3437 3076 multum
3480 3012 3799 3077 stomachi
3854 3022 4049 3095 atque
4091 3012 4226 3077 odii
4267 3011 4426 3077 alla-

2473 3107 2731 3161 turum:
2779 3116 2990 3178 neque
3034 3096 3100 3161 id
3137 3116 3379 3163 novum
3426 3100 3553 3164 erit
3589 3101 3743 3182 quia
3781 3098 3877 3164 ita
3922 3098 4103 3166 verbi
4126 3100 4254 3165 Dei
4297 3101 4425 3165 fert

2472 3180 2777 3247 conditio.
2871 3181 3063 3262 Quod
3113 3184 3282 3249 nihil
3328 3204 3554 3249 eorum
3611 3204 3776 3269 quae
3820 3206 4203 3251 monueram
4241 3185 4291 3270 ¹)
4335 3187 4425 3250 sit

2472 3268 2911 3344 immutatum,
2972 3266 3212 3332 auditis
3255 3271 3618 3336 rationibus
3662 3291 3825 3354 quas
3867 3273 4214 3356 assignasti
4257 3273 4421 3355 epis-

2472 3354 2609 3419 tola
2650 3361 2767 3418 tua
2807 3354 2878 3417 in
2936 3354 3251 3437 optimam
3308 3354 3551 3422 nedum
3602 3358 3669 3421 in
3726 3356 3960 3422 bonam
3998 3366 4270 3444 ,partem
4315 3378 4418 3423 ac-

2473 3441 2658 3523 cipio.
2750 3440 2896 3504 Hoc
2940 3450 3163 3505 tamen
3223 3463 3370 3506 sum
3415 3444 3711 3520 miratus,
3770 3453 3838 3508 et
3891 3443 4059 3508 laeto
4101 3445 4322 3509 animo
4366 3445 4423 3509 si

2474 3527 2568 3593 sic
2623 3525 2897 3591 haberet
2950 3525 3275 3606 audirem,
3334 3527 3415 3593 N.
3439 3531 3494 3608 ²)
3550 3548 3717 3611 quae
3766 3529 4086 3612 scripsisti
4130 3550 4249 3596 suo
4290 3530 4424 3595 cal·

2473 3611 2620 3678 culo
2664 3611 2986 3695 probasse.
3076 3612 3318 3677 Virum
3360 3615 3537 3679 enim
3581 3614 3665 3679 ob
3722 3613 3883 3680 alias
3940 3617 4079 3681 eius
4123 3616 4423 3701 egregias

2474 3697 2659 3763 dotes
2703 3719 2883 3763 amo:
2929 3698 3041 3763 sed
3082 3699 3152 3762 in
3194 3697 3319 3765 hac
3363 3699 3443 3764 de
3487 3721 3614 3782 qua
3657 3722 3834 3767 nunc
3869 3701 4125 3785 agimus
4168 3709 4422 3767 contro—

2473 3785 2692 3849 versia
2728 3804 2987 3866 semper
3022 3784 3187 3848 mihi
3218 3786 3401 3850 visus
3438 3797 3539 3851 est
3586 3789 3978 3867 σαξονωιίζειν
4013 3787 4160 3870 plus
4196 3808 4420 3871 aeque,

2473 3882 2542 3937 et
2597 3893 2636 3935 a
2692 3891 2848 3935 vero
2905 3870 3073 3952 quod
3138 3881 3400 3936 tuemur
3458 3872 3744 3937 alienum
3803 3874 4094 3938 animum
4160 3873 4419 3939 habere.

2473 3955 2653 4039 Quid
2700 3956 2909 4021 nostri
2965 3956 3319 4022 iudicaturi
3364 3958 3499 4023 sint
3539 3959 3774 4024 nescio.
3868 3957 4243 4041 Mamachio
4287 3967 4421 4024 tra-

2474 4042 2720 4108 dendas
2755 4053 2822 4105 et
2855 4042 3081 4107 literas
3117 4051 3184 4107 et
3223 4042 3466 4109 librum
3502 4043 3949 4111 iudicavimus.
3974 4050 4031 4119 ⁸)
4098 4044 4207 4109 Nil
4244 4046 4421 4110 enim

2474 4126 2801 4194 scribebas
2844 4127 3016 4210 quod
3059 4150 3098 4192 a
3140 4129 3424 4195 cordatis
3481 4130 3855 4196 hominibus
3900 4151 4030 4195 non
4081 4129 4311 4198 debeat
4352 4141 4423 4196 et

2471 4215 2679 4297 possit
2721 4215 2912 4297 aequi
2951 4215 3230 4297 bonique
3272 4217 3429 4281 fieri.
3498 4215 3645 4281 Non
3691 4228 3915 4282 autem
3951 4218 4211 4282 mireris
4244 4215 4420 4300 quod

2471 4302 2744 4366 fortasse
2789 4298 3040 4365 tardius
3084 4300 3568 4383 respondeatur.
3649 4301 4031 4369 Conventus
4073 4301 4334 4385 quidem
4380 4324 4424 4368 a

2475 4388 2609 4452 tuis
2666 4386 2875 4451 literis
2931 4385 3204 4452 redditis
3261 4387 3468 4453 habiti
3524 4399 3698 4466 sunt,
3758 4401 3825 4453 at
3868 4409 4161 4454 mensem
4207 4397 4419 4453 totum

2476 4471 2896 4553 Marpachius
2958 4473 3097 4555 ipse
3151 4471 3385 4551 abfuit,
3446 4475 3555 4556 qui
3601 4495 3641 4538 a
3698 4484 3976 4556 quatuor
4033 4473 4262 4540 diebus
4318 4484 4423 4540 est

2473 4579 2800 4623 reversus.
2900 4557 2984 4623 In
3042 4560 3326 4642 patriam
3381 4560 3506 4624 ivit
3530 4558 3588 4646 ⁴)
3654 4568 3723 4623 et
3786 4558 4116 4625 redeundo
4172 4561 4421 4645 Tiguro

2473 4645 2600 4709 iter
2640 4645 2819 4723 fecit,
2877 4666 3107 4728 meque
3161 4646 3422 4711 illorum
3468 4646 3759 4711 omnium
3802 4646 4255 4711 ministrorum
4302 4668 4423 4712 no-

2473 4731 2654 4795 mine
2697 4730 3027 4796 salutavit.
3053 4732 3111 4816 ⁶)
3175 4730 3538 4814 Loquendo
3579 4733 3737 4797 satis
3782 4742 3881 4798 est
3921 4731 4088 4798 lenis
4128 4743 4193 4797 et
4237 4732 4423 4798 blan-
4494 4727 4507 4738 ⁸

2472 4970 2654 5027 2142.
2682 4970 2739 5036 1)
2787 4969 2920 5024 Vide
2956 4968 3031 5023 N.
3068 4967 3219 5022 2089.

2675 5039 2738 5102 2)
2775 5039 2888 5094 Hic
2926 5037 3141 5092 Suleeri
3170 5053 3364 5091 nomen
3397 5054 3464 5091 su
3571 5053 3747 5093 essum
3779 5039 3954 5106 fuisse
3988 5041 4347 5110 suspicamur.

2675 5109 2739 5174 3)
2779 5107 2863 5173 Gt.
2905 5106 3170 5162 Garnen‘i
3201 5122 3281 5176 ep.
3319 5106 3394 5162 N.
3427 5054 3583 5161 fig.

2673 5180 2737 5242 4)
2778 5175 3112 5231 Liadaviam
3149 5176 3216 5242 cf.
3260 5175 3329 5229 N.
3364 5175 3521 5230 2145.

2674 5246 2736 5314 5)
2777 5242 2957 5314 Quasi
2984 5245 3046 5298 id
3068 5246 3255 5313 moysi
3281 5249 3533 5300 nomenti
3561 5246 3759 5312 fuisset
3791 5251 3841 5300 et
3877 5247 4140 5302 mentione
4171 5246 4414 5318 diff-nm.

2482 5317 2677 5371 Verum
2711 5315 3019 5369 memineris
3052 5329 3088 5384 q
3196 5314 3206 5326 ‘
3264 5318 3396 5370 tunc
3437 5317 3549 5369 iam
3593 5315 3765 5381 fueri!
3797 5315 4158 5384 Armonio·
4186 5316 4415 5372 calcini-

2466 5386 2713 5442 saraiam
2747 5389 2797 5440 et
2834 5383 3349 5438 immanitas-tium
3382 5391 3573 5439 mutua
3603 5387 3958 5440 mmmm.
