4850 6200
431 421 559 483 643

438 606 749 683 Gribaldo
803 606 916 690 qui
981 624 1194 671 omnes
1256 606 1387 687 ipsi
1449 605 1708 670 minime
1759 623 1885 686 per
1937 603 2150 670 omnia
2206 604 2391 669 satis-

426 694 693 776 faciant.
788 691 961 758 Suae
1024 692 1232 774 ipsius
1295 690 1728 757 tribulationes
1785 691 2052 772 exponit,
2100 689 2392 756 Lau-san-

432 781 725 846 nonaum
764 779 952 861 fidem
982 778 1333 860 praedicat.

438 951 764 1021 (Exemplar
798 948 1166 1003 authenticum
1204 948 1376 1002 Besae
1411 966 1575 1003 mann
1620 949 1881 1030 scriptum
1918 949 2132 1002 videtur
2167 948 2223 1000 in
2262 946 2389 1001 Cod.

435 1020 644 1075 Genev.
680 1017 826 1081 107⁸,
860 1018 950 1072 fol.
991 1017 1092 1070 117
1130 1017 1281 1072 cuius
1317 1019 1551 1086 margini
1587 1017 1843 1071 Calvinus
1879 1017 2110 1070 addidit:
2167 1016 2393 1071 Meliori

447 1089 739 1144 Volmario.
810 1088 1035 1157 Legitur
1088 1093 1377 1156 praeterea
1426 1088 1482 1140 in
1530 1086 1658 1141 Cod.
1708 1084 1823 1150 108,
1870 1086 1961 1139 fol.
2007 1084 2093 1152 24,
2146 1087 2201 1140 in
2246 1085 2388 1154 Epp.

724 1157 885 1210 Bern.
926 1155 1024 1209 VI.
1066 1173 1118 1225 p.
1155 1153 1261 1209 475
1296 1162 1352 1208 et
1386 1172 1471 1224 ap.
1509 1156 1797 1210 Simlerum
1834 1155 1952 1208 Vol.
1987 1153 2101 1222 85.)

536 1382 541 1391 .
608 1325 678 1392 S.
723 1326 920 1394 Facis
966 1338 1076 1393 tuo
1120 1349 1302 1393 more
1337 1326 1509 1411 quod
1548 1349 1707 1392 auro
1744 1327 1963 1393 nescio
2006 1325 2162 1412 quid
2198 1326 2387 1391 char-

432 1420 654 1478 tarum
699 1434 1100 1497 compensas.
1130 1417 1182 1496 ¹)
1268 1412 1521 1478 Verum
1565 1411 1737 1496 quod
1781 1415 1836 1479 si
1881 1426 2095 1479 astute
2139 1412 2391 1478 aditum

432 1499 597 1565 mihi
644 1499 1046 1581 praecludas,
1084 1520 1169 1564 ne
1203 1497 1460 1584 legendi
1510 1498 1722 1565 taedio
1766 1500 2087 1566 conficere
2131 1508 2197 1562 te
2240 1520 2387 1582 per-

435 1582 643 1669 gam?
734 1583 885 1650 Scio
941 1587 1115 1649 enim
1179 1586 1483 1667 quamvis
1543 1586 1662 1651 tibi
1706 1584 1984 1653 liberum
2043 1586 2131 1651 sit
2188 1585 2388 1650 libros

432 1691 617 1736 meos
695 1690 1040 1753 seponere,
1122 1682 1196 1737 ut
1260 1672 1377 1737 tibi
1444 1670 1606 1736 nihil
1672 1672 2012 1737 molestiae
2091 1671 2386 1748 afferant,

435 1778 725 1822 amorem
785 1778 945 1841 erga
999 1778 1105 1823 me
1169 1769 1353 1823 tuum
1411 1778 1547 1822 non
1603 1758 1820 1823 sinere
1874 1771 1951 1822 ut
2004 1778 2043 1821 a
2111 1757 2390 1824 lectione

430 1862 705 1927 prorsus
767 1842 1114 1908 abstineas.
1203 1843 1423 1909 Huius
1479 1843 1681 1909 studii
1724 1845 1842 1910 tibi
1879 1845 2176 1912 conscius
2218 1843 2389 1909 forte

435 1948 670 1995 cavere
698 1929 800 1993 vis
833 1949 916 1992 ne
950 1929 1069 1993 tibi
1094 1930 1437 1994 materiam
1460 1930 1731 2013 posthac
1765 1930 2133 1995 obtrudam.
2201 1929 2389 1994 Nihil

435 2022 659 2078 tamen
718 2014 841 2080 hoc
907 2014 1181 2080 artificio
1244 2016 1534 2098 proficis:
1603 2015 1756 2098 quia
1821 2037 1891 2082 se
1958 2016 2077 2082 tibi
2142 2016 2391 2101 ingerit

434 2120 651 2164 novus
694 2099 876 2175 liber,
898 2104 952 2175 2)
998 2098 1113 2165 sed
1157 2122 1306 2167 cum
1351 2101 1472 2167 hac
1496 2100 1952 2167 commoditate
1974 2116 2053 2167 ut
2095 2104 2152 2167 si
2175 2102 2388 2186 primo

435 2197 633 2269 gustu
689 2207 817 2249 non
879 2187 1135 2268 placeat
1188 2188 1309 2253 tibi
1368 2189 1701 2271 integrum
1760 2189 1847 2252 sit
1904 2188 2199 2254 abiicere.
2283 2187 2387 2253 De

437 2289 635 2334 aureo
671 2273 922 2336 interea
972 2272 1089 2337 tibi
1126 2275 1372 2357 gratias
1419 2296 1540 2358 ago
1578 2296 1705 2339 non
1744 2273 2069 2359 vulgares,
2105 2286 2177 2338 ut
2213 2282 2388 2339 certe

433 2354 775 2439 inscriptio
818 2379 1041 2422 rarum
1087 2380 1229 2424 esse
1275 2381 1516 2424 munus
1558 2360 1861 2424 ostendit.

621 2443 725 2507 De
800 2443 1159 2509 scribendis
1226 2445 1305 2508 ad
1375 2446 1676 2510 tetricum
1743 2454 2037 2510 vestrum
2064 2449 2118 2523 ³)
2180 2444 2390 2509 literis

433 2526 626 2594 video
691 2528 847 2611 quid
912 2528 1076 2593 mihi
1142 2542 1365 2597 tacens
1428 2531 1847 2613 praescribas.
1939 2531 2120 2616 Ergo
2188 2531 2390 2597 donec

433 2613 631 2696 paulo
688 2616 772 2679 sit
819 2617 1218 2685 mansuetior
1263 2616 1617 2699 praestabit
1661 2616 1831 2682 nihil
1877 2628 2148 2682 tentare.
2208 2616 2391 2684 Olim

433 2721 637 2782 quum
694 2723 799 2765 me
855 2702 1304 2784 alloquebatur
1361 2702 1681 2769 residebat
1743 2705 1885 2769 eius
1949 2704 2216 2769 ferocia:
2277 2701 2392 2768 sed

432 2807 565 2851 non
626 2788 1045 2865 committam,
1102 2788 1183 2852 ab
1231 2793 1438 2854 amico
1497 2789 1817 2871 prudente
1878 2789 2272 2864 admonitus,
2318 2799 2392 2854 ut

432 2892 540 2936 me
598 2873 870 2939 barbare
926 2876 1228 2957 excipiat.
1322 2874 1653 2940 Frechtum
1670 2879 1726 2949 ⁴)
1772 2877 1966 2941 etiam
2014 2875 2210 2941 audio
2255 2885 2387 2940 sto·

433 2957 740 3023 machose
764 2959 997 3035 dicere,
1033 2980 1276 3026 novum
1303 2962 1369 3024 in
1396 2982 1590 3026 causa
1625 2961 2136 3026 sacramentaria
2168 2963 2389 3046 ignem

429 3064 580 3109 mea
623 3045 819 3129 culpa
861 3046 1059 3111 fuisse
1105 3048 1480 3124 excitatum,
1526 3046 1684 3130 quia
1729 3047 1941 3112 sobrie
1986 3057 2055 3112 et
2096 3047 2388 3113 modeste

427 3142 725 3195 nostram
792 3132 1155 3196 doctrinam
1236 3144 1464 3197 contra
1539 3135 1953 3218 importunos
2031 3154 2388 3217 paucorum

432 3215 776 3280 hominum
804 3221 854 3292 ⁵)
878 3216 1197 3282 clamores
1221 3217 1570 3284 defendere
1604 3240 1805 3284 ausus
1837 3219 2089 3284 fuerim.
2173 3220 2388 3284 Mirae

432 3322 592 3365 vero
655 3313 811 3366 sunt
873 3301 1147 3368 istorum
1215 3302 1555 3372 hominum
1623 3305 1936 3384 lautitiae,
1984 3324 2146 3387 quos
2202 3304 2390 3369 nulla

433 3387 798 3468 quamlibet
860 3386 1112 3452 furiosa
1170 3388 1238 3454 in
1306 3412 1426 3456 nos
1482 3389 1906 3476 intemperies
1972 3390 2273 3456 offendit:
2332 3392 2388 3456 si

431 3481 652 3537 autem
693 3494 810 3539 nos
846 3493 964 3556 pro
1010 3475 1287 3540 veritate
1322 3477 1668 3542 verbulum
1702 3478 1996 3556 facimus,
2034 3476 2389 3542 excandes-

434 3568 594 3622 cunt
638 3559 720 3624 ob
781 3560 1107 3624 turbatam
1167 3581 1412 3643 pacem.
1519 3563 1856 3647 Veryerius
1876 3567 1928 3632 ⁶)
1986 3583 2258 3646 quoque,
2318 3574 2392 3627 ut

431 3643 605 3726 apud
665 3666 775 3709 eos
832 3646 1115 3729 gratiam
1172 3646 1298 3712 sibi
1354 3649 1673 3728 conciliet,
1727 3650 2067 3732 praeconis
2123 3669 2389 3731 operam

432 3729 774 3812 impendit.
863 3731 1008 3816 Ego
1061 3752 1240 3810 vero,
1283 3735 1392 3816 qui
1440 3733 1689 3818 pridem
1736 3736 1818 3800 ab
1856 3735 2101 3817 iniquis
2136 3734 2394 3800 iudiciis

436 3835 567 3880 non
639 3815 925 3900 pendere
992 3816 1207 3895 didici,
1279 3822 1487 3904 magis
1549 3822 1826 3905 respicio
1893 3820 2051 3904 quid
2105 3820 2394 3904 postulet

436 3903 808 3966 communis
860 3902 1170 3968 ecclesiae
1231 3905 1498 3971 utilitas.
1590 3906 1771 3988 Quid
1829 3904 1909 3972 de
1954 3928 2058 3971 me
2104 3907 2394 3973 sentiant

435 3986 536 4051 illi
582 3987 687 4052 vel
747 3988 1096 4071 loquantur
1145 3990 1312 4056 nihil
1370 4014 1602 4058 moror.
1698 3992 2030 4060 Frechtum
2082 4014 2390 4078 cuperem

437 4244 715 4369 zmodtl)
754 4246 1020 4302 Fortasse
1046 4249 1285 4316 pretim»
1319 4249 1451 4304 labri
1480 4251 1765 4306 cuiusdam
1790 4268 1827 4305 a
1849 4251 2074 4307 Calvino
2102 4250 2239 4306 edita·
2268 4250 2397 4306 huic

435 4330 600 4370 muer
664 4355 674 4365 .

644 4382 707 4450 2)
746 4382 836 4437 De
867 4386 1251 4438 commentario
1285 4386 1345 4439 in
1384 4387 1748 4443 Harmoniam
1781 4388 2020 4457 coqitare
2048 4389 2249 4456 poam.

646 4452 707 4516 3)
754 4451 1051 4522 Quemnam
1086 4469 1152 4506 ex
1194 4453 1628 4522 Tubinyeneibua
1675 4457 1775 4512 hoe
1808 4457 2026 4511 nomiae
2070 4457 2270 4511 salutet
2302 4456 2393 4512 de-

434 4522 601 4587 finire
647 4538 760 4576 non
811 4524 1061 4576 ausimne
1111 4539 1276 4591 quum
1344 4525 1608 4580 Volmarii
1677 4525 1865 4579 literas
1914 4542 2027 4579 noa
2082 4526 2396 4581 habeamus.

441 4587 588 4645 Selia
655 4591 764 4656 fias
798 4591 947 4645 solas
980 4594 1042 4643 ia
1058 4591 1158 4644 hoc
1192 4591 1448 4648 thesauro
1481 4595 1733 4649 occurrit.
1793 4592 2062 4660 Caeteros,
2081 4592 2392 4660 Kiliamm,

444 4606 792 4729 Scheffium,
846 4659 1172 4714 Beurlinum
1185 4703 1198 4726 ,
1252 4661 1677 4717 Heerbrandn‘un
1749 4662 1955 4717 Noster
2003 4664 2100 4717 02·ae
2148 4669 2394 4718 noverat.

440 4728 625 4785 Nobis
659 4736 840 4783 tamen
872 4731 1059 4797 potius
1092 4728 1362 4784 Bremia
1394 4731 1482 4786 hie
1514 4733 1576 4785 in
1608 4746 1826 4785 aarum
1860 4731 2046 4786 veo-in
2075 4733 2310 4789 videtvr.

447 4865 593 4921 Ταῦ.
647 4797 708 4865 4)
743 4796 915 4879 Nune
948 4802 1059 4852 ian
1095 4813 1162 4852 ea*
1196 4805 1398 4868 quarto
1431 4815 1579 4856 anno
1601 4799 1875 4870 Mayister
1904 4800 2096 4855 domes
2131 4800 2398 4870 stipendii

567 4882 829 4934 esycum.

648 4937 708 5000 5)
748 4935 1054 4990 Flaeiame
1080 4938 1282 5005 partie.

647 5004 707 5072 6)
747 5006 815 5057 Δ.
842 5003 979 5059 1668
1002 5021 1094 5060 ver
1130 5012 1248 5062 ente
1279 5022 1316 5059 a
1350 5005 1486 5060 duce
1519 5006 1909 5077 christophoro
1944 5012 2167 5064 vocam
2196 5005 2391 5063 Tabia·

477 5087 566 5126 aa·
618 5079 842 5128 venerat
891 5075 988 5130 ubi
1036 5075 1057 5128 1
1113 5091 1173 5129 er
1224 5076 1295 5130 ab
1348 5077 1502 5131 omni
1547 5075 1734 5141 officio
1777 5076 2000 5145 publico
2054 5076 2394 5146 versabatur,

497 5142 678 5196 natio
728 5147 779 5196 et
811 5141 1085 5209 Andreae,
1140 5151 1250 5198 tum
1293 5143 1720 5216 Goeppinqenei,
1771 5144 2103 5214 familiaria,
2164 5144 2396 5200 Calvino

484 5215 668 5278 raptor
713 5210 1067 5281 sedulitatem,
1324 5221 1499 5278 vocat,
1546 5231 1589 5269 e.
1624 5215 1968 5271 ambitionem
2000 5219 2064 5268 ut
2107 5213 2213 5268 ala·
2253 5213 2391 5269 diee-

436 5226 593 5342 ἲοηι,
630 5287 745 5333 mm
778 5295 985 5350 quoque
1018 5281 1086 5335 de
1105 5228 1528 5339 manis-no
1562 5290 1855 5353 suspectus.
1918 5283 2025 5349 (N.
2050 5279 2218 5349 1415,-
2255 5282 2393 5340 Sint.

430 5366 495 5418 p.
532 5346 667 5415 2155
701 5346 928 5416 Καρῶν,
964 5349 1069 5404 He.
1108 5349 1235 5406 Chr.
1272 5352 1344 5405 11.
1379 5351 1511 5420 320;
1557 5353 1818 5410 Treehsel.
1854 5352 1921 5408 11.
1957 5349 2103 5420 124.)

1946 412 2477 480 EPIS'DOLAE
2525 415 2954 478 2220—2222

4332 415 4456 476 644

2494 622 2638 667 esse
2682 601 3071 685 aequiorem.
3134 598 3264 667 Nec
3299 621 3479 681 vero,
3522 602 3580 668 si
3623 622 3753 684 qua
3793 602 3924 667 erit
3965 603 4105 668 eius
4149 603 4450 686 placandi

2492 688 2681 767 ratio,
2719 687 3071 772 negligam.
3140 687 3428 752 Tantum
3465 686 3618 771 quid
3658 689 3901 753 sentias
3937 688 4233 754 admone.
4301 688 4447 755 Ver-

2488 774 2708 858 qerius
2764 795 2897 839 non
2948 772 3110 838 adeo
3153 795 3259 838 me
3302 784 3543 852 movet,
3565 786 3570 791 ’
3590 775 3778 839 cuius
3820 774 4094 858 probata
4134 784 4308 841 esset
4348 797 4447 841 se-

2495 858 2752 935 dulim,
2812 859 2940 924 nisi
3000 858 3340 943 satagendi
3382 858 3607 924 fervor
3648 859 3731 925 ad
3776 860 4022 925 multas
4064 881 4218 925 eum
4259 861 4446 946 inep-

2493 945 2620 1011 tias
2687 945 3031 1028 abriperet.
3143 945 3324 1009 Dum
3388 966 3549 1010 vero
3614 944 3828 1010 videri
3893 948 4142 1029 appetit
4197 946 4449 1030 aliquid

2493 1052 2710 1117 agere,
2768 1052 2888 1097 sua
2951 1031 3405 1113 inquietudine
3462 1053 3533 1097 se
3592 1032 3836 1115 absque
3878 1032 4073 1098 laude
4116 1040 4184 1098 et
4225 1032 4445 1099 fructu

2493 1118 2769 1184 conficit.
2858 1117 2985 1182 Est
3020 1117 3266 1182 homini
3315 1119 3512 1182 etiam
3549 1118 3845 1203 ingenita
3887 1117 4204 1201 quaedam
4243 1119 4448 1185 nimia

2490 1204 2791 1284 facilitas,
2827 1224 2993 1286 quae
3033 1203 3195 1268 adeo
3217 1202 3573 1268 flexibilem
3605 1203 3820 1269 reddit
3854 1213 3927 1269 ut
3947 1225 4060 1270 sae
4105 1226 4142 1269 e
4175 1216 4449 1291 cogatur

2492 1300 2751 1355 mutare
2806 1289 3220 1354 sententiam.
3312 1288 3465 1355 Scio
3520 1309 3626 1355 me
3702 1289 3870 1354 nihil
3929 1291 4055 1356 scri
4137 1313 4209 1356 re
4273 1291 4446 1375 quod

2493 1397 2630 1441 non
2692 1397 2817 1441 usu
2884 1376 3005 1441 tibi
3068 1384 3474 1458 compertum
3543 1376 3647 1441 sit.
3756 1375 3957 1441 Iuvat
4017 1386 4238 1442 tamen
4286 1378 4447 1445 haec

2493 1462 2903 1527 familiariter
2964 1463 3035 1526 in
3102 1461 3320 1527 sinum
3388 1469 3572 1526 tuum
3641 1461 3983 1544 deponere,
4047 1461 4152 1528 vel
4196 1484 4326 1528 una
4366 1463 4447 1530 de

2495 1569 2707 1624 causa,
2744 1570 2827 1613 ne
2850 1549 2992 1612 eius
3024 1548 3278 1626 levitas,
3304 1569 3504 1630 quum
3527 1548 3676 1614 istic
3711 1551 3970 1613 venerit
4004 1549 4368 1629 Gribaldas,
4392 1553 4447 1631 7)

2495 1635 2617 1700 sibi
2662 1632 2872 1698 fraudi
2921 1635 3022 1699 sit.
3111 1634 3264 1699 Non
3301 1633 3563 1717 disputo
3604 1635 3675 1698 in
3723 1635 4092 1717 praesentia
4135 1655 4253 1700 cur
4295 1656 4449 1701 eum

2493 1720 2909 1786 accersiverit
2975 1720 3079 1785 vel
3144 1721 3582 1787 insinuaverit
3645 1720 3716 1784 in
3781 1721 4062 1805 gratiam
4114 1722 4445 1806 principis.

2493 1806 2843 1890 Speciosus
2909 1815 3010 1871 est
3075 1806 3271 1885 color,
3337 1807 3668 1872 hominem
3748 1807 4070 1891 evangelii
4149 1828 4349 1874 causa
4410 1828 4452 1873 a

2490 1893 2769 1958 Venetis
2794 1893 3142 1977 expulsum
3171 1894 3472 1976 recipere.
3500 1893 3753 1957 Verum
3790 1894 3845 1959 si
3867 1892 4032 1957 mihi
4054 1915 4182 1958 non
4207 1892 4445 1974 eredis,

2491 1999 2597 2044 res
2642 1977 2912 2044 tandem
2955 1980 3100 2062 ipsa
3141 1980 3458 2055 ostendet,
3501 1980 3834 2045 hominem
3879 1980 3989 2062 qui
4035 1999 4154 2045 sua
4197 1980 4448 2046 virtute

2494 2074 2670 2131 stare
2715 2066 2944 2147 nequit
3001 2065 3192 2131 malis
3249 2064 3591 2147 praesidiis
3631 2085 3703 2130 se
3749 2065 3975 2131 fulcire
4021 2088 4103 2130 ne
4139 2065 4444 2133 labascat.

2494 2152 2784 2217 Fallitur
2806 2160 3047 2229 tamen,
3070 2172 3279 2238 neque
3302 2151 3478 2215 enim
3502 2151 3868 2216 columnam
3892 2152 4165 2238 adeptus
4190 2163 4308 2229 est,
4330 2153 4447 2218 sed

2496 2240 2686 2304 ambo
2707 2248 2936 2302 mutuo
2970 2258 3169 2302 onere
3206 2258 3277 2301 se
3311 2239 3380 2301 in
3415 2238 3674 2302 ruinam
3710 2238 4124 2303 comm'unem
4162 2239 4447 2304 trahent.

2671 2324 2772 2387 De
2835 2323 3134 2388 &ribaldi
3183 2323 3452 2408 ingenio
3512 2344 3642 2388 non
3687 2334 3788 2388 est
3836 2325 4006 2407 quod
4051 2326 4448 2390 sententiam

2497 2410 2839 2491 proferam.
2930 2409 3083 2491 Ipse
3139 2430 3258 2492 pro
3316 2421 3430 2474 tua
3473 2409 3791 2493 singulari
3834 2409 4182 2494 prudentia
4224 2412 4449 2476 statim

2496 2496 2848 2581 perspicies
2892 2516 3088 2578 quam
3131 2493 3364 2577 putida
3405 2497 3492 2559 sit
3533 2497 3675 2561 eius
3711 2497 4067 2561 assentatio
4109 2495 4265 2561 dum
4301 2496 4451 2563 vult

2498 2581 2800 2659 blandiri,
2867 2602 3062 2663 quam
3133 2582 3481 2647 temeraria
3529 2582 3896 2658 ostentatio,
3953 2603 4147 2664 quam
4211 2581 4450 2648 stolida

2497 2668 2827 2745 iactantia,
2874 2689 3069 2751 quam
3118 2667 3527 2733 thrasonicus
3569 2669 3799 2746 fastus,
3845 2676 3919 2732 ut
3960 2668 4227 2733 tandem
4269 2669 4449 2752 quis—

2496 2754 2731 2836 quilias
2781 2775 2924 2819 esse
2983 2762 3312 2837 appareat.
3415 2752 3544 2819 Sed
3607 2755 3858 2818 utinam
3907 2754 4075 2818 nihil
4119 2767 4292 2820 esset
4335 2755 4448 2820 de-

2495 2841 2718 2905 terius.
2807 2840 2979 2904 Nam
3034 2861 3237 2923 quum
3296 2850 3365 2904 et
3405 2839 3666 2922 vulgari
3710 2850 3971 2904 tantum
4016 2839 4315 2906 doctrina
4357 2841 4448 2905 le-

2495 2928 2667 2991 viter
2723 2926 2969 2992 tinctus
3015 2929 3101 2991 sit
3156 2936 3220 2991 et
3279 2925 3460 2990 tenui
3504 2925 3742 2991 iudicio
3787 2924 4141 3010 praeditus,
4188 2935 4449 2991 tantum

2495 3011 2616 3077 sibi
2673 3022 2939 3095 arrogat
2992 3022 3069 3076 ut
3126 3012 3492 3077 convellere
3551 3010 3787 3075 audeat
3839 3013 4051 3094 prima
4114 3012 4449 3097 religionis

2493 3098 2725 3181 capita.
2785 3098 3064 3163 Fatetur
3124 3097 3385 3181 quidem
3440 3097 3780 3164 Christum
3837 3120 3977 3164 esse
4033 3100 4271 3176 Deum,
4332 3098 4450 3166 sed

2492 3204 2698 3248 unam
2764 3185 2906 3249 eius
2970 3197 3038 3250 et
3094 3186 3298 3267 patris
3352 3185 3704 3250 essentiam
3761 3206 3902 3250 esse
3948 3194 4175 3268 negat,
4222 3186 4333 3267 qui
4387 3188 4446 3251 si

2494 3271 2682 3336 Deus
2727 3279 2828 3334 est
2871 3290 2954 3335 ex
2975 3269 3121 3336 Deo
3164 3291 3432 3336 necesse
3475 3271 3563 3334 sit
3607 3270 3769 3335 duos
3813 3291 3958 3335 esse
3992 3271 4166 3337 deos.
4248 3273 4447 3337 Eius-

2493 3354 2671 3421 modi
2729 3354 2976 3422 deliriis
3020 3355 3216 3421 homo
3252 3354 3578 3422 fanaticus
3624 3357 3959 3422 ecelesiam
4003 3358 4269 3424 turbare
4313 3379 4446 3422 non

2496 3442 2772 3513 dubitat.
2832 3464 3035 3526 quum
3097 3451 3318 3508 tamen
3361 3441 3614 3508 Christi
3655 3464 3898 3508 nomen
3944 3455 4119 3509 recte
4163 3444 4449 3510 scribere

2495 3550 2633 3593 non
2700 3529 2923 3613 possit.
3031 3528 3205 3594 Nam
3270 3526 3638 3614 αότόγραφον
3702 3530 3844 3594 eius
3906 3529 4267 3604 ostendam,
4332 3529 4450 3595 ubi

2495 3636 2757 3700 semper
2811 3614 3082 3698 ponitur
3139 3613 3415 3681 Cristus.
3504 3615 3816 3680 Fortasse
3881 3623 4103 3680 tamen
4168 3616 4446 3698 praesti-

2497 3702 2653 3766 terit
2701 3709 2937 3778 tacere,
2994 3721 3077 3765 ne
3138 3702 3473 3784 propriam
3531 3701 3845 3766 iniuriam
3905 3700 4133 3767 ulcisci
4200 3701 4446 3766 videar.

2497 3787 2579 3851 Id
2635 3790 2692 3853 si
2748 3787 3052 3870 excipiat,
3112 3786 3276 3851 mihi
3317 3787 3714 3853 calumniam
3759 3795 4132 3869 promptum
4175 3789 4300 3851 erit
4343 3809 4446 3851 re-

2497 3873 2737 3938 fellere.
2848 3872 3199 3940 Caeterum
3266 3873 3396 3939 alia
3462 3873 3542 3938 de
3606 3893 3802 3938 causa
3863 3893 3972 3937 me
4008 3871 4293 3952 cohibeo,
4359 3894 4448 3937 ne

2498 3959 2694 4043 longa
2731 3970 2799 4025 et
2831 3959 3110 4025 molesta
3148 3960 3528 4024 narratione
3562 3972 3629 4024 te
3664 3956 4040 4038 obtundam,
4076 3959 4205 4023 nisi
4252 3959 4448 4023 intel-

2496 4044 2719 4110 lexero
2773 4045 3114 4110 historiam
3180 4045 3300 4110 tibi
3356 4046 3598 4128 exponi
3654 4065 3795 4110 esse
3849 4064 4087 4127 operae
4141 4045 4448 4127 pretium.

2496 4131 2671 4196 Nam
2713 4152 2799 4198 ex
2856 4131 2987 4196 tuis
3031 4131 3116 4196 ad
3159 4130 3400 4196 Bezam
3442 4145 3741 4196 nostrum
3782 4130 3991 4195 literis
4034 4131 4327 4214 cognovi,
4371 4141 4452 4196 ut

2498 4224 2569 4283 te‘
2611 4217 2799 4283 novis
2852 4216 3168 4282 molestiis
3221 4237 3358 4281 non
3410 4237 3696 4295 onerem,
3753 4218 3912 4282 satis
3955 4236 4193 4301 graves
4235 4226 4302 4281 et
4345 4217 4449 4281 in-

2500 4304 2734 4388 dignas
2789 4303 2939 4369 istic
2997 4303 3115 4368 tibi
3178 4323 3321 4367 esse
3375 4302 3809 4367 sustinendas.
3901 4300 4037 4367 Sed
4082 4322 4161 4367 ea
4203 4302 4449 4386 ubique

2499 4412 2675 4457 nunc
2734 4399 2834 4454 est
2886 4409 3227 4454 servorum
3286 4388 3415 4452 Dei
3472 4388 3774 4465 conditio,
3831 4398 3909 4453 ut
3963 4389 4019 4453 si
4062 4388 4182 4454 tibi
4227 4389 4449 4453 infesti

2499 4485 2657 4542 sunt
2709 4474 2989 4558 improbi
3046 4474 3227 4538 nulla
3284 4486 3348 4539 to
3402 4475 3661 4556 privata
3704 4494 3864 4539 cura
3907 4495 4151 4558 angere
4196 4473 4450 4540 debeat.

2498 4561 2714 4643 Quam
2758 4582 2867 4626 me
2924 4560 3194 4645 indigne
3236 4568 3304 4623 et
3355 4558 3708 4625 crudeliter
3751 4561 3906 4625 totis
3949 4581 4067 4626 sex
4112 4561 4453 4626 mensibus

2497 4648 2905 4724 vexaverint,
2966 4667 3128 4730 quos
3176 4645 3393 4729 potius
3449 4666 3730 4730 aequum
3776 4659 3920 4712 erat
3961 4668 4230 4712 manum
4274 4646 4452 4712 labo-

2497 4787 2682 4795 ——fi
2705 4789 2720 4794 -
2821 4789 2904 4793 ..⁴-

2702 4867 2760 4937 ’1)
2808 4869 2942 4925 Vere
2963 4886 3012 4924 a.
3040 4868 3179 4925 1555
3215 4870 3508 4924 Patavium
3545 4871 3740 4924 ultima
3773 4870 3888 4925 vice
3918 4869 4213 4939 reliquerat
4246 4874 4298 4923 et
4329 4870 4448 4923 ian

2501 4939 2590 5003 (at
2632 4938 2873 5005 videtur)
2915 4942 3060 4994 inter
3103 4955 3225 4993 eum
3272 4945 3320 4993 et
3360 4937 3642 4993 calvinum
3686 4953 3752 4992 ea
3796 4939 4097 4992 mecam
4141 4938 4450 5007 disputatio

2498 5006 2566 5061 de
2597 5022 2710 5077 qua
2743 5006 2897 5062 Beaea
2930 5007 2993 5062 in
3041 5009 3167 5063 Vita
3204 5006 3283 5061 ad
3314 5008 3366 5061 h.
3404 5023 3459 5061 a.
3493 5006 3774 5070 (steca-sel
3808 5006 3876 5061 11.
3913 5005 4018 5060 282
4051 5009 4206 5077 sqq).
4267 5005 4444 5075 Quum

2511 5075 2797 5146 Ver-ymno
2829 5091 2949 5131 eun
2996 5075 3470 5145 wirtember-qenes·
3512 5076 3644 5130 daea·
3684 5076 4107 5130 commendasset
4275 5078 4286 5089 '

2496 5145 2801 5228 vocandam
2849 5143 2926 5200 ad
2968 5146 3113 5200 iau-ie
3148 5146 3560 5214 professionem,
3600 5145 3804 5199 Noster
3849 5145 4124 5230 Volauarp'o
4155 5152 4322 5228 autor
4365 5152 4448 5200 eet

2495 5220 2754 5339 3⁸93..ss
2775 5213 3167 5366 Μὲἷῖρἥρζ
3213 5299 3313 5366 ⁸⁸⁸9
3359 5219 3852 5366 mssu‘5'f22a5m.
3885 5213 4011 5351 ὅ
4047 5285 4208 5339 asam
4245 5232 4450 5351 Pam?

2500 5353 2610 5408 He.
2651 5350 3998 5422 C'lor.1.491ubnducudeeomd=eumle9ee.
