4850 6200
311 463 428 527 229

471 646 919 717 celeberrimo
973 647 1281 735 theologo
1332 648 1417 715 D.
1461 646 1550 715 D.
1595 647 1690 715 Io.
1748 647 2030 717 Calvino
2088 648 2255 715 mihi

307 734 662 823 plurimum
701 732 1126 803 observando.
1740 820 2080 889 Gemme-

471 958 545 1027 S.
581 958 661 1025 P.
705 959 1101 1026 Mansissem‘
1121 958 1386 1025 Bernae
1414 960 1472 1024 si
1495 958 1813 1025 Dominus
1848 960 2131 1026 voluisse·
2131 968 2180 1024 t.
2202 960 2257 1043 ²)

311 1046 445 1114 Gur
497 1045 808 1124 noluerit,
868 1045 1130 1129 longius
1182 1066 1316 1111 non
1375 1045 1638 1128 inquiro
1694 1066 1888 1127 quam
1949 1046 2258 1128 praefinit

307 1141 480 1200 sorta
522 1131 607 1198 de
647 1130 1063 1214 providentia
1101 1132 1245 1197 eius
1285 1152 1446 1215 erga
1488 1152 1595 1196 me
1636 1130 1817 1197 fides.
1882 1130 2035 1197 Scio
2078 1131 2256 1196 enim

309 1218 372 1287 id
411 1218 584 1283 mln‘
563 1219 577 1231 '
628 1217 744 1282 util'
747 1219 931 1283 issim'
843 1219 857 1232 '
934 1237 1051 1282 um
1093 1226 1160 1283 et
1193 1217 1728 1283 honestissimum
1772 1238 1915 1284 esse
1958 1214 2132 1301 quod
2175 1218 2256 1283 de

310 1326 408 1371 me
447 1304 789 1389 bemgmss‘
700 1305 713 1317 ‘
790 1305 960 1370 imus
1002 1312 1191 1386 pater
1233 1303 1477 1369 statuit.
1557 1302 2043 1369 Verumtamen
2084 1302 2257 1368 nihil

310 1392 617 1457 omittunt
656 1390 887 1473 optimi
931 1389 1054 1455 viri
1097 1410 1173 1457 ac
1216 1390 1450 1456 fratres
1493 1396 1570 1454 ut
1606 1389 1713 1454 hic
1756 1411 1861 1455 me
1904 1389 2253 1467 retineant,

311 1485 492 1560 atque
535 1477 611 1541 in
653 1475 969 1558 colloquio
1008 1495 1255 1558 nupero
1305 1476 1435 1541 mei
1478 1474 1783 1559 inprimis
1826 1476 2054 1542 habita
2087 1476 2255 1541 ratio

311 1572 406 1630 est
462 1571 533 1628 et
585 1561 898 1627 mandata
940 1562 1023 1627 D.
1070 1560 1155 1626 D.
1218 1560 1424 1627 Virdo
1475 1570 1546 1627 et
1589 1561 1800 1628 Besae
1852 1561 2009 1627 data
2051 1572 2128 1627 ut
2171 1561 2254 1627 ad

312 1647 775 1801 fflpm
828 1646 2106 1817 mmmm
2150 1668 2256 1797 ...w

589 1819 605 1833 .
947 1820 961 1834 .
1261 1820 1275 1833 .
1501 1821 1530 1861 2

309 1818 1611 1991 ᾳωδῖιιὲιῗουτῗωᾚυῗᾮᾌηέίίἐὶο
1653 1905 1818 1969 mihi
1862 1914 1992 1985 est,
2035 1904 2256 1971 studia

313 2004 419 2058 tua
484 1992 816 2059 sanctiora
881 1991 1319 2075 interpellare.
1431 1995 1532 2058 Ac
1592 2012 1676 2057 ne
1738 2011 1916 2057 nnnc
1991 1991 2256 2075 quidem

311 2078 852 2162 interpellassem:
896 2076 1012 2143 sed
1055 2098 1224 2143 uxor
1264 2098 1412 2142 mea
1444 2078 1786 2143 ecclesiam
1821 2086 2110 2143 vestram
2153 2079 2255 2142 in·

316 2163 582 2242 visebat,
640 2183 807 2247 quae
859 2171 924 2229 te
978 2172 1305 2246 pastorem
1363 2172 1430 2229 et
1472 2164 1816 2246 antiquum
1858 2164 2180 2248 hospitem
2200 2167 2256 2237 ⁸)

311 2249 741 2317 insalutatum
796 2249 1156 2332 praeterire
1217 2269 1340 2315 nec
1398 2258 1616 2333 potest
1679 2270 1801 2315 nec
1864 2248 2077 2316 debet.
2178 2249 2254 2315 Si

313 2335 473 2437 quid·
525 2336 733 2420 igitur
784 2335 963 2436 illius
1017 2356 1215 2435 causa
1270 2335 1589 2402 adversus
1640 2335 1820 2436 hanc
1871 2335 2256 2433 religionem

312 2505 495 2574 Iesus
561 2518 633 2575 te
698 2443 1010 2574 dgfzffi
1053 2420 2258 2591 {lcmsesstoeegdllelsig’etosuagmguffi

313 2591 697 2662 diutissime.
775 2594 1097 2662 Antonius
1135 2615 1324 2659 meus
1366 2600 1433 2659 te
1475 2596 1547 2660 in
1589 2593 1856 2660 Christo
1899 2593 2257 2678 plurimum

313 2680 569 2747 salutat.
657 2680 846 2747 Vale.
933 2681 1331 2747 Lausannae
1376 2684 1434 2745 8.
1480 2677 1813 2763 Septemb.
1867 2685 2048 2745 1554.

1370 2816 1518 2883 'ribi
1561 2815 2002 2883 deditissimus

1263 2919 1633 2987 Immanuel
1677 2921 2084 2988 Tremellius.

1087 3222 1136 3228 ..—
1161 3220 1485 3228 ----..--....,,-

1186 3455 1385 3526 2009.

703 3609 1378 3680 BULLINGERUS
1424 3611 1864 3681 OALVINO.

479 3783 2262 3868 Remaaaauztmmcazvemaemeuooentm

305 3869 749 4026 W
790 3870 1035 3950 edendo,
1092 3871 1168 3937 ae
1214 3869 1459 3948 Socim,
1522 3873 1596 3938 ae
1639 3871 1873 3956 Anqzis
1926 3879 1985 3938 et
2025 3870 2260 3939 Looar-

307 4131 421 4196 (Ex
469 4132 815 4255 autographo
849 4131 1015 4187 Areh.
1052 4130 1228 4186 Turio.
1265 4131 1410 4212 Plnt.
1447 4129 1545 4184 vl.
1583 4130 1709 4185 Vol.
1746 4129 1875 4198 129,
1922 4131 2259 4212 olim-Serio.

307 4199 370 4255 B.
404 4201 555 4272 app.
633 4217 743 4256 om.
776 4199 873 4269 ω,
917 4201 1010 4256 fol.
1044 4198 1165 4256 303.
1209 4228 1274 4240 -
1323 4199 1536 4254 simler.
1572 4199 1693 4254 vol.
1728 4199 1813 4252 82.
1865 4228 1928 4238 -—
1977 4201 2145 4253 Edita
2178 4207 2263 4254 est

309 4285 373 4325 ex
408 4275 574 4340 paru
607 4277 825 4325 tantum
857 4271 914 4324 in
949 4268 1552 4410 Βρὲεῗὲοηὲἷὶιῖέοοῗ.
1591 4269 1954 4323 Parkerianae
1989 4287 2044 4337 p.
2068 4268 2172 4323 486
2206 4274 2264 4323 et

303 4508 695 4579 Clarissimo
748 4513 894 4580 viro
950 4511 1033 4577 D.
1074 4510 1312 4576 Ioanni
1358 4507 1639 4576 Calvino
1685 4507 2103 4576 Genevensis
2158 4531 2263 4576 ec-

305 4595 545 4664 elesiae
567 4598 820 4683 pastori
843 4596 1220 4698 fidelissimo
1236 4594 1515 4698 ‘domino
1559 4593 1942 4661 honorando
1965 4603 2032 4660 et
2074 4594 2262 4661 fratri

1028 4703 1363 4751 carissimo
1407 4702 1543 4748 suo.

479 4820 555 4888 S.
600 4820 685 4886 D.
756 4819 982 4903 Quum
1024 4821 1148 4887 hac
1191 4819 1502 4885 transiret
1536 4821 1984 4885 ornatissimus
2028 4828 2095 4885 et
2138 4820 2262 4885 hu-

303 4909 732 4974 manissimus
766 4908 871 4974 vir
890 4908 976 4974 D.
1003 4906 1336 4974 Morenius
1369 4905 1594 4971 literas
1631 4927 1670 4971 a
1707 4914 1822 4971 tua
1851 4905 2262 4972 humanitate

303 5113 582 5180 20081)
619 5113 711 5169 De
759 5113 1028 5169 Tres-ellit·
1081 5113 1241 5168 rebus
1292 5114 1362 5180 cf.
1420 5112 1497 5168 N.
1553 5110 1702 5165 1968.
1761 5110 1910 5165 1971.
1993 5111 2260 5181 (Butters,

305 5180 466 5240 hm.
519 5182 833 5239 Tremellius
867 5181 1049 5248 1859.)

511 5252 575 5318 2)
613 5253 779 5336 Nihil
810 5254 1097 5322 effecerunt
1130 5257 1180 5306 et
1210 5249 1517 5306 stemnius
1546 5251 1763 5305 tandem
1802 5251 1954 5319 apud
1975 5250 2260 5304 Palatinos

517 5323 724 5460 weil.
759 5390 1129 5462 Ammonis.
1203 5389 1339 5458 Ipsa
1381 5388 1644 5445 Maiensis
1676 5394 1808 5444 erat.

1964 463 2129 526 1554
2173 458 2632 528 SEPTEMB.
2692 478 2695 483 ’

4176 466 4311 529 230

2356 649 2633 731 scriptas
2676 668 2811 713 non
2852 644 3167 713 reddidit:
3227 647 3489 714 rediens
3533 653 3753 716 autem
3796 667 3880 716 ex
3920 648 4122 716 Italia
4162 651 4319 716 red·

2358 734 2543 799 didit.
2573 737 2627 811 ¹)
2711 733 3127 816 Imposuerat
3170 734 3345 800 enim
3404 735 3731 815 sarcinae,
3790 756 3991 819 quam
4050 738 4321 821 aperuit

2358 818 2629 885 tandem
2672 819 2744 884 in
2786 819 3011 885 Italia:
3067 819 3163 885 ita
3205 821 3448 886 factum
3491 828 3609 899 est,
3665 829 3743 886 ut
3784 822 3857 886 in
3899 821 4115 906 primo
4158 845 4321 890 con-

2360 927 2596 990 gressu
2654 905 2816 970 nihil
2873 903 3143 971 dederit.
3243 906 3600 972 Caeterum
3656 906 3845 973 facile
3904 907 3965 975 ei
4022 930 4321 974 errorem

2360 992 2541 1057 hunc
2584 990 2967 1070 condonavi,
3069 989 3199 1056 uod
3241 1003 3475 1058 neuter
3517 992 3625 1058 hic
3668 992 3871 1058 ullam
3915 994 4140 1060 fecerit
4184 997 4319 1060 iac·

2361 1085 2597 1143 turam.
2670 1078 2873 1143 Oarui
2910 1077 3018 1160 qui
3067 1100 3170 1142 em
3215 1078 3451 1162 gaudio
3495 1078 3831 1155 hactenus,
3875 1077 4048 1162 quod
4092 1088 4319 1146 tamen

2360 1163 2757 1229 cumulatius
2798 1183 2976 1227 nunc
3020 1184 3125 1228 me
3161 1162 3396 1244 beavit,
3443 1164 3555 1247 qui
3597 1164 3908 1249 intellige,
3952 1172 4133 1230 tuam
4179 1169 4315 1249 pie-

2359 1256 2562 1314 tatem
2608 1250 2830 1315 conari
2863 1247 3125 1331 aliquid.
3147 1251 3202 1328 α)
3270 1250 3505 1335 Perge,
3550 1251 3645 1315 mi
3681 1251 3946 1316 domine
3993 1258 4059 1316 et
4090 1252 4312 1318 frater.

2360 1334 2689 1401 Dominus
2732 1332 3045 1401 concedat
3099 1336 3407 1418 spiritum
3451 1358 3642 1402 suum
3686 1345 3989 1403 sanctum
4031 1336 4181 1412 tibi,
4242 1350 4317 1403 ut

2359 1429 2633 1486 conatus
2679 1420 2785 1486 hic
2828 1431 2980 1486 tuus
3024 1420 3214 1485 cedat
3257 1422 3340 1487 ad
3377 1422 3650 1507 gloriam
3676 1423 3804 1488 Dei
3848 1431 3916 1487 et
3958 1424 4313 1488 multorum

2359 1507 2656 1572 salutem.
2722 1507 3050 1589 Exspecto
3089 1528 3269 1574 nunc
3314 1530 3462 1575 cum
3497 1508 3818 1574 desiderio
3864 1518 4125 1574 sanctos
4172 1520 4315 1575 tuos

2358 1593 2642 1658 labores:
2689 1590 2805 1657 sed
2825 1590 2980 1657 vide
3001 1614 3083 1658 ne
3120 1593 3404 1674 festines,
3448 1603 3518 1660 et
3559 1615 3709 1659 cum
3752 1594 4052 1660 molestia
4095 1594 4317 1677 aliqua

2359 1678 2623 1745 scribas.
2695 1677 2847 1743 Scio
2884 1688 2947 1743 te
2993 1677 3221 1744 multis
3265 1700 3649 1763 oppressum
3692 1680 3974 1765 negotiis
4018 1680 4129 1745 vix
4174 1702 4313 1745 om·

2359 1765 2554 1830 nibus
2589 1763 2993 1830 sustinendis
3029 1765 3343 1831 sufficere.
3412 1764 3752 1832 Moderate
3787 1787 3942 1851 ergo
3979 1767 4315 1831 exercebis

2359 1851 2638 1916 afflictas
2684 1849 2923 1933 alioqui
2967 1850 3159 1915 vires.

2537 1936 2818 2013 Laelia-3,
2881 1943 2954 2001 ut
3012 1936 3369 2014 scribebas,
3431 1936 3627 2002 rediit
3683 1937 3765 2003 ad
3826 1957 3975 2018 nos,
4020 1949 4088 2002 et
4142 1958 4317 2003 nuno

2360 2023 2538 2086 inter
2559 2043 2678 2086 nos
2727 2021 2995 2086 habitat.
3066 2021 3350 2087 Modeste
3394 2042 3465 2087 se
3509 2022 3698 2107 gerit.
3771 2022 4129 2108 Oompesco
4173 2044 4313 2107 ege,

2358 2118 2679 2190 quantum
2733 2128 3034 2192 possum,
3094 2107 3379 2174 hominis
3434 2108 3899 2174 curiositatem.
3987 2109 4173 2173 Idem
4219 2109 4315 2173 fa-

2359 2194 2548 2346 ciubnt
2610 2201 3016 2279 symmystae
3079 2193 3351 2277 reliqui,
3424 2201 3503 2258 ut
3570 2195 3790 2260 minus
3852 2195 3938 2261 sit
4002 2195 4317 2260 molestus

2361 2302 2446 2347 no
2492 2280 2567 2347 is.
2593 2284 2648 2360 ⁸)

2536 2366 2736 2431 Valet
2779 2366 3085 2444 Ιιθοθηιε,
3144 2364 3369 2432 valent
3409 2365 3616 2449 Angli
3657 2365 3890 2449 reliqui
3933 2369 4316 2450 peroptime,

2362 2450 2507 2516 Deo
2542 2452 2773 2535 gratia,
2809 2451 2923 2517 sed
2960 2474 3091 2516 non
3125 2450 3457 2516 immerito
3478 2450 3908 2516 immoderate
3930 2453 4319 2537 affliguntur

2363 2537 2858 2622 ingraditudine
2891 2538 3171 2603 miserae
3191 2536 3501 2622 Angliae.
3571 2537 3920 2620 Recepisse
3963 2538 4146 2603 illam
4190 2541 4318 2605 scis

2363 2623 2849 2706 Hispanum,⁴)
2929 2624 3039 2706 qui
3164 2623 3659 2688 ubernationem
3738 2644 3925 2688 suam
3994 2627 4318 2708 sanguine

2361 2710 2684 2788 initiavit,
2742 2710 3061 2775 truncatis
3161 2710 3366 2775 uobus
3424 2708 3764 2775 nobilibus.
3864 2709 4178 2774 Metuunt
4232 2731 4319 2775 ne

2362 2797 2496 2860 iam
2574 2795 2816 2861 sublati
2894 2795 3028 2860 sint
3111 2794 3509 2860 sanctissimi
3594 2794 3693 2858 illi
3778 2795 4061 2878 episcopi
4138 2794 4319 2859 Lati-

2360 2901 2572 2947 merus
2587 2932 2604 2960 ,
2643 2879 3044 2959 Grannum,
3092 2880 3377 2959 Ridleus,
3424 2879 3778 2963 Hopperus,
3802 2884 3854 2958 ⁸)
3898 2889 4021 2946 etc.
4103 2879 4320 2944 Oran-

2363 2966 2522 3032 dum
2587 2967 2774 3033 nobis
2837 2966 3026 3032 video
3092 2965 3351 3033 assidue
3415 2986 3536 3050 pro
3600 2965 3871 3032 ecclesia
3932 2965 4050 3030 illa
4112 2966 4323 3032 afflic-

2361 3054 2631 3120 tissima.

2534 3141 2619 3205 D.
2658 3137 3023 3205 Molinaeus
3055 3139 3224 3205 hanc
3256 3137 3570 3205 schedam
3604 3137 3687 3203 ad
3730 3158 3838 3203 me
3880 3138 4080 3218 misit,
4126 3159 4321 3204 orans

2363 3235 2437 3291 ut
2540 3245 2610 3291 er
2669 3225 3049 3308 proximum
3105 3223 3188 3289 ad
3252 3233 3322 3289 te
3376 3224 3691 3289 nuncium
3749 3244 3897 3290 eam
3966 3225 4316 3289 mitterem.

2362 3311 2434 3377 H
2525 3311 2582 3376 'e
2624 3310 2793 3376 mihi
2833 3320 2936 3376 est
2978 3309 3248 3376 reddita.
3338 3309 3651 3394 Intelligo
3704 3309 3899 3374 illum
3955 3331 4087 3377 non
4132 3331 4319 3375 man-

2363 3417 2597 3463 surum
2642 3396 2755 3461 diu
2795 3396 3153 3479 vuffingas,
3199 3395 3315 3461 sed
3359 3394 3511 3462 inde
3556 3396 4008 3480 migraturum.

2536 3482 2756 3549 Oausa
2807 3479 3101 3546 fidelium
3144 3481 3667 3549 Locarnensium
3692 3483 3748 3565 ⁰)
3801 3483 3936 3548 iam
3991 3482 4210 3566 agitur
4253 3485 4325 3548 in

2363 3568 2646 3635 comitiis
2690 3566 3121 3634 Badensibus.
3190 3567 3336 3634 Nisi
3382 3588 3540 3633 vero
3577 3567 3903 3633 Dominus
3947 3569 4160 3653 gratia
4204 3589 4324 3632 sua

2365 3653 2707 3730 affulserit,
2761 3652 2985 3718 dubito
3028 3652 3112 3720 de
3164 3652 3344 3721 felici
3385 3673 3606 3719 rerum
3651 3661 3910 3718 eventu.
4000 3653 4173 3718 Nam
4221 3655 4324 3718 vel

2366 3741 2577 3805 amica
2634 3739 3106 3816 transactione,
3174 3739 3287 3805 vel
3342 3740 3485 3805 iure
3541 3759 3691 3804 cum
3753 3743 3789 3801 7
3849 3738 4323 3823 rebuspublicis

2365 3825 2695 3910 agendum
2740 3825 2869 3890 erit
2909 3830 2948 3889 4
2995 3822 3288 3890 urbibus.
3377 3826 3472 3890 At
3515 3831 3702 3888 tanta
3754 3832 3856 3891 est
3896 3824 4161 3891 illorum
4204 3824 4321 3889 ho-

2365 3912 2623 3977 minum
2691 3910 3028 3977 barbaries
3086 3910 3323 3976 ferocia
3387 3918 3455 3975 et
3524 3909 3827 3990 durities,
3898 3919 3978 3976 ut
4031 3918 4323 3978 metuam

2366 3998 2573 4064 bonis.
2641 3995 2855 4062 Video
2884 4007 3141 4062 nostros
3180 3995 3342 4061 satis
3379 4016 3521 4062 esse
3565 3995 3853 4063 sedulos:
3901 3996 4016 4063 sed
4058 3999 4319 4063 interim

2367 4084 2673 4166 experior
2732 4083 2801 4146 in
2863 4081 3037 4147 diem
3093 4080 3361 4146 illorum
3416 4082 3739 4147 malitiam
3794 4103 3937 4148 esse
3980 4082 4320 4165 insupera-

2366 4167 2583 4234 bilem.
2659 4169 2985 4234 Dominus
3028 4166 3339 4234 ecclesiae
3376 4188 3534 4234 suae
3576 4173 3862 4234 assertor
3905 4177 3974 4232 et
4015 4167 4323 4232 liberator

2367 4275 2827 4339 oppressorum
2869 4253 3039 4320 adsit
3092 4252 3280 4320 nobis
3322 4263 3653 4338 perpetuo.
3742 4252 3874 4320 Ubi
3917 4252 3999 4319 de
4040 4252 4171 4318 illis
4215 4275 4323 4319 co·

2368 4341 2606 4418 mitiis,
2674 4361 2839 4423 quae
2898 4338 3194 4405 nondum
3251 4340 3443 4405 finita
3506 4350 3690 4417 sunt,
3762 4349 4015 4404 certum
4073 4339 4321 4421 aliquid

2369 4426 2685 4504 habuero,
2758 4434 3019 4492 mature
3089 4425 3485 4510 significabo.
3584 4425 3752 4491 Vale
3811 4447 3961 4491 cum
4020 4423 4320 4490 omnibus

2370 4602 2483 4611 ——-

2369 4701 2636 4766 annal)
2673 4702 2772 4756 ubi
2805 4716 2931 4770 erqo
2966 4716 3079 4755 non
3112 4699 3212 4754 diu
3244 4707 3604 4755 conumeratus
3637 4707 3716 4753 set
3749 4698 3854 4768 (N.
3892 4697 4073 4767 1994).

2575 4771 2630 4902 ⁸23
2666 4775 2858 4824 contra
2903 4768 3288 4851 Westphqlum.
3561 4835 3573 4848 ι
3795 4836 3808 4848 ·

2369 4907 2536 4972 1nrra
2568 4838 2754 4976 21:⁴3.
2810 4837 3389 4989 ᾳὲἶθιεὲιαηιιυῧῖῗιᾱΐ
3410 4834 3675 4959 ωδὲιῗεῗιῗη
3694 4835 4145 4974 ‘gfpfflt'ttsnxn
4170 4835 4321 4958 ¹122?

2367 4976 2499 5032 KG.
2552 4977 2652 5031 111.
2701 4975 2801 5029 791
2853 4984 2902 5031 et
2955 4976 3126 5032 Oreus
3173 4993 3235 5030 tn
3281 4973 3389 5028 ΖΒ.
3440 4974 3491 5026 d.
3538 4974 3746 5029 boecler
3792 4973 4127 5028 Hochsckuk
4176 4974 4244 5028 11.
4284 4981 4323 5026 2

2360 5063 2414 5116 p·
2454 5047 2535 5100 28⁸
2568 5114 2634 5198 4)
2668 5113 2943 5197 Philipp(
2970 5131 3143 5184 nuper
3174 5114 3340 5195 ‘nqis’
3373 5111 3643 5192 Neapolis
3687 5117 3738 5164 et
3783 5111 4003 5166 Siciliae
4051 5115 4224 5167 creati
4260 5112 4313 5164 d.

2365 5182 2449 5237 25.
2492 5183 2630 5239 lulis
2676 5200 2714 5237 a
2754 5184 3069 5238 Gar-dinero
3109 5182 3457 5264 thtomensi
3503 5194 3753 5247 episcopo
3797 5196 3842 5232 c.
3890 5197 4082 5248 reyma
4120 5181 4321 5234 Marna

2363 5253 2661 5456 “kM-‘33⁸‘
2670 5253 3247 5461 Lffisff‘f}
3280 5318 3726 5456 agg-mmm·
3759 5324 3902 5372 Μ’·

3806 5471 3901 5523 15*
