4850 6200
475 434 599 497 523

645 616 907 683 Eximio
950 615 1200 683 Christi
1256 636 1447 683 servo
1492 614 1850 682 Guilielmo
1892 615 2159 682 Farello
2215 616 2420 683 eccle-

470 703 606 770 siae
651 702 1112 770 Neocomensis
1170 701 1300 768 fido
1352 703 1597 786 pastori
1659 702 1846 768 fratri
1891 711 1955 767 et
2011 710 2422 788 symmystae

466 789 861 857 venerando.

1907 873 2240 942 Neocomi.

643 1047 712 1113 S.
783 1046 928 1112 Nou
974 1048 988 1061 “
1042 1067 1238 1111 noras
1282 1047 1427 1128 quis
1483 1043 1624 1110 dies
1658 1049 1709 1122 ¹)
1765 1044 1977 1110 dictus
2032 1045 2120 1110 sit
2170 1041 2422 1112 Calvino·

470 1132 884 1199 adversariis.
1034 1140 1453 1215 xspectamus
1510 1153 1661 1196 eum
1714 1129 1796 1195 ad
1855 1127 2030 1197 diem
2069 1130 2249 1196 Iovis
2305 1138 2423 1195 aut

469 1219 768 1285 Veneris.
792 1221 848 1297 ²)
939 1218 1110 1284 Nam
1170 1220 1263 1284 sic
1319 1217 1627 1284 eonvenit
1692 1225 1765 1281 ut
1829 1236 1901 1281 se
1966 1237 2117 1283 eum
2183 1215 2419 1300 legatis

469 1305 761 1370 Bernam
826 1304 910 1370 ad
975 1305 1351 1388 proximum
1418 1300 1589 1369 diem
1658 1301 2060 1369 dominicum
2088 1303 2144 1380 ⁸)
2209 1303 2415 1367 sistat.

470 1392 572 1457 'ru
634 1412 787 1456 vero
854 1402 1028 1457 recte
1093 1390 1322 1455 feceris
1379 1390 1437 1455 si
1495 1409 1570 1453 eo
1630 1398 1695 1454 te
1758 1388 2135 1466 contuleris,
2155 1390 2214 1469 ⁴)
2271 1409 2419 1453 meo

469 1476 732 1561 quidem
777 1476 1035 1543 iudicio.
1125 1475 1270 1561 Ego
1329 1475 1567 1539 iterum
1611 1495 1717 1539 me
1776 1485 1843 1539 et
1902 1472 2133 1541 lubens
2187 1473 2419 1538 adiun-

468 1584 692 1648 gerem
738 1564 1005 1640 socium,
1050 1560 1164 1627 sed
1206 1563 1357 1644 quia
1401 1584 1533 1626 non
1576 1561 1671 1625 ita
1705 1560 1957 1644 pridem
2003 1560 2155 1626 inde
2198 1581 2417 1627 rever-

468 1671 584 1715 sus
628 1670 758 1714 nou
802 1667 1090 1725 revocor,
1135 1646 1203 1712 id
1245 1649 1388 1712 sine
1431 1646 1682 1713 invidia
1721 1656 2056 1730 praestare
2093 1666 2228 1710 non
2269 1667 2414 1729 pos-

470 1756 636 1801 sum.
725 1734 863 1799 Sed
907 1744 1021 1799 tua
1065 1734 1224 1798 satis
1268 1734 1396 1798 erit
1438 1733 1823 1816 praesentia.

646 1819 822 1901 Quid
903 1820 984 1884 de
1064 1839 1260 1884 causa
1344 1817 1625 1884 fratrum
1705 1815 2417 1904 Mombelgardensium

471 1907 1002 1972 constituerimus
1060 1926 1144 1970 ex
1205 1904 1461 1970 Calvino
1527 1904 1875 1987 intelliges,
1941 1916 2010 1968 et
2074 1901 2232 1987 quid
2296 1925 2417 1969 nos

472 2014 685 2076 nuper
730 1993 989 2057 Bel-nae
1026 1992 1460 2067 effecerimus,
1521 2003 1586 2056 et
1629 1991 1776 2073 quis
1833 1991 1921 2056 sit
1976 1990 2171 2055 huius
2215 1991 2417 2057 eccle·

472 2078 610 2143 siae
654 2084 881 2143 status.
972 2077 1237 2142 Salutat
1295 2090 1357 2142 te
1407 2077 1749 2142 Gachzerii
1801 2098 1986 2152 uxor,
2045 2097 2212 2159 quae
2267 2077 2420 2142 hinc

470 2162 668 2229 medo
713 2165 866 2231 abit.
958 2162 1218 2228 Salutat
1261 2183 1409 2227 mea
1453 2183 1643 2240 uxor,
1704 2172 1842 2227 tota
1883 2160 2135 2227 familia
2180 2173 2247 2227 et
2288 2164 2417 2227 fra-

473 2257 611 2314 tres
667 2269 924 2328 omnes,
984 2250 1373 2313 nominatim
1432 2249 1680 2331 collega
1723 2259 1792 2312 et
1829 2247 2023 2314 Beza.
2117 2248 2420 2313 Salutem

473 2333 622 2400 dico
664 2336 948 2419 collegae
996 2334 1449 2417 Christophor0‚
1504 2336 1691 2400 cuius
1744 2333 2073 2400 adventus
2117 2355 2245 2399 non
2290 2333 2421 2400 fuit

471 2421 692 2485 inanis
735 2422 1010 2486 Bernae.
1097 2421 1308 2504 Oupio
1352 2432 1431 2485 ut
1474 2420 1635 2485 mihi
1692 2421 1902 2502 primo
1947 2442 2201 2505 quoque
2253 2430 2417 2485 tem-

471 2527 629 2590 pore
673 2507 914 2573 scribat
950 2504 1028 2570 de
1065 2505 1465 2572 mulierculis
1501 2505 1582 2570 de
1618 2505 1853 2589 quibus
1889 2505 1988 2571 illi
2036 2507 2233 2572 verba
2275 2507 2416 2585 feci,

474 2592 645 2675 quod
705 2614 774 2658 se
831 2594 1153 2657 facturum
1217 2594 1476 2675 recepit.
1571 2591 1735 2656 Vale
1778 2594 2019 2675 optime
2065 2614 2140 2658 ae
2185 2591 2415 2658 diutis-

470 2679 653 2744 sime.
747 2680 1139 2745 Lausaunae
1185 2683 1282 2742 25.
1333 2679 1562 2744 Martii
1619 2683 1800 2742 1555.

1447 2816 1628 2881 'Puus
1671 2815 1912 2881 Petrus
1959 2815 2245 2882 Viretus.

1350 3324 1548 3397 2168.

795 3464 1614 3533 WHITTINGHAMUS
1661 3463 2095 3532 OALVINO.

471 3701 620 3790 Bm
645 3637 928 3791 Emccleeoa
985 3658 1179 3722 usque
1230 3639 1660 3705 controversiis
1703 3638 1778 3703 de
1830 3638 2242 3705 caeremoniis
2283 3646 2416 3707 tur-

470 3895 583 3964 (Ex
628 3893 963 3975 autographo
998 3893 1132 3947 Ood.
1170 3894 1373 3948 Gener.
1424 3891 1540 3956 109,
1585 3895 1677 3949 fol.
1717 3893 1833 3950 188.
1906 3895 2073 3951 Edita
2116 3901 2202 3950 est
2246 3896 2416 3951 latine

472 3964 532 4018 in
566 3963 616 4018 E
652 3981 708 4033 p.
724 3963 995 4033 Tigurinis
1029 3963 1149 4018 Soo-
1171 3963 1535 4017 Parkerianae
1611 3961 1760 4029 ΑΘΕ,
1797 3969 1856 4018 et
1998 3965 2095 4019 lieo
2127 3965 2186 4020 in
2214 3965 2414 4021 Zurioh

677 4038 814 4086 tter·
848 4048 901 4100 p.
940 4029 1059 4092 764,
1093 4033 1226 4085 item
1262 4033 1316 4085 in
1351 4031 1486 4103 Opp.
1580 4035 1729 4088 noxii
1763 4032 1917 4087 Tem.
2041 4074 2052 4085 .
2089 4050 2143 4105 p.
2176 4030 2294 4098 54.)

474 4204 857 4271 Clarissimo
892 4203 1038 4268 viro
1077 4202 1152 4268 D.
1176 4203 1409 4268 Ioanni
1448 4203 1726 4270 Oalvino
1750 4205 2133 4272 Genevensi
2166 4209 2416 4290 pastori

1191 4289 1706 4373 vigilantissimo.

645 4444 836 4526 Quod
880 4453 1140 4525 tempus
1182 4464 1506 4509 summam
1549 4445 1734 4512 nobis
1778 4446 2285 4514 consolationem
2328 4470 2415 4513 ex

472 4529 882 4616 gravissimis
939 4530 1071 4596 tuis
1126 4528 1336 4595 literis
1373 4533 1419 4604 ¹)
1462 4530 1696 4597 afferre
1736 4531 1989 4612 debuit,
2047 4532 2224 4599 idem
2277 4532 2417 4600 fere

1973 425 2497 495 EPIS'POLAE
2544 430 2773 492 2162-
2804 428 2967 491 2165

4352 430 4479 494 524

2525 636 2644 682 nos
2678 616 2746 681 in
2771 614 3137 680 maximum
3174 613 3542 698 squalorem
3581 622 3648 682 et
3680 616 3928 683 luctum
3952 616 4251 683 coniecit.
4302 615 4479 681 Nam

2522 722 2723 786 quum
2784 699 3010 766 nullus
3064 701 3216 766 finis
3281 708 3422 766 tam
3483 701 3880 787 obstreperis
3946 702 4479 769 contentionibus

2522 790 2783 853 futurus
2826 784 3201 864 videbatur,
3261 796 3459 871 atque
3504 788 3931 874 magistratus
3975 787 4057 854 ob
4100 787 4168 855 id
4212 807 4479 873 praece-

2519 882 2710 958 perat
2763 883 2841 939 ut
2892 892 3120 938 omnes
3172 871 3534 957 gallicanae
3587 874 3897 941 eeclesiae
3951 876 4118 941 ritus
4172 893 4477 959 sequere·

2520 980 2691 1037 mur,
2736 958 2861 1025 nisi
2905 962 3182 1024 fortasse
3215 956 3373 1043 quid
3417 971 3591 1026 esset
3634 959 3805 1045 quod
3842 961 4078 1026 merito
4122 959 4479 1045 reprehen-

2521 1045 2808 1121 deretur,
2868 1041 3031 1110 adeo
3077 1043 3422 1111 nonnullos
3466 1045 3627 1113 haec
3686 1067 3792 1112 res
3852 1048 4133 1132 pupugit
4173 1054 4250 1112 ut
4292 1045 4479 1113 dere-

2519 1131 2678 1199 licta
2716 1130 3271 1196 caeremoniarum
3328 1130 3444 1196 lite
3483 1130 3568 1197 ad
3611 1135 4055 1199 aeeusationes
4097 1133 4390 1199 forenses
4413 1135 4477 1217 ²)

2519 1238 2593 1284 se
2635 1226 3114 1284 converterent.
3182 1213 3509 1283 Dominus
3545 1220 3719 1284 enim
3766 1218 4039 1284 Knoaeus
4071 1218 4487 1302 iniquissime

2518 1300 2695 1389 apud
2737 1304 3198 1387 magistratum
3250 1301 3467 1369 laesae
3512 1306 3869 1371 maiestatis
3914 1306 4326 1371 caesarianae
4368 1306 4487 1371 ac-‘

2519 1397 2788 1456 ousatus
2835 1391 3049 1455 iussus
3093 1398 3194 1455 est
3236 1389 3557 1469 secedere,
3611 1412 3739 1457 non
3786 1395 3930 1457 siue
3971 1392 4291 1456 bonorum
4335 1411 4476 1455 om-

2522 1477 2708 1540 nium
2766 1496 2841 1542 ae
2902 1475 3101 1539 etiam
3159 1476 3585 1560 magistratus
3642 1477 3848 1561 ipsius
3904 1476 4143 1543 dolore.
4243 1476 4475 1561 Itaque

2521 1561 2604 1626 ad
2643 1581 2759 1626 vos
2784 1561 3173 1644 perveniens
3209 1582 3350 1626 rem
3388 1570 3587 1627 totam
3630 1563 3859 1629 ordine
3895 1562 4268 1646 explicabit.
4327 1563 4475 1629 Hoc

2521 1654 2783 1712 tantum
2828 1656 3142 1729 expertus
3185 1646 3435 1730 loquor,
3483 1670 3821 1734 nunquam
3858 1650 4045 1716 bonis
4083 1651 4242 1716 viris
4287 1649 4475 1734 quid-

2519 1753 2714 1818 quam
2776 1734 3098 1798 maiorem.
3152 1733 3631 1817 aegritudinem
3689 1746 3756 1799 et
3811 1735 4126 1819 pudorem
4173 1736 4477 1801 attulisse

2519 1842 2719 1904 quam
2773 1817 2950 1884 istud
3006 1819 3236 1885 scelus.
3326 1820 3462 1885 Sed
3516 1842 3634 1888 nec
3691 1842 3812 1906 ego
3866 1833 4133 1905 propter
4185 1820 4473 1887 dolorem

2517 1907 2644 1971 ista
2678 1926 2946 1989 possum
2990 1927 3166 1972 nunc
3209 1926 3737 1985 commemorare,
3782 1918 3847 1973 et
3903 1909 4179 1991 ipsemet
4237 1908 4473 1974 melius

2519 2000 2587 2057 et
2626 1991 3019 2074 explicatius
3064 2013 3280 2057 coram
3330 1990 3620 2072 disseret,
3681 2015 3756 2060 ae
3800 1995 3999 2060 etiam
4045 1994 4124 2059 de
4179 1993 4326 2059 aliis
4370 2015 4473 2059 re-

2520 2079 2642 2145 bus
2687 2077 3008 2157 omnibus,
3067 2099 3344 2161 quarum
3403 2100 3524 2164 ego
3581 2081 4070 2165 progressiones
4113 2087 4181 2145 et
4223 2081 4473 2145 exitum

2520 2165 2726 2230 fusius
2780 2174 2927 2249 post
2982 2162 3313 2230 nundinas
3369 2164 3746 2232 describam.
3833 2166 4002 2232 Vale
4056 2167 4125 2231 in
4182 2165 4471 2245 Christe,

2521 2271 2598 2316 ac
2639 2271 2758 2333 pro
2803 2251 3047 2335 pietate
3102 2260 3217 2315 tua
3261 2271 3381 2317 uos
3425 2250 3726 2335 precibus
3770 2271 3847 2318 ae
3898 2252 4169 2318 oonsilio
4212 2251 4471 2318 adiuva.

2521 2336 2937 2402 Francoforti
2983 2339 3084 2401 25.
3129 2336 3375 2402 Martii.

3509 2475 3687 2540 Guil.
3740 2474 4299 2560 Whit-inghamus.

2522 2746 2808 2812 moueant
2844 2740 2940 2785 est.
3011 2730 3140 2801 Ipse
3171 2730 3416 2786 Knoaeus
3450 2734 3702 2800 sco-ipsit:
3736 2735 3785 2786 Δ
3820 2735 4097 2789 narrative
4131 2735 4193 2788 of
4220 2734 4314 2787 the
4336 2750 4480 2855 fro-

2523 2800 2778 2869 eeedmgs
2831 2803 2891 2853 of
2937 2800 3039 2883 the·
3079 2800 3287 2869 english
3333 2804 3714 2871 congregation
3758 2810 3818 2855 at
3864 2802 3954 2856 Fr.
3999 2804 4055 2858 iu
4102 2803 4288 2856 March
4367 2801 4479 2857 555

2524 2868 2743 2937 (marks,
2798 2868 2880 2923 ed.
2923 2869 3108 2939 Lamp
3143 2870 3239 2924 lv.
3274 2867 3342 2922 41
3379 2876 3490 2930 ⁸23.)-
3573 2869 3814 2939 Quocum
3848 2872 3919 2938 cf.
3959 2875 4006 2926 A
4041 2873 4202 2926 Brief
4230 2873 4475 2926 discours

2523 2938 2585 2991 of
2613 2938 2715 3018 the·
2744 2939 2988 3020 troubles
3022 2940 3271 3007 begonne
3306 2946 3365 2991 at
3401 2938 3533 2993 Frk.
3571 2942 3727 2994 cuius
3761 2942 4027 3008 epitomen
4069 2944 4308 3012 reperies
4338 2940 4475 2996 ibid.

2526 3006 2743 3061 1⁵1⁷er
2774 3007 2877 3070 lufo
2909 3009 2978 3072 of
3006 3007 3190 3063 Knooe.
3227 3006 3312 3062 ed.
3348 3007 3401 3063 3.
3449 3008 3563 3062 Vol.
3603 3009 3642 3062 1.
3675 3006 3770 3062 147
3806 3025 3882 3063 ss.
3938 3008 4132 3092 &type
4163 3010 4287 3065 cccl.
4310 3008 4477 3064 Man.

2522 3076 2646 3200 33.-
2661 3074 4199 3230 'ffrffitfzaffissssffffssoffl‘fflssmffiwffl
4229 3076 4476 3230 11⁹1.ss

2528 3215 2700 3270 Mart.
2736 3217 2948 3284 appulit
2979 3215 3174 3280 Cotus,
3209 3216 3338 3270 olem
3368 3223 3692 3284 praeceptor
3712 3216 3976 3272 Eduardt
4011 3220 4157 3285 reqio
4190 3233 4307 3273 cum
4341 3218 4476 3271 alus

2524 3284 2723 3354 Anqlis
2766 3289 2865 3353 quo·
2907 3287 3106 3339 cultum
3149 3284 3427 3352 publicum
3470 3286 3765 3340 turbarunt
3799 3287 4150 3355 anylicoenan
4190 3288 4476 3366 litamina·

2592 3352 3595 3504 ⁶⁸⁸⁶..:f⁹“ffl’·.ut-⁸⁸:.²⁰⁰.....“¹f¹⁶2r;·
3628 3353 3865 3488 ...Ἥ
3897 3358 4173 3481 'mmm
4147 3362 4479 3481 mmmm

2520 3498 2702 3568 coetus
2729 3499 2907 3559 parte,
2953 3490 3217 3546 Knoxum
3252 3507 3290 3545 α
3324 3494 3628 3547 monisterio
3661 3492 4040 3549 deturbarunt.
4114 3494 4312 3550 Postea
4346 3509 4480 3548 vero

2520 3560 2638 3625 alas,
2679 3560 2994 3642 inter-quos
3041 3559 3500 3630 Whittinqham
3539 3577 3653 3644 »jen
3700 3567 3865 3617 totam
3908 3562 3989 3617 ad
4032 3568 4279 3617 sendus·
4325 3561 4479 3644 dau-

2518 3628 2702 3682 Ζσηυιε
2743 3644 2840 3698 qu·
2886 3628 2939 3682 d.
2984 3627 3073 3682 22.
3112 3628 3317 3683 Mam·
3358 3629 3593 3685 dmm
3640 3631 3849 3700 Amalec
3895 3631 4181 3688 Gallorum
4227 3631 4481 3687 ordinent

2517 3698 2674 3767 „mi
2702 3694 2788 3834 ⁶2)
2823 3737 2962 3821 Post
2993 3768 3094 3822 Ιιοο
3133 3765 3371 3821 Sonam
3403 3767 3672 3823 decr-m
3701 3769 3931 3850 ‘ccclesia
3965 3769 4230 3825 Knomm
4252 3771 4477 3851 concio·

2517 3836 3529 3973 Wssfflnfffiwfffissi
3563 3836 4329 3962 &mmmmm-
4379 3854 4489 3961 ⁸3}

2517 3972 2670 4027 Kent
2704 3978 2756 4028 et
2788 3973 2993 4069 Pau-roy
3037 3973 3150 4028 late
3184 3973 3504 4029 Chaucellor
3537 3975 3600 4029 of
3635 3976 3730 4029 the
3764 3976 4043 4058 cathedral
4078 3976 4156 4058 of·
4170 3977 4473 4046 &nubum

2515 4043 3082 4192 tames
3098 4041 3501 4195 ssqume.
3429 4044 4479 4169 wiasfflmssm:

2519 4179 2582 4234 of
2627 4179 2927 4233 Christiane
2982 4196 3309 4252 concernmg
3369 4183 3463 4236 the
3519 4194 3742 4251 present
3800 4185 4045 4238 troubles
4102 4185 4165 4237 os
4218 4183 4477 4254 Englaud

2518 4247 2753 4317 (Works
2788 4249 2894 4303 111.
2930 4246 3055 4315 257)
3091 4257 3425 4305 accusarunt
3458 4250 3520 4303 of
3547 4251 3676 4322 high
3711 4257 3930 4306 treason
3965 4253 4179 4322 against
4214 4253 4306 4307 the
4340 4252 4473 4306 Em·

2518 4318 3261 4443 12⁰.‘3.¹¹“1}¹.¹3.··3.¹¹⁰}.E.¹2{233
3294 4320 3739 4444 ῗὲοὲἒεέἒὲἒ.
3754 4322 4195 4446 ·.2·::¹..t¹;2.‘.-².⁰⁰;⁰
4233 4322 4305 4404 ⁶¹·
4324 4322 4480 4445 ἷξε

2519 4457 2574 4509 οι·
2601 4454 3237 4539 perWh‘m‘nqhamum
3272 4463 3434 4512 auctor
3475 4457 3590 4523 ruit
3633 4466 3695 4513 ut
3736 4461 3870 4515 urbe
3913 4406 4348 4514 accederetprg.
4382 4458 4477 4514 25.

2518 4522 4246 4666 &waffa‘iffiffiffffimffizss‘ssfffiffim
4280 4529 4484 4585 '’m“
