4850 6200
395 427 527 491 588

396 634 526 681 ceu
601 613 916 699 principis
1000 609 1313 680 visitandi
1401 611 1632 698 gratia,
1716 630 1919 696 eaque
2001 611 2356 686 occasione,

400 700 664 766 etiamsi
705 697 879 784 quod
925 697 1224 766 Fas-ellus
1267 699 1445 781 cupit
1490 704 1770 781 nequeat
1821 696 2073 773 confici,
2136 703 2357 760 tamen

400 784 690 869 aliquem
734 784 1022 851 fructum
1063 784 1446 850 referamus.
1494 818 1570 830 --
1617 819 1704 830 --
1750 817 1827 828 ——
1874 819 1959 831 -
2002 781 2205 850 Basil.
2254 784 2357 846 26.

399 870 658 956 Aprilis
698 893 872 937 anno
922 875 1105 935 1555.

1742 1007 1818 1071 Τ.
1853 1003 2186 1071 Sulcerus.

1279 1671 1477 1744 2193.

931 1827 1337 1896 VIRE'PUS
1383 1825 1840 1894 PARELLO.

470 2038 475 2043 ·
591 2000 975 2067 Genevenses
1015 2000 1369 2066 renovando
1420 1999 1661 2081 foederi
1713 1998 1893 2064 unice
1934 1999 2158 2064 intenti
2209 2020 2361 2067 eau-

402 2106 549 2155 sam
592 2086 920 2171 reziyionis
958 2083 1275 2170 myliyunt
1329 2090 1387 2153 et
1430 2087 1522 2153 sic
1582 2082 1886 2151 Calvinus
1937 2104 2061 2151 sua
2117 2086 2359 2152 excidit.

408 2258 525 2324 (Ex
558 2256 895 2328 autographo
944 2257 1072 2311 bibl.
1118 2262 1399 2381 psastomlff
1442 2256 1915 2387 gezcomensium.
1997 2256 2136 2327 Epp.
2182 2256 2361 2310 Vireti

582 2496 844 2562 Eximio
903 2494 1155 2563 Christi
1213 2518 1408 2564 servo
1466 2497 1824 2565 Guilielmo
1871 2496 2133 2563 Farello
2188 2496 2360 2562 Neo-

409 2582 733 2648 eomensis
776 2580 1086 2648 ecclesiae
1143 2581 1274 2649 fido
1333 2585 1584 2668 pastori
1644 2583 1832 2649 fratri
1895 2591 1963 2648 et
2014 2583 2185 2667 patri
2243 2603 2361 2649 suo

404 2668 760 2753 plurimum
803 2667 1195 2734 venerando.
1856 2754 2186 2820 Nooeomi·

408 3009 590 3077 Besa
639 3033 783 3079 cras
819 3009 1163 3078 Genevam
1209 3010 1638 3096 proficiscitur
1691 3010 1774 3076 ad
1821 3010 2364 3078 communicanda

408 3118 561 3164 cum
610 3095 874 3168 Calvino
917 3096 1190 3164 consilia
1234 3094 1314 3163 de
1358 3094 1554 3163 rebus
1588 3097 1908 3164 omnibus
1944 3103 1992 3177 ¹)
2079 3095 2365 3163 Videtur

411 3184 587 3248 enim
638 3181 946 3250 Calvinus
986 3180 1179 3248 valde
1224 3192 1590 3252 commotus
1634 3183 1759 3249 hac
1800 3182 2196 3251 iudiciorum
2233 3184 2362 3249 ini-

411 3269 757 3352 quitate‚²)
832 3268 1068 3352 quibus
1146 3267 1399 3335 Christi
1478 3268 1769 3335 doctrina
1856 3282 1992 3335 tam
2073 3269 2362 3355 indignis

410 3352 622 3420 modis
666 3353 1050 3420 traducitur.
1150 3353 1481 3422 Veremur
1528 3365 1750 3421 autem
1793 3377 1878 3421 ne
1934 3354 2363 3440 refrigescant

414 3439 834 3506 Genavatum
895 3440 1116 3518 animi,
1176 3439 1336 3507 adeo
1399 3440 1635 3507 intenti
1702 3441 1936 3508 studiis
2000 3440 2364 3507 renovandi

410 3524 710 3604 foederis,
733 3527 789 3605 ⁸)
812 3533 886 3591 ut
908 3546 1173 3593 causam
1188 3527 1528 3613 religionis
1540 3525 1841 3612 frigidius
1867 3536 2363 3612 prosequantur.

412 3611 563 3678 Hoc
627 3613 803 3677 enim
864 3610 1114 3679 Calvini
1169 3612 1398 3680 literae
1453 3635 1591 3679 non
1640 3612 1915 3681 obscure
1965 3615 2360 3698 significant.

412 3697 551 3764 Nos
595 3718 752 3763 vero
793 3698 1018 3765 classis
1063 3710 1457 3765 conventum
1504 3697 1587 3763 ad
1633 3698 1957 3765 Calendas
2001 3699 2215 3766 Maias
2259 3702 2361 3765 in·

416 3920 596 3975 2198.
620 3921 670 3983 1)
712 3919 1046 3976 Caluisiano
1079 3923 1192 3976 scil.
1227 3928 1278 3976 et
1308 3922 1570 3985 fortassis
1604 3923 1765 3977 stiam
1796 3921 2081 3988 foederati.

623 3988 685 4054 2)
723 3989 1009 4045 Audivisti
1036 3991 1218 4058 ipsum
1254 3988 1507 4047 N.218⁷.
1563 3988 1825 4046 &natum
1859 3989 2005 4046 adiit
2035 3989 2120 4046 23.
2141 3991 2281 4061 Δρτ.
2316 3998 2368 4048 et

415 4058 614 4112 iterun
646 4056 733 4111 29.
770 4057 836 4113 de
870 4058 1243 4115 Beruensn‘bus
1275 4075 1502 4130 querens
1533 4065 1586 4114 st
1617 4059 1957 4115 schediasma
1990 4061 2368 4131 responsionis

414 4127 708 4183 mittendae
734 4129 983 4196 protulit.
1055 4127 1138 4194 Of.
1283 4168 1295 4181 .
1332 4146 1402 4185 m.
1441 4127 1603 4183 Maio
1633 4129 1886 4198 scriptas.

623 4195 681 4265 3)
717 4197 883 4250 Anno
918 4195 1055 4250 1549
1082 4145 1282 4265 soem
1326 4199 1387 4250 in
1420 4199 1657 4268 quinque
1690 4213 1884 4264 annos,
1918 4199 1958 4253 i.
1995 4212 2035 4251 e.
2290 4197 2368 4254 ad

416 4283 470 4318 a.
516 4262 647 4319 1556
676 4273 1037 4336 proroqawn
1066 4267 1272 4333 fuerat.
1343 4269 1525 4319 Avant
1559 4284 1664 4335 que
1700 4284 1761 4322 ee
1812 4274 1989 4320 terme
2024 4283 2094 4320 ne
2197 4273 2224 4320 t
2270 4267 2366 4321 fini

416 4336 498 4387 les
544 4334 812 4389 Genevois
862 4335 1223 4406 proposi-rent
1270 4353 1376 4388 aux
1434 4336 1694 4400 Bornois,
1742 4335 1838 4389 des
1886 4337 1938 4389 le
1992 4335 2131 4390 mois
2164 4335 2368 4390 d’Aout

418 4401 553 4457 1551
592 4403 661 4457 de
696 4403 832 4457 faire
867 4421 941 4458 un
978 4404 1140 4458 truite
1176 4404 1456 4459 d'alliance
1492 4411 1550 4458 et
1583 4403 1651 4457 de
1674 4405 2137 4474 combonrgeoisie
2171 4420 2365 4475 perpe·

418 4471 601 4525 tuelle.
672 4471 753 4526 On
799 4489 867 4525 ne
904 4474 1022 4526 leur
1058 4471 1311 4542 repondit
1356 4474 1474 4526 rien
1508 4489 1646 4541 pour
1679 4473 1730 4527 le
1778 4489 1877 4527 oon
1919 4515 1932 4537 ‚
1976 4473 2112 4526 mais
2158 4488 2367 4527 comme

418 4542 489 4594 ils
525 4541 803 4595 revinreut
838 4543 872 4596 a
904 4542 956 4595 la
992 4542 1189 4612 charge
1224 4560 1294 4595 au
1336 4544 1475 4596 mois
1523 4542 1592 4595 de
1628 4542 1774 4595 Mars
1822 4541 1851 4593 1
2003 4558 2072 4596 ou
2117 4542 2237 4594 leur
2280 4542 2365 4596 re·

420 4609 617 4679 pendit
648 4611 700 4662 le
735 4609 803 4665 16
839 4612 994 4679 qu’ils
1027 4612 1323 4680 pouvaient
1356 4617 1556 4664 mettre
1600 4627 1701 4680 par
1746 4612 1886 4666 e'crit
1931 4611 2012 4665 los
2057 4610 2367 4665 conditione

422 4679 496 4733 du
530 4679 694 4733 traite
731 4678 888 4748 qu’ils
930 4680 1314 4735 demandaient
1360 4687 1419 4733 et
1501 4679 1624 4734 u’on
1668 4683 1871 4734 verroit
1915 4696 1977 4734 oe
2053 4678 2172 4733 u’on
2218 4680 2368 4733 avait

422 4749 453 4799 a
486 4748 640 4802 faire.
712 4748 958 4818 Lorsque
993 4749 1073 4802 les
1109 4749 1337 4818 deputes
1372 4748 1439 4803 de
1525 4746 1695 4802 eneve
1730 4749 1913 4804 forent
1946 4747 1979 4801 a
2061 4765 2190 4803 erne
2226 4765 2368 4818 pour

418 4816 641 4871 l’affsire
676 4815 744 4870 de
779 4816 987 4882 Calvia,
1028 4817 1097 4870 ils
1142 4816 1536 4872 demaderent
1580 4817 1959 4887 prolongation
2005 4817 2074 4872 de
2117 4817 2172 4871 la
2223 4834 2367 4871 eom·

422 4887 765 4955 bourgeoisie
820 4903 958 4955 pour
991 4885 1060 4940 25
1095 4904 1208 4941 ans.
1280 4887 1386 4941 Les
1423 4887 1711 4955 Seigueurs
1745 4887 1815 4940 de
1851 4887 2029 4940 Berne
2064 4884 2370 4941 refuserent

425 4963 484 5006 et
517 4953 629 5009 s'en
676 4956 883 5009 tinrent
927 4955 959 5008 a
1002 4956 1056 5008 la
1096 4956 1328 5026 repense
1375 4955 1536 5026 qu’ils
1583 4955 1702 5008 leur
1746 4955 1966 5009 avaient
2006 4955 2139 5009 faite
2184 4955 2369 5025 prece·

426 5023 717 5077 demment.
770 5023 845 5077 lle
880 5024 1298 5079 reneuvelerent
1331 5025 1478 5079 leurs
1513 5024 1890 5079 sollicitatione
1924 5029 2091 5078 avant
2122 5024 2242 5078 leur
2277 5025 2368 5078 de·

426 5096 570 5160 part,
607 5093 743 5145 mais
777 5109 846 5146 on
884 5109 954 5147 ue
992 5094 1110 5146 leur
1154 5095 1408 5164 repondit
1454 5110 1561 5165 que
1644 5111 1708 5146 ar
1752 5092 1849 5150 des
1893 5093 2271 5176 complimente
2313 5099 2372 5148 et

428 5177 495 5212 en
533 5167 732 5214 termes
770 5177 967 5230 vngues
1003 5169 1104 5216 ote.
1192 5162 1442 5232 (Ruchat
1490 5162 1549 5216 V.
1631 5160 1746 5229 31.)
1831 5162 2244 5283 Negotmtiones

427 5235 595 5284 totum
630 5229 901 5282 bt'enns'um
934 5236 1250 5298 protractae
1281 5238 1412 5286 sunt
1443 5247 1615 5303 usque
1659 5232 1789 5286 dun·
1823 5229 1873 5283 9.
1945 5247 2038 5285 an.
2082 5229 2221 5285 1558
2289 5247 2371 5287 os·

412 5299 531 5424 ficas
601 5305 787 5419 orpora?
787 5314 879 5351 um
914 5299 1034 5352 iure
1068 5300 1310 5354 iurando
1343 5303 1610 5357 sancitum
1645 5301 1813 5369 fuera
1815 5339 1828 5351 .
1904 5298 1988 5365 Gr.
2026 5300 2184 5367 Hess,
2277 5301 2373 5356 ull.

1924 417 2455 488 EPIS'I'OLAE
2494 422 2919 486 2192—2195

4294 418 4418 480 584

2464 608 2770 674 diximus.
2870 605 3314 692 Quamobrem
3372 605 3551 675 Besa
3607 606 3731 675 sibi
3788 605 4133 673 Genavam
4194 624 4419 672 conee-

2466 693 2752 761 dendum
2809 693 3165 761 arbitratus
3222 705 3339 772 est,
3388 706 3465 759 ut
3534 694 3778 760 certius
3843 689 4088 791 aliquid
4146 711 4418 776 cognos-

2464 791 2642 848 ceret
2686 781 2765 847 de
2811 780 3250 847 Genevatium
3293 779 3649 845 voluntate.
3737 776 3818 844 Id
3863 798 4041 842 emm
4085 786 4151 842 et
4191 783 4421 842 nostra

2466 869 2634 934 scire
2676 866 2971 944 interest,
3020 876 3093 931 ut
3133 866 3204 931 in
3251 865 3580 932 communi
3634 884 3828 930 causa
3877 862 4122 930 certius
4173 861 4419 946 aliquid

2466 962 2754 1019 statuere
2819 952 3158 1037 possimus.
3180 950 3238 1033 ⁴)
3337 950 3741 1018 Prodierunt
3807 948 4022 1015 edicta
4079 969 4249 1033 quae
4302 969 4417 1013 ex-

2465 1038 2945 1123 spectabantur,
2991 1040 3060 1103 in
3106 1058 3248 1103 eam
3294 1038 3428 1103 fere
3471 1038 3867 1102 sententiam
3889 1055 4086 1118 quam
4121 1044 4419 1101 senatus·

2464 1124 2842 1190 consultum
2897 1121 3275 1191 continebat
3289 1175 3303 1201 ‚
3378 1143 3506 1207 quo
3568 1123 3800 1206 legatis
3864 1142 4246 1206 responsum
4320 1132 4421 1186 est

2468 1212 2729 1295 scripto.
2819 1210 2971 1276 Non
3015 1208 3242 1276 dubito
3285 1210 3440 1291 quin
3484 1208 3708 1276 hostes
3749 1208 4029 1274 maiores
4082 1216 4420 1272 resumant

2468 1297 2722 1363 animos
2782 1317 2857 1362 eo
2905 1296 3213 1374 animati,
3269 1310 3336 1362 et
3387 1315 3664 1380 magnos
3733 1304 3974 1361 canant
4029 1294 4421 1376 triumphos.

2467 1381 2582 1450 Sic
2624 1383 2814 1448 malis
2857 1382 3314 1468 grassantibus
3355 1392 3424 1447 et
3472 1391 3550 1446 ut
3587 1400 3966 1467 gangraena
4009 1378 4423 1462 serpentibus

2464 1477 2783 1552 parantur
2817 1468 3124 1534 remedia.
3158 1504 3246 1515 -—
3289 1502 3374 1512 —
3416 1503 3500 1515 -—-
3551 1504 3625 1513 —

2638 1553 2950 1620 Salutant
2992 1562 3058 1617 te
3099 1574 3269 1619 uxor
3311 1561 3378 1618 et
3416 1552 3682 1618 familia.
3755 1550 3936 1618 Besa
3977 1560 4044 1616 te
4087 1550 4419 1617 resalutat.

2467 1638 2766 1706 Salutem
2820 1640 3099 1705 multam
3159 1637 3301 1706 dieo
3359 1639 3647 1724 collegae
3705 1647 3773 1703 et
3830 1637 4060 1705 amieis
4126 1638 4418 1704 caeteris.

2466 1725 2651 1791 Vale,
2741 1726 3142 1792 Lausannae
3188 1728 3287 1791 28.
3329 1725 3578 1809 Aprilis
3623 1729 3802 1790 1555.

3448 1863 3630 1927 Tuus
3674 1863 3915 1929 Petrus
3959 1859 4247 1927 Viretus.

3347 2509 3541 2582 2194.

2963 2665 3554 2733 BIBLIANDER
3597 2666 3920 2734 LASCO.

2649 2841 2917 2908 Gratias
2958 2841 3094 2925 ayit
3131 2839 3209 2906 de
3249 2840 3467 2905 missis
3519 2838 3868 2924 Weswhau
3909 2838 4151 2919 libellis,
4196 2839 4426 2923 quibus

2470 2928 2606 2994 iam
2637 2946 3007 3011 responsum
3050 2932 3140 2992 est
3178 2930 3306 2992 iam
3350 2947 3394 2991 a
3439 2923 3699 2993 Calvino
3740 2947 3931 3010 quam
3973 2925 4052 2991 ab
4089 2926 4248 3009 ipso.

2710 3100 2817 3162 (Ex
2852 3105 3000 3153 tomo
3037 3096 3178 3169 Epp.
3216 3117 3249 3152 a
3286 3094 3565 3153 Gabbam·
3603 3100 3870 3153 editarum
3903 3116 4029 3170 pag.
4064 3096 4179 3165 63.)

2471 3270 2854 3337 Clarissimo
2900 3271 3044 3334 viro
3087 3271 3171 3335 D.
3222 3271 3458 3337 Ioanni
3497 3294 3536 3338 a
3572 3272 3785 3337 Lasco
3821 3271 4131 3338 ecclesiae
4170 3270 4417 3337 Christi

2731 3357 3010 3422 antistiti
3056 3355 3180 3421 sibi
3225 3356 3818 3424 observandissime
3862 3356 4160 3424 Domino.

2641 3527 2867 3611 Quum
2925 3528 3192 3595 Iacobus
3249 3539 3471 3595 noster
3535 3531 3653 3596 tibi
3720 3537 3944 3608 notus,
4010 3532 4428 3606 ornatissime

2471 3612 2555 3681 D.
2598 3637 2641 3682 a
2685 3614 2904 3694 Lame,
2952 3616 3052 3681 ire
3095 3615 3180 3682 ad
3224 3638 3345 3683 vos
3380 3616 3847 3694 constituisset,
3895 3618 4075 3683 volui
4117 3637 4237 3701 per
4280 3637 4432 3682 eum

2472 3708 2540 3766 et
2571 3700 2783 3767 literis
2826 3712 2892 3767 et
2936 3722 3092 3768 voce
3141 3702 3299 3768 viva
3342 3703 3677 3768 testificari
3733 3701 3926 3787 longe
3968 3702 4422 3788 gratissimum

2468 3788 2674 3854 fuisse
2716 3787 2880 3852 mihi
2925 3787 3098 3872 quod
3141 3787 3341 3854 libelli
3403 3787 3745 3872 Wessphali
3789 3788 3872 3852 ad
3932 3810 4051 3855 nos
4104 3809 4423 3872 pervene-

2470 3875 2627 3948 rint,
2672 3874 2956 3939 hominis
2997 3874 3202 3957 inepti
3250 3888 3316 3938 et
3358 3876 3718 3959 importuni
3760 3874 3871 3958 qui
3917 3876 4160 3941 rectius
4215 3875 4422 3940 farra-

2474 3963 2660 4046 gines
2685 3965 2732 4036 ¹)
2774 3960 2842 4024 in
2890 3980 3047 4046 agro
3090 3962 3398 4025 iumentis
3434 3961 3767 4047 colligeret
3802 3961 4248 4043 misceretque‚
4294 3961 4424 4026 nisi

2472 4047 2756 4112 multum
2801 4066 2968 4128 erro,
3009 4067 3208 4130 quam
3253 4059 3328 4110 ut
3361 4057 3775 4115 sacrosancta
3807 4048 4122 4132 mysteria
4157 4049 4425 4112 unionis

2473 4142 2541 4196 et
2581 4132 2737 4199 fidei
2769 4131 3168 4199 christianae
3225 4154 3301 4199 ao
3359 4132 3588 4199 salutis
3637 4133 3961 4198 humanae
4015 4143 4424 4198 sacramenta

2472 4226 2801 4284 tractaret.
2899 4220 2982 4283 Ei
3041 4239 3430 4303 responsum
3477 4231 3578 4284 est
3635 4241 3672 4283 a
3723 4221 3800 4285 D.
3868 4219 4144 4294 Calvina
4213 4220 4303 4283 ita
4349 4227 4422 4282 ut

2470 4302 2790 4369 confidam
2858 4307 3000 4388 pios
3058 4306 3263 4386 viros,
3340 4315 3481 4370 tum
3552 4308 3618 4370 in
3685 4315 3818 4373 tota
3891 4305 4184 4370 inferiori
4251 4305 4423 4370 Ger-

2471 4390 2726 4462 mania,
2792 4398 2930 4455 tum
2997 4391 3399 4476 Hamburgi,
3466 4391 3581 4456 ubi
3644 4392 3828 4457 docet
3891 4392 3982 4457 M.
4061 4390 4424 4458 Ioachimus

2471 4475 2598 4540 iste
2657 4475 2841 4559 gigas
2895 4477 3401 4561 imperterritus,
3457 4498 3588 4542 non
3635 4478 3957 4543 offensum
4009 4479 4108 4541 iri.
4133 4481 4187 4554 ²)
4254 4477 4422 4561 Ego,

2471 4580 2559 4626 ne
2637 4559 2925 4627 deessem
3018 4564 3230 4629 officio
3307 4584 3485 4632 meo.
3570 4585 3686 4645 pro
3777 4563 4190 4647 grammatici
4268 4583 4426 4645 pro-

2470 4648 2694 4713 vincia
2735 4649 2998 4714 missam
3042 4650 3271 4732 ipsam,
3327 4649 3480 4732 quid
3528 4650 3758 4724 dicam,
3816 4650 3906 4712 mi
3955 4647 4038 4712 D.
4100 4671 4142 4712 a
4199 4649 4422 4722 Lasso,

2472 4753 2777 4800 areamne
2823 4733 3089 4800 Domini
3131 4757 3213 4800 an
3258 4755 3476 4801 arcam
3522 4729 3813 4800 Simonis
3869 4735 4042 4818 magi
4100 4745 4167 4799 et
4216 4734 4425 4799 Iudae

2681 5023 2740 5090 4)
2786 5022 2992 5079 massis
3035 5041 3117 5094 φ.
3169 5026 3389 5081 habetis
3439 5026 3506 5083 N.
3564 5025 3717 5094 2195,
3795 5025 4015 5080 calvini
4071 5026 4214 5079 duas
4265 5025 4426 5079 2199.

2476 5134 2738 5226 alem)
2774 5160 2975 5215 annau
3019 5163 3095 5216 aa
3140 5162 3310 5217 uscue
3362 5161 3432 5216 W
3547 5164 3764 5218 natam·
3808 5163 4051 5226 mlum,
4102 5178 4257 5232 qum
4301 5179 4428 5216 m·

2475 5232 2647 5288 altero
2681 5230 2863 5287 eodem
2891 5231 3008 5298 sere
3040 5237 3278 5300 tempore
3310 5229 3456 5286 edito
3610 5247 3706 5286 cus
3751 5229 4137 5287 Tarieenstbus
4181 5233 4426 5285 miserat.

2682 5301 2743 5366 2)
2781 5299 2943 5353 Patet
2974 5298 3063 5353 hic
3095 5300 3162 5354 ds
3190 5301 3376 5369 prium
3415 5298 3633 5355 Caluini

3779 5301 3790 5312 ”
3826 5306 3882 5356 ω
3929 5301 4041 5371 aqi,
4086 5302 4220 5371 quia
4264 5301 4430 5356 talem

2475 5386 2618 5438 spem
2652 5374 2793 5439 post.
2810 5367 3104 5424 secundum
3137 5384 3292 5424 nemo
3322 5369 3442 5435 fers
3472 5368 3708 5439 amplius

3861 5375 4148 5438 epota-at.
