4850 6200
451 417 581 481 259

464 601 572 671 (Ex
621 599 959 672 autographo
1001 600 1145 655 Bibl.
1191 602 1471 669 pastorum
1513 598 1983 655 Neooomeusium.
2051 599 2194 669 Epp.
2229 597 2410 651 Vireti

1156 667 1286 723 fasc.
1320 667 1466 724 VIII.
1501 667 1570 723 N.
1606 667 1715 736 14.)

629 841 899 909 Eximio
957 839 1207 906 Christi
1263 859 1457 907 servo
1513 839 1871 906 Guilielmo
1925 837 2189 905 Farello
2240 837 2413 903 Neo·

453 929 782 995 comensis
824 925 1132 994 ccclesiae
1171 927 1419 1010 pastori
1462 924 1840 992 fidelissimo
1882 925 2072 991 fratri
2127 933 2193 989 et
2233 945 2413 1008 sym-

456 1022 716 1100 mystae
752 1011 1144 1081 venerandO.
1828 1096 2154 1163 Neooomi.

626 1234 697 1302 S.
787 1233 861 1301 Si
908 1233 1266 1301 arbitratus
1306 1232 1576 1300 fuissem
1626 1254 1733 1300 me
1776 1243 1913 1299 tam
1957 1241 2225 1317 repente
2270 1239 2415 1316 post

452 1328 648 1388 tuum
687 1341 726 1386 a
772 1343 879 1387 me
923 1320 1281 1387 discessum
1336 1319 1683 1386 Genevam
1745 1320 2208 1403 profecturum,
2235 1323 2287 1394 ¹)
2346 1326 2412 1383 te

453 1408 756 1474 hortatus
797 1407 1067 1474 fuissem
1112 1414 1189 1472 ut
1228 1405 1501 1471 eandem
1543 1426 1800 1472 mecum
1845 1407 2022 1473 viam
2067 1406 2410 1489 arriperes.

453 1492 604 1560 Non
659 1494 835 1561 enim
891 1502 1249 1559 statueram
1308 1513 1384 1557 eo
1440 1498 1595 1557 ante
1646 1490 2013 1558 vindemias
2067 1490 2408 1576 proficisci.

454 1580 589 1647 Sed
635 1601 838 1664 quum
881 1577 1037 1645 iude
1061 1577 1239 1644 Beza
1280 1576 1581 1644 rediisset
1615 1598 1691 1645 ac
1735 1599 1820 1643 ex
1856 1597 1934 1643 eo
1969 1578 2409 1662 intelligerem

453 1688 559 1733 me
597 1688 637 1731 a
684 1665 948 1731 Calvino
991 1672 1059 1729 et
1099 1664 1326 1729 multis
1383 1664 1529 1729 aliis
1585 1664 1772 1729 bonis
1815 1664 1977 1730 viris
2021 1664 2407 1747 exspectari,

452 1753 710 1820 mutavi
769 1750 1133 1818 consilium.
1238 1748 1504 1833 Reliqui
1558 1748 1896 1816 ecclesiam
1967 1749 2149 1814 illam
2208 1750 2279 1814 in
2333 1769 2409 1814 eo

453 1859 661 1923 paene
722 1844 894 1902 statu
953 1838 1027 1900 in
1084 1856 1211 1919 quo
1268 1837 1384 1902 abs
1453 1844 1522 1899 te
1579 1856 1793 1920 nuper
1850 1836 1995 1902 visa
2058 1844 2177 1900 est.
2277 1834 2408 1918 Egi

453 1944 722 1991 causam
778 1919 1108 2005 quandam
1165 1923 1233 1986 iu
1292 1927 1526 1986 senatu
1583 1921 1898 1987 adversus
1949 1921 2333 1987 Gucroldum
2354 1924 2409 1997 2)

453 2009 982 2092 Bezamastigem
1052 2015 1119 2072 et
1173 2008 1489 2074 famosam
1552 2005 1727 2073 illius
1800 2007 2144 2090 epistolam
2213 2027 2409 2089 quam

456 2117 605 2162 cum
630 2094 900 2178 psalmis
944 2093 1194 2177 aliquot
1228 2092 1396 2158 clam
1433 2092 1712 2159 excudit.
1780 2091 2091 2158 Nondum
2110 2091 2410 2157 intellexi

497 2181 608 2246 uid
648 2179 1017 2247 confectum
1054 2180 1154 2245 sit.
1238 2177 1505 2244 Contuli
1540 2200 1691 2245 cum
1731 2177 1987 2244 Calvino
2022 2178 2104 2243 de
2139 2177 2410 2244 consilio

457 2268 471 2283 ‘
503 2266 632 2333 lius
689 2266 801 2350 qui
865 2265 1266 2349 cogitaverat
1323 2263 1408 2330 ad
1451 2284 1674 2348 regem
1717 2263 2019 2332 scribere.
2038 2265 2096 2348 ⁸)
2186 2263 2410 2330 Sentit

460 2350 763 2422 Calvinus
805 2372 1063 2419 mecum
1107 2359 1174 2416 et
1211 2371 1360 2417 cum
1402 2349 1598 2429 Beza,
1642 2349 2021 2434 indicatque
2063 2350 2409 2416 consilium

454 2439 681 2505 nimis*
711 2438 982 2522 plenum
1036 2436 1350 2521 pericn10,
1411 2436 1596 2502 cuius
1656 2437 1842 2502 nulla
1899 2444 2211 2520 appareat
2262 2457 2411 2520 spes

498 2524 806 2599 refectus,
858 2523 972 2588 sed
1030 2543 1305 2607 magnos
1359 2522 1577 2606 potius
1620 2532 1838 2589 motus
1882 2523 2267 2606 promittere
2310 2522 2409 2587 vi·

451 2546 703 2676 fleatur.
791 2611 896 2675 De
938 2610 1259 2676 Arcuario
1302 2608 1362 2674 si
1414 2628 1634 2674 coram
1690 2607 1860 2692 quod
1919 2609 2133 2675 sentio
2192 2607 2407 2673 dicere

450 2718 582 2764 non
643 2695 1052 2774 conceditur,
1111 2695 1392 2761 scribam
1450 2715 1585 2759 non
1640 2716 1857 2761 meam
1911 2693 2106 2760 modo
2168 2693 2282 2760 sed
2341 2701 2410 2758 et

460 2781 712 2852 calvini
776 2782 1204 2859 sententiam,
1283 2779 1397 2864 qui
1473 2781 1720 2847 factum
1789 2780 1983 2847 valde
2061 2780 2407 2864 improbat.

450 2868 781 2935 Differam
824 2876 1046 2934 autem
1091 2864 1492 2950 aliquamdiu
1550 2867 1878 2945 consulte,
1934 2866 2090 2950 quia
2146 2867 2204 2931 si
2244 2864 2410 2931 mihi

449 2956 742 3022 Bernam
784 2951 1194 3019 redeundum
1246 2952 1335 3017 sit
1377 2952 1777 3018 commodius
1829 2972 1950 3036 per
1994 2973 2109 3018 vos
2153 2963 2408 3017 transe-

450 3040 631 3108 undo
676 3041 840 3107 haec
883 3059 1083 3108 causa
1123 3045 1493 3138 peragetur.

624 3127 788 3192 Fuit
852 3146 986 3191 non
1042 3126 1138 3189 ita
1200 3123 1455 3207 pridem
1522 3122 1632 3190 hic
1685 3123 2079 3203 ArouariuS,
2148 3122 2261 3188 sed
2324 3144 2409 3188 ne

453 3212 656 3280 ullius
696 3209 1105 3294 corruptelae
1145 3230 1253 3275 me
1297 3207 1475 3308 apud
1518 3228 1640 3274 vos
1684 3217 2059 3293 suspectum
2103 3208 2411 3275 redderet

455 3320 579 3366 nec
625 3297 939 3364 salutavit
967 3316 1118 3448 V11:30
1160 3295 1406 3363 invisit.
1496 3291 1834 3362 Salutabis
1877 3296 2114 3361 tratres
2157 3316 2406 3361 omnes.

456 3421 542 3433 ——
592 3421 665 3431 --
713 3420 800 3431 —
844 3417 926 3429 —
1102 3403 1155 3448 e.

626 3471 1025 3537 Lausannae
1070 3472 1128 3534 6.
1175 3465 1443 3535 Octobr.
1496 3469 1678 3532 1554.

1457 3605 1639 3670 Tuus
1678 3605 1917 3672 Petrus
1960 3602 2236 3671 Viretus.

1329 4135 1526 4207 2⁰25.

868 4289 1516 4360 BURGHARDUS
1562 4289 1998 4358 CALVINO.

637 4465 904 4531 Gratias
964 4465 1095 4548 ayit
1133 4464 1207 4529 de
1249 4464 1550 4529 constanti
1591 4483 1720 4545 qua
1762 4462 1976 4544 ipsum
2012 4465 2409 4548 prosequitur

462 4552 761 4629 amicitia,
807 4551 1064 4618 eandem
1095 4571 1163 4617 se
1203 4550 1466 4616 invicem
1508 4549 1568 4614 ei
1607 4569 1804 4630 usque
1837 4569 2089 4614 servare
2132 4555 2404 4617 testatur.

461 4638 882 4721 Eacemploria
963 4635 1404 4702 Commentarii
1483 4635 1555 4699 in
1646 4635 1918 4700 Genesin
2001 4634 2406 4718 Principibus

459 4725 696 4789 tradita
736 4729 897 4803 sunt,
957 4722 1037 4787 ab
1089 4722 1192 4786 hie
1234 4741 1376 4785 vero
1429 4740 1570 4787 cum
1611 4720 1897 4804 theoloqis
1937 4725 2406 4802 communicata,

467 4999 578 5067 Dp.
615 4997 795 5050 Besae
828 4997 905 5050 ad
927 4997 1179 5050 Senatum
1205 4993 1401 5048 Genev.
1438 4993 1492 5048 ἀ.
1532 4993 1586 5048 ἀ.
1631 4992 1707 5045 19.
1743 4994 1854 5046 Oet.
1894 5009 1984 5062 ap.
2009 4994 2208 5048 Baum.
2230 4995 2267 5048 1.
2288 4994 2406 5050 438.

666 5063 726 5127 2)
763 5065 922 5119 Alias
960 5064 1204 5135 Guyrod,
1245 5063 1525 5129 Gue'roult,
1571 5064 1688 5118 nisi
1715 5063 1981 5128 fallimur,
2018 5065 2392 5133 typographus

499 5136 560 5188 ui
592 5135 750 5186 etiam
795 5135 857 5188 in
908 5150 1079 5189 causa
1115 5133 1415 5188 Servetana
1461 5135 1522 5187 in
1565 5134 1922 5201 suspicionem
1969 5140 2217 5194 venerat.
2265 5139 2326 5188 ut
2359 5106 2410 5188 et
2456 5129 2462 5178 Ι
2512 5134 2778 5198 2025.1)

525 5205 601 5256 'm.
635 5201 709 5255 du
747 5201 890 5256 Bosc
921 5205 1020 5323 fini
1050 5209 1102 5256 et
1135 5204 1251 5270 ipsc
1284 5204 1346 5257 in
1379 5202 1478 5257 hoc
1511 5204 1724 5271 negotio
1747 5201 2087 5256 Psalmorum
2119 5204 2190 5256 im
2233 5203 2409 5257 licimo
2456 5213 2462 5244 Ι

465 5277 598 5327 emt·
659 5269 837 5406 (3ίῖρᾶ
865 5271 973 5407 ἕνα
1006 5341 1220 5409 captivo
1253 5339 1503 5409 quodam,
1535 5345 1636 5395 aut
1658 5340 1876 5394 omnim
1905 5355 2012 5409 pro
2046 5341 2413 5410 evanqelicnzs?

1978 408 2505 479 EPIS'POLAE
2549 409 2973 474 2024—2026

4345 408 4475 471 260

2514 596 2625 678 qui
2680 596 2753 661 in
2808 596 2898 661 iis
2939 596 3249 678 quaedam
3292 602 3501 663 contra
3542 596 3896 663 Lutherum
3952 595 4120 661 dicta
4161 598 4470 662 notam.

2516 681 2671 764 Ipse
2728 680 3016 748 omnibus
3070 684 3228 748 votis
3285 683 3496 749 maim
3552 682 3916 750 concordiae
3970 680 4249 747 studium
4308 681 4471 746 inter

2514 788 2615 834 eos
2655 769 2902 835 tandem
2954 769 3299 850 aliquando
3344 769 3714 851 praevalere
3756 773 4020 850 exoptat,
4076 768 4189 850 qui
4233 767 4472 849 alioqui

2511 855 2645 935 fere
2687 856 2760 920 in
2802 854 3088 920 omnibus
3131 856 3526 922 con-seruiium.

2708 1008 2821 1074 (Ex
2856 1008 2986 1061 Cod.
3025 1008 3227 1063 Gener.
3263 1006 3383 1070 112,
3418 1008 3510 1063 fol.
3548 1007 3598 1073 8,
3636 1025 3756 1061 cum
3792 1010 3999 1063 subscr.
4035 1008 4276 1077 autogr.)

2514 1145 2897 1212 Clarissimo
2942 1167 3017 1211 ac
3054 1146 3425 1212 doctissimo
3462 1146 3603 1210 viro
3625 1145 3912 1211 Domino
3933 1144 4167 1210 Ioanni
4189 1145 4468 1210 Calvino

2517 1231 2832 1298 Genevae
2906 1232 3327 1316 evangelium
3389 1230 3641 1296 Christi
3711 1229 3996 1311 docenti,
4071 1232 4278 1297 amico
4344 1250 4464 1297 suo

3184 1316 3792 1383 observandissimo.

2686 1436 2756 1504 S.
2827 1437 2903 1503 D.
3006 1436 3129 1501 Vir
3205 1437 3563 1504 clarissime
3642 1459 3718 1503 ac
3798 1435 4191 1504 doctissime.
4313 1436 4467 1501 Non

2510 1523 2761 1589 falleris
2806 1521 2979 1607 quod
3020 1524 3157 1588 tuis
3199 1524 3665 1590 amantissimis
3701 1523 3784 1589 ad
3818 1543 3926 1588 me
3966 1522 4134 1588 datis
4176 1523 4389 1588 literis
4419 1524 4466 1604 ι)

2512 1611 2874 1694 significas,
2934 1617 2998 1673 to
3056 1610 3248 1694 signa
3306 1608 3623 1692 quaedam
3680 1609 3921 1675 amoris
3977 1630 4135 1694 erga
4193 1618 4258 1674 te
4314 1608 4465 1687 mei,

2514 1705 2829 1779 notasque
2865 1694 3422 1773 animadvertisse,
3461 1694 3542 1761 ab
3579 1715 3656 1760 eo
3691 1704 3984 1779 tempore
4018 1715 4146 1778 quo
4181 1696 4466 1777 primum

2511 1783 2580 1846 in
2639 1783 2770 1847 mei
2831 1782 3135 1846 notitiam
3195 1782 3589 1865 perveneris.
3675 1781 3853 1847 Nam
3910 1802 4063 1846 vere
4118 1778 4469 1846 adfirmare

2511 1889 2804 1951 possum,
2878 1888 2982 1932 me
3041 1880 3306 1950 propter
3360 1867 3787 1934 excellentem
3844 1881 4025 1931 tuam
4080 1865 4464 1945 doctrinam,

2513 1956 2823 2036 pietatem
2883 1963 2951 2018 et
2996 1954 3469 2031 sinceritatem,
3527 1975 3611 2018 ex
3667 1953 3885 2018 animo
3930 1964 4006 2017 'te
4051 1953 4466 2036 complexum

2513 2062 2672 2118 esse,
2717 2060 2799 2104 ex
2844 2059 2969 2121 quo
3014 2047 3230 2104 tecum
3275 2040 3346 2103 in
3391 2047 3723 2106 conventu
3753 2039 4229 2104 Wormatiensi
4275 2039 4468 2104 annis

2512 2126 2751 2191 abhinc
2786 2145 2993 2208 paene
3015 2123 3405 2207 quindecim,
3444 2125 3799 2191 amicitiam
3836 2125 4155 2203 contraxi,
4195 2144 4271 2189 ac
4298 2121 4466 2189 illud

2514 2233 2731 2276 meum
2778 2232 2935 2294 erga
2995 2221 3059 2275 te
3104 2209 3415 2290 studium,
3475 2230 3764 2275 amorem
3824 2218 3893 2275 et
3936 2209 4467 2276 benevolentiam

2510 2298 2582 2361 in
2623 2298 2798 2362 hunc
2831 2317 3037 2379 usque
3075 2296 3247 2361 diem
3284 2318 3388 2361 me
3432 2316 3870 2363 conservasse.
3938 2295 4079 2363 Nec
4113 2296 4466 2380 quidquam

2511 2383 2619 2450 vel
2691 2390 3014 2467 tempora,
3086 2382 3192 2447 vel
3265 2382 3857 2448 controversiarum
3930 2381 4469 2466 disceptationem

2511 2471 2896 2534 immutasse
2952 2468 3071 2532 tibi
3131 2467 3554 2551 persuadeas,
3624 2467 3775 2533 licet
3842 2469 3983 2551 ipse
4054 2468 4126 2533 in
4185 2466 4468 2552 quodam

2511 2556 2859 2640 praecipuo
2904 2554 3180 2620 articulo
3224 2576 3375 2621 cum
3410 2554 3698 2621 ecclesiis
3741 2554 3986 2619 nostris
4030 2574 4069 2618 a
4111 2560 4178 2618 te
4222 2553 4469 2620 dissen-

2514 2643 2694 2707 tiam.
2783 2642 3011 2723 anue
3069 2640 3149 2704 de
3201 2661 3399 2707 causa
3455 2640 3717 2723 saepius
3771 2640 3948 2704 inter
3989 2647 4058 2704 te
4100 2648 4168 2705 et
4210 2648 4471 2706 nostros

2515 2728 2839 2793 sinceram
2884 2735 2952 2791 et
2994 2728 3169 2809 piam
3209 2725 3619 2793 concordiam
3661 2726 3900 2810 optavi,
3946 2747 4115 2809 quae
4150 2734 4473 2809 quantum

2513 2813 2670 2879 boni
2725 2813 3007 2878 allatura
3061 2822 3266 2893 esset,
3326 2812 3496 2877 nihil
3559 2811 3798 2876 attinet
3859 2833 4034 2878 nunc
4110 2828 4469 2887 recensere,

2514 2920 2718 2982 quum
2763 2900 2901 2982 ipse
2946 2919 3063 2981 pro
3106 2906 3224 2963 tua
3263 2898 3615 2984 prudentia
3649 2918 3726 2964 ac
3767 2898 4009 2981 pietate
4043 2896 4206 2964 haec
4248 2898 4474 2963 omnia

2516 2984 2695 3050 haud
2740 2985 2932 3050 dubie
2991 2986 3232 3050 rectius
3287 2984 3619 3069 intelligas
3665 3004 3741 3049 ac
3779 2982 4168 3067 perpendas.
4258 2985 4359 3050 Ac
4401 2990 4471 3048 te

2516 3070 2599 3137 ad
2644 3070 2812 3137 hano
2872 3070 3229 3155 plurimum
3284 3070 3604 3137 inclinare
3644 3091 3729 3136 ex
3773 3068 4113 3136 tabellario
4160 3075 4270 3135 tuo
4316 3090 4472 3137 cum

2518 3177 2780 3222 summa
2815 3156 3151 3239 voluptate
3196 3158 3434 3240 accepi.
3505 3156 3725 3238 Quam
3759 3154 4022 3240 quidem
4058 3155 4472 3224 concordiam

2516 3252 2590 3307 ut
2631 3242 2820 3308 Deus
2862 3249 3190 3321 aeternus,
3234 3252 3424 3326 pater
3458 3241 3723 3308 Domini
3761 3242 3968 3309 nostri
4003 3241 4157 3308 Iesu
4194 3241 4469 3321 Christi,

2515 3328 2865 3412 aliquando
2909 3327 3232 3412 largiatur
3273 3349 3358 3394 ex
3393 3329 3616 3394 animo
3651 3335 3804 3411 opto
3838 3335 3908 3394 et
3942 3348 4189 3412 precor.
4256 3328 4470 3394 Porro

2514 3425 2733 3479 autem
2798 3412 2969 3496 quod
3035 3413 3106 3476 in
3171 3414 3303 3478 tuis
3365 3414 3578 3480 literis
3643 3422 3780 3480 tam
3846 3423 4146 3480 amanter
4219 3413 4300 3480 de
4360 3433 4470 3479 me

2513 3500 2749 3576 sentis,
2812 3499 2930 3565 tibi
2987 3508 3055 3564 et
3108 3519 3232 3584 ago
3292 3508 3360 3565 et
3414 3499 3624 3566 habeo
3680 3500 3928 3583 gratias
3984 3500 4337 3581 maximas,
4393 3518 4472 3566 ac

2514 3586 2805 3654 vicissim
2879 3605 3026 3652 mea
3076 3586 3291 3652 officia
3359 3586 3480 3654 tibi
3550 3605 3890 3669 nunquam
3960 3584 4262 3652 defutura
4326 3605 4472 3653 esse

2513 3672 2822 3757 polliceor
2864 3691 2940 3737 ac
2976 3672 3236 3755 recipio.
4250 3685 4259 3692 “

2687 3756 2882 3839 Quod
2925 3779 3081 3822 vero
3138 3757 3220 3822 ad
3266 3755 3790 3824 Commentarios
3851 3767 3995 3825 tuos
4036 3759 4106 3823 in
4152 3758 4471 3824 Genesim

2514 3845 2794 3928 scriptos
2866 3844 3148 3922 adtinet,
3224 3843 3352 3909 tria
3409 3850 3747 3927 compacta
3800 3844 4235 3927 exemplaria,
4301 3866 4471 3928 quae

2513 3930 2862 4014 bibliopola
2919 3938 3080 3996 tuus
3135 3930 3304 3995 mihi
3345 3928 3661 4012 reddidit,
3717 3929 4180 3997 illustrissimis
4222 3931 4472 4015 princi-

2515 4015 2707 4100 pibus
2749 4017 2932 4096 meis,
2979 4026 3053 4081 ut
3096 4016 3359 4099 petiisti,
3406 4016 3631 4096 obtuli,
3691 4026 3999 4100 quartum
4041 4037 4201 4082 vero
4245 4037 4471 4082 exem-

2514 4103 2660 4186 plar
2703 4122 2838 4167 non
2883 4110 3288 4185 compactum
3336 4122 3458 4187 ego
3501 4103 3764 4180 retinui,
3865 4101 3994 4167 uod
4038 4111 4260 4168 tamen
4304 4123 4470 4168 non-

2515 4189 2672 4252 dum
2718 4187 2866 4272 legi.
2954 4188 3127 4252 Nam
3169 4189 3394 4254 statim
3439 4189 3826 4273 compingen
3876 4209 3989 4252 um
4032 4187 4291 4253 tradidi.
4377 4188 4473 4253 Et

2515 4274 2844 4359 principes
2888 4272 3151 4355 quidem
3194 4277 3329 4340 suis
3383 4273 3772 4357 quibusdam
3832 4271 4153 4357 theologis
4196 4273 4471 4340 interim

2515 4360 2673 4425 dum
2713 4359 3021 4425 librarius
3067 4369 3285 4426 vester
3309 4361 3381 4424 in
3426 4359 3784 4424 nondinis*
3826 4358 4284 4442 Lipsiensibus
4314 4360 4470 4425 hinc

2516 4446 2752 4522 abfuit,
2829 4444 3137 4531 legendos
3227 4467 3336 4511 eos
3425 4447 3928 4512 commentarios
4001 4447 4465 4529 praebuerunt.

2514 4530 2645 4612 Qui
2692 4532 2878 4596 aiunt
2920 4541 2984 4596 te
3039 4540 3219 4597 tuam
3262 4532 3635 4614 opinionem
3691 4531 4019 4598 diversam
4059 4553 4099 4596 a
4140 4533 4472 4599 sententia

2513 4616 2933 4684 ecclesiarum
2980 4628 3351 4684 nostrarum
3399 4617 3479 4682 de
3523 4638 3726 4684 coena
3758 4618 4031 4683 Domini
4076 4617 4312 4684 alicubi
4359 4617 4472 4684 ad-

2514 4705 2855 4787 spersisse,
2925 4715 2990 4768 et
3048 4703 3290 4770 summi
3355 4703 3483 4769 viri
3540 4703 3835 4784 Lutheri,
3895 4705 4040 4787 piae
4092 4704 4467 4781 memoriae,

2456 4809 2463 4904 ἱ
2516 4791 2878 4855 versionem
2950 4800 3018 4855 et
3093 4791 3697 4873 interpretationem
3775 4791 3848 4854 in
3924 4789 4188 4856 eosdem
4259 4791 4470 4858 Mosis

464 4929 656 4986 2024„
675 4928 734 4993 1)
774 4927 862 4982 De
893 4926 994 4982 hoe
1027 4927 1218 4981 itinere
1256 4925 1389 4995 Req-
1435 4924 1512 4979 du
1549 4922 1764 4979 Conseil
1810 4923 1889 4976 27.
1931 4924 2072 4993 Sept.
2115 4923 2165 4977 4.
2209 4925 2322 4981 Oct.
2359 4933 2408 4981 et
2457 4945 2461 4986 i

2512 4875 2714 4940 libros
2760 4876 3001 4940 editam
3048 4876 3247 4942 variis
3292 4877 3363 4940 in
3420 4876 3577 4941 locis
3632 4875 3852 4941 odiose
3911 4876 4354 4961 perstringere
4401 4893 4469 4940 et

2512 4964 2843 5028 insectari.
2870 4964 2928 5044 ²)
3028 4961 3220 5043 Quod
3279 4962 3569 5045 quidem,
3636 4963 3690 5028 si
3748 4964 3838 5028 ita
3897 4972 4024 5042 est,
4101 4963 4327 5027 multis
4385 4962 4468 5028 de

2922 5132 3127 5188 erditie.
3206 5133 3294 5187 De
3327 5138 3449 5202 ipso
3483 5133 3818 5205 Buryhardo
3852 5133 3976 5188 vide
4009 5134 4086 5188 ad
4124 5133 4199 5187 N.
4237 5132 4392 5188 1991.

2714 5203 2772 5270 2)
2815 5203 2861 5257 Ο
2901 5205 3014 5257 iose
3034 5203 3249 5272 quidem
3270 5203 3474 5257 Noster
3492 5204 3795 5259 lutherum
3818 5218 4090 5272 nusquam
4121 5204 4465 5271 perstrinaeit‚

973 5272 1019 5327 1.
1052 5269 1155 5324 752
1189 5287 1266 5340 eq.
1331 5269 1467 5340 Req.
1504 5270 1580 5325 du
1608 5270 1822 5324 consere
1857 5269 1940 5324 22.
1965 5271 2104 5326 Nov.
2144 5271 2172 5323 l
2212 5312 2224 5325 .
2247 5271 2407 5340 Dec.)
2508 5290 2692 5327 verum
2738 5277 2834 5326 isti
2876 5288 2945 5327 nc
2986 5273 3049 5324 in
3080 5273 3323 5325 minimis
3366 5273 3579 5342 quidem
3626 5279 3688 5328 ut
3722 5272 3926 5342 aliquis
3962 5271 4329 5342 Meqalandro
4365 5286 4469 5327 suo

2509 5342 2897 5398 contradiceret
2927 5340 3074 5405 ferre
3104 5346 3371 5410 poterant.
