4850 6200
547 402 672 467 767

1345 579 1526 651 2293
1571 581 1689 647 bis.

914 735 1458 804 VERGERIUS
1504 733 2144 802 BULLINGERO.

724 912 1104 978 Gribaldum
1145 931 1268 976 non
1311 915 1442 974 tam
1498 909 1751 991 niyrum
1798 927 1931 972 esse
1973 927 2167 990 quam
2210 906 2504 972 nonnulli

546 1000 783 1099 morosi
800 998 1176 1150 ἔιενήἑόεπτε
1231 998 1366 1077 ipse
1419 999 1629 1060 tamen
1670 1014 1747 1058 ne
1801 992 1975 1058 ultra
2017 996 2246 1057 metam
2286 997 2503 1058 currat

539 1106 798 1169 prospto
883 1135 897 1149 .

548 1259 660 1383 ξι
697 1256 1035 1326 autographo
1074 1253 1296 1308 Archiv.
1329 1252 1504 1305 Turio.
1534 1250 1674 1304 Plut.
1715 1249 1812 1303 VI.
1851 1250 1972 1304 Vol.
2000 1247 2117 1329 170,
2154 1250 2282 1303 olim
2321 1248 2496 1302 Scrin.

603 1369 614 1381 .
654 1328 794 1397 Epp.
829 1326 979 1380 Tem.
1013 1323 1100 1389 44,
1135 1324 1225 1376 fol.
1262 1319 1367 1376 534
1401 1320 1518 1373 sine
1553 1319 1922 1387 inscriptione.
1996 1319 2195 1371 Simler
2229 1318 2346 1371 Vol.
2382 1316 2497 1385 85.)

716 1496 1074 1563 Carissimo
1131 1495 1354 1558 frater.
1441 1491 1603 1556 'Puis
1655 1510 1861 1574 pauca
1918 1490 2127 1556 habeo
2183 1510 2348 1573 quae
2392 1510 2495 1554 re-

546 1583 923 1668 spondeam.
1033 1581 1136 1645 Ea
1200 1590 1356 1645 sunt
1421 1577 1814 1641 huiusmodi.
1926 1577 2127 1642 Iubeo
2193 1587 2259 1640 te
2329 1576 2497 1641 bono

547 1671 769 1735 animo
827 1689 970 1734 esse
1024 1665 1193 1750 quod
1254 1665 1336 1729 ad
1393 1664 1474 1728 D.
1539 1663 1917 1729 Gribaldum
1978 1664 2233 1727 attinet.
2320 1662 2496 1726 Novi

546 1758 769 1822 omnia
826 1774 989 1836 quae
1051 1753 1224 1817 facta
1289 1764 1540 1833 quaeve
1605 1748 1779 1815 dicta
1843 1751 2041 1813 fuere.
2131 1748 2280 1813 Non
2340 1761 2493 1812 sunt

591 1842 766 1907 ualia
829 1838 1130 1903 nonnulli
1201 1836 1498 1901 retulere.
1587 1835 1712 1899 Vis
1777 1835 1989 1899 dicam
2048 1856 2185 1899 uno
2246 1833 2492 1899 verbo?

603 1935 727 1993 unt
770 1937 1027 1990 veteres
1082 1923 1463 1988 inimicitiae
1507 1924 2083 2002 contentionesque
2125 1921 2305 1984 inter
2353 1919 2496 1986 Gal-

547 2014 767 2078 vinum
811 2009 1079 2087 (rescivi
1123 2030 1242 2094 ego
1279 2009 1361 2073 ab
1405 2007 1555 2083 hoc)
1600 2017 1668 2072 et
1706 2006 2104 2085 Gribaldum
2149 2015 2225 2072 ut
2267 2027 2497 2071 sumus

548 2119 777 2164 omnes
821 2106 1160 2180 portantes
1205 2105 1502 2159 nostrum
1553 2092 1901 2158 Adamum.
1975 2091 2197 2173 Quare
2239 2091 2496 2157 Gribaz-

546 2186 672 2251 dus
701 2185 885 2249 visus
920 2194 1020 2247 est
1059 2181 1190 2247 illis
1233 2180 1584 2263 aliquando
1619 2180 1904 2244 amarior
1948 2190 2017 2244 et
2060 2178 2498 2244 turbulentior

549 2289 748 2355 quam
812 2270 917 2347 sit,
984 2287 1349 2351 quanquam
1406 2265 1711 2331 nonnihil
1759 2265 2147 2331 morosiores
2211 2264 2364 2337 sint,
2422 2275 2500 2328 ut

548 2356 741 2433 nosti,
799 2354 1167 2437 aliquando.
1256 2352 1443 2418 Haec
1500 2372 1701 2434 penes
1745 2359 1828 2416 te.
1920 2350 2084 2417 Sine
2127 2371 2235 2415 me
2278 2369 2494 2435 agere.

546 2442 693 2526 Ego
751 2441 1080 2506 hominem
1142 2440 1383 2504 curabo
1450 2438 1667 2520 probe.
1757 2436 1950 2518 Quod
2017 2438 2090 2501 ni'
2151 2435 2494 2514 destiterit,

545 2529 781 2594 faciam
823 2536 900 2592 ut
941 2534 1017 2590 tu
1057 2535 1251 2608 atque
1296 2524 1408 2588 alii
1451 2525 1606 2589 boni
1652 2524 1775 2589 viri
1819 2523 2198 2607 intelligant
2231 2543 2338 2586 me
2381 2522 2498 2588 ab·

545 2615 815 2680 horrere
858 2635 899 2677 a
939 2611 1239 2678 fanaticis
1281 2610 1581 2693 ingeniis.
1665 2614 1914 2674 Annon
1959 2609 2076 2675 tibi
2122 2607 2494 2674 satisfacio?

548 2732 1486 2749 —————————
1524 2696 1921 2780 Reutlingae
1965 2701 2056 2760 14.
2083 2693 2264 2777 Sept.
2314 2698 2496 2759 1555.

1942 2832 2322 2915 Vergerius.

1424 3537 1625 3610 2294.

998 3691 1619 3760 MARBAOHIUS
1665 3689 2067 3759 BEYERO.

725 3860 916 3929 Docet
970 3884 1099 3946 qua
1170 3865 1412 3930 ratione
1468 3866 2021 3949 Aryentoratenses
2086 3864 2228 3929 suis
2293 3861 2505 3927 Zwin-

547 3947 792 4032 ylianis
832 3968 947 4013 ora
989 3949 1408 4016 obstruxerint
1448 3956 1504 4016 et
1542 3951 1790 4017 similia
1832 3954 1901 4015 nt
1945 3947 2508 4031 Franoofurtonses

548 4034 794 4117 faciant
833 4035 1069 4101 suadet.
1159 4037 1422 4120 Insiyne
1466 4042 1556 4101 est
1585 4038 1899 4118 perfidiae
1941 4040 1998 4100 et
2037 4035 2507 4102 calumniarum

551 4120 1004 4199 documentum,
1058 4122 1322 4205 diynum
1376 4124 1624 4189 omnino
1668 4123 1831 4204 qnod
1883 4123 1956 4187 in
2003 4126 2370 4204 perpetuam
2410 4119 2506 4185 rei

550 4207 920 4272 memoriam
962 4212 1254 4274 servetur.

552 4377 667 4444 (Ex
720 4378 1035 4500 agegrapho
1091 4380 1235 4448 quod
1291 4381 1537 4462 Beyerua
1590 4380 1659 4433 ad
1715 4379 2086 4462 Westphalum
2142 4378 2293 4431 misit
2337 4385 2393 4431 et
2446 4377 2503 4429 in

789 4447 1084 4501 ibhotheca
1119 4447 1190 4501 ad
1225 4448 1279 4503 S.
1314 4447 1637 4503 catharinae
1675 4449 1975 4518 Hamburgi
2008 4450 2297 4508 servatur.)

550 4615 943 4683 Reverendo
986 4618 1129 4683 viro
1187 4618 1557 4684 eruditione
1614 4619 1858 4702 pietate
1912 4627 1982 4684 et
2023 4618 2272 4684 virtute
2314 4638 2504 4701 prae-

551 4705 959 4770 stantissimo
983 4703 1067 4768 D.
1092 4704 1511 4770 Hartmanno
1532 4705 1632 4769 Be
1680 4726 1753 4769 er
1787 4704 2048 4770 docenti
2085 4703 2503 4789 evangelium

552 4788 804 4857 Ohristi
846 4789 917 4853 in
951 4789 1223 4856 ecclesia
1255 4791 1618 4857 Francofor
1669 4791 1830 4856 'ensi
1873 4791 2063 4855 fratri
2099 4798 2166 4855 et
2206 4811 2506 4874 consym-

846 4885 1103 4959 mystae
1146 4897 1264 4941 suo
1305 4876 1376 4941 in
1420 4875 1700 4941 Domino
1744 4875 2218 4942 colendissimO.

723 5046 794 5114 S.
859 5046 1247 5113 Reverendo
1280 5047 1388 5113 vir
1431 5058 1499 5114 et
1539 5049 1743 5114 frater
1777 5048 2132 5126 carissime,
2177 5047 2312 5130 legi
2356 5059 2504 5112 tuas

551 5129 779 5200 literas
822 5143 888 5199 et
930 5132 1013 5197 ad
1069 5141 1596 5218 consymmystas
1653 5155 1834 5200 meos
1890 5153 2156 5199 causam
2209 5141 2501 5199 vestram

553 5219 768 5298 retuli,
812 5220 925 5303 qui
961 5241 1219 5286 mecum
1253 5241 1459 5303 quum
1494 5233 1785 5286 vestram
1829 5229 1972 5286 tum
2008 5219 2319 5286 ecclesiae
2354 5240 2500 5286 ves-

552 5309 695 5370 trae
736 5305 1174 5372 conditionem
1231 5306 1592 5389 plurimum
1644 5306 1883 5373 dolent.
1966 5306 2279 5372 Metuunt
2322 5306 2501 5370 enim

1931 388 2461 459 nms'ronffl
2505 392 2672 456 2293
2696 350 3054 455 bis-2294
3076 388 3178 454 bis

4414 396 4524 457 768

2603 579 2778 645 hanc
2822 579 3025 644 semel
3068 586 3369 645 exortam
3409 579 3584 642 inter
3629 598 3745 643 vos
3784 588 3853 643 et
3887 578 4263 661 peregrinos
4298 588 4528 647 vestros

2603 664 2896 749 hospites
2961 664 3432 730 dissensionem
3495 664 3564 728 in
3634 663 3934 730 doctrina
3989 673 4056 729 et
4111 666 4529 743 caeremoniis,

2603 772 2755 817 cum
2799 753 3089 816 maximo
3133 750 3442 817 ecclesiae
3489 757 3747 815 vestrae
3791 748 4202 829 detrimentO,
4246 750 4324 815 ad
4366 752 4530 834 piam

2602 835 3015 903 concordiam
3074 836 3191 901 vix
3256 836 3480 903 reduci
3544 856 3752 918 posse.
3837 836 3927 900 Et
3987 845 4126 900 tam
4191 835 4529 917 optandum

2602 932 2772 987 esset
2827 932 3123 988 vestrum
3181 932 3481 987 senatum
3539 930 3654 987 aut
3707 921 3896 986 initio
3951 920 4331 1003 prudentius
4383 921 4530 988 deli-

2600 1009 2862 1074 berasse
2883 1009 3118 1090 quibus
3141 1008 3621 1074 conditionibus
3658 1008 3823 1072 tales
3859 1007 4142 1091 hospitio
4172 1008 4530 1089 susciperet,

2601 1102 2715 1158 aut
2759 1115 3099 1177 nunquam
3153 1103 3524 1159 nostrorum
3568 1093 3946 1176 exemplum
4004 1094 4289 1158 imitatos
4328 1094 4530 1173 fuisse,

2600 1200 2979 1263 quanquam
3024 1201 3235 1264 neque
3278 1181 3522 1245 nostris
3566 1178 3727 1245 adeo
3771 1179 4066 1257 feliciter,
4111 1188 4190 1243 ut
4230 1180 4531 1263 principio

2601 1268 3006 1350 sperabatur,
3075 1266 3481 1332 successerit.
3570 1265 3744 1330 Nam
3803 1266 3977 1329 sicut
4037 1264 4299 1330 illorum
4353 1265 4534 1332 multi

2599 1373 2722 1417 nec
2767 1352 3108 1436 religionis
3152 1373 3353 1419 causa
3410 1351 3717 1417 exsulant
3760 1361 3828 1415 et
3884 1352 4077 1434 plane
4132 1352 4424 1416 fanaticis
4468 1371 4536 1418 ac

2599 1441 2992 1520 portentosis
3036 1437 3453 1521 opinionibus
3505 1437 3963 1520 pugnantibus
4002 1458 4155 1502 cum
4198 1458 4355 1501 sana
4397 1437 4536 1504 doc-

2601 1525 2778 1588 trina
2820 1524 3057 1589 imbuti
3102 1535 3273 1603 sunt,
3318 1525 3413 1589 ita
3447 1524 3647 1588 etiam
3686 1523 4119 1606 incomposita
4156 1524 4307 1603 vita,
4352 1524 4538 1588 mori-

2601 1610 2721 1674 bus
2776 1610 3140 1695 peregrinis
3198 1620 3267 1676 et
3311 1610 3562 1676 artibus
3620 1608 3855 1692 quibus
3900 1608 4149 1676 victum
4208 1619 4536 1692 quaerunt,

2597 1696 2898 1780 publicae
2954 1696 3420 1779 tranquillitati
3466 1705 3533 1759 et
3589 1694 3922 1760 honestati
3966 1717 4097 1761 non
4158 1717 4389 1779 parum
4431 1694 4537 1760 ob-

2598 1792 2769 1848 sunt.

2768 1868 3093 1950 Coeperat
3147 1875 3299 1934 ante
3357 1868 3693 1933 biennium
3751 1879 3974 1951 pastor
4030 1867 4389 1951 gallicanae
4429 1888 4541 1930 na-

2601 1955 2794 2043 tionis
2827 1959 2877 2030 ¹)
2925 1954 3100 2036 apud
3153 1976 3275 2020 nos
3329 1955 3622 2037 apertius
3667 1975 3863 2036 quam
3910 1963 4104 2018 antea
4165 1975 4348 2018 suam
4401 1973 4539 2017 sen-

2599 2042 2872 2105 tentiam
2916 2039 2996 2104 de
3041 2042 3303 2124 negotio
3348 2038 3780 2105 eucharistiae
3824 2038 4081 2123 publice
4120 2039 4203 2104 de
4240 2059 4361 2121 sug
4405 2050 4542 2103 estu

2598 2145 2993 2209 proponere,
3054 2148 3137 2191 ex
3182 2148 3312 2209 qua
3354 2124 3546 2192 facile
3601 2125 4093 2209 intelligebatur
4139 2146 4290 2189 eum
4386 2126 4541 2189 win-

2596 2211 2856 2296 glianae
2901 2210 3204 2278 factionis
3250 2233 3408 2277 esse.
3487 2211 3745 2277 Verum
3791 2232 3908 2277 nos
3952 2212 4091 2276 eius
4148 2212 4222 2275 in
4266 2220 4544 2292 tempore

2596 2297 2917 2363 admoniti
2982 2304 3278 2364 coactum
3343 2299 3561 2381 ipsum
3639 2299 3711 2362 in
3780 2307 4183 2364 conventum
4250 2305 4542 2361 nostrum

2598 2385 2890 2469 graviter
2926 2384 3121 2450 officii
3155 2385 3256 2450 sui
3290 2383 3920 2463 commonefecimus,
3956 2391 4024 2448 et
4057 2392 4135 2448 ut
4169 2401 4546 2450 consensum

2602 2469 2942 2535 nobiscum
2983 2470 3053 2534 in
3099 2468 3398 2535 doctrina
3442 2478 3506 2535 et
3554 2469 3826 2552 reliquis
3871 2469 4188 2537 ecclesiae
4235 2486 4551 2536 caeremo-

2592 2557 2732 2622 'niis
2800 2564 3098 2622 servaret
3162 2552 3404 2622 hortati
3482 2576 3727 2620 sumus.
3840 2554 4015 2636 Quia
4089 2576 4253 2621 vero
4331 2573 4553 2638 parum

2601 2649 2837 2706 nostra
2880 2640 3323 2707 admonitione
3366 2640 3540 2724 apud
3579 2642 3797 2725 ipsum
3835 2642 4187 2724 profecisse
4228 2661 4349 2706 nos
4384 2637 4555 2706 vide-

2605 2728 2863 2806 bamur,
2901 2748 3099 2793 causa
3133 2727 3392 2792 senatui
3427 2736 3648 2791 nostro
3684 2727 4018 2811 proposita
4052 2735 4176 2806 est,
4215 2728 4326 2810 qui
4354 2727 4553 2810 prime

2609 2812 2876 2897 quidem
2916 2813 3363 2879 visitationem
3406 2812 3827 2879 ecclesiarum
3868 2812 4047 2877 intra
4086 2813 4426 2878 civitatem
4467 2810 4557 2874 in-

2613 2899 2851 2980 stituit,
2894 2909 2963 2964 et
3005 2920 3121 2981 per
3175 2897 3827 2983 superintendentem
3880 2899 4139 2965 civibus
4184 2896 4557 2963 denunciari

2610 3006 2730 3050 sua
2773 2986 3126 3051 autoritate
3169 2982 3529 3064 mandavit,
3574 2983 4037 3067 magistratum
4080 2983 4337 3049 scilicet
4376 2981 4556 3059 velle,

2609 3079 2687 3137 ut
2730 3071 2797 3137 in
2842 3071 3145 3137 omnibus
3188 3070 3477 3138 ecclesiis
3536 3069 4022 3136 consentienter
4066 3067 4323 3137 Christi
4366 3087 4556 3135 evan·

2611 3156 2858 3242 gelium
2935 3158 3122 3223 iuxta
3199 3159 3628 3240 Augustanae
3705 3156 4132 3223 confessionis
4212 3154 4558 3222 formulam

2610 3242 3051 3326 praedicetur,
3111 3253 3178 3307 et
3234 3251 3311 3307 ut
3365 3244 3433 3308 in
3494 3242 3920 3308 caeremoniis
3975 3242 4437 3309 ecclesiasticis
4479 3239 4559 3306 sit

2608 3329 3047 3395 conformitas.
3137 3327 3396 3394 Deinde
3440 3328 3815 3395 convocatis
3873 3328 4256 3411 pastoribus
4302 3337 4371 3393 et
4411 3324 4558 3392 reli-

2607 3417 2756 3498 quis
2790 3414 3099 3481 ecclesiae
3133 3415 3456 3480 ministris
3490 3413 3721 3480 eadem
3755 3415 4087 3479 sententia
4129 3415 4416 3498 repetita
4447 3420 4557 3490 est,

2608 3499 2833 3565 addita
2875 3501 3396 3580 comminatione,
3454 3502 3510 3566 si
3565 3502 3674 3582 qui
3733 3499 3999 3584 propria
4055 3500 4412 3565 autoritate
4462 3497 4561 3562 in-

2607 3607 2852 3652 novare
2912 3585 3154 3671 aliquid
3219 3587 3292 3651 in
3358 3585 3647 3653 ecclesiis
3711 3586 4127 3652 tentaverint
4186 3585 4362 3671 quod
4420 3603 4561 3650 cum

2606 3675 3005 3758 Augustana
3050 3673 3451 3740 confessione
3492 3687 3747 3756 pugnet
3791 3671 3861 3736 in
3906 3693 4018 3738 eos
4063 3682 4372 3738 senatum
4420 3689 4562 3756 gra·

2606 3760 2779 3824 viter
2822 3759 3443 3825 animadversurum
3487 3779 3648 3823 esse.

2777 3845 2867 3910 D.
2907 3844 3255 3912 Zanohium
3293 3865 3448 3909 vero
3485 3852 3551 3908 et
3585 3844 3667 3909 D.
3708 3842 4079 3927 Martyrum,
4129 3864 4414 3929 quorum
4456 3840 4564 3906 ille

2606 3953 2819 4015 nuper
2872 3933 3163 4014 primum
3219 3952 3301 3995 ex
3362 3929 3587 4008 Italia,
3659 3929 3766 3995 hic
3818 3951 3974 3995 vero
4028 3952 4117 3995 ex
4174 3929 4427 4014 Anglia
4486 3922 4567 3991 ad

2606 4039 2725 4083 666
2771 4028 3060 4094 venerat,
3115 4038 3195 4082 ea
3237 4016 3608 4080 conditione
3660 4015 3733 4081 in
3776 4015 4075 4081 ordinem
4120 4015 4566 4101 professorum

2606 4102 2867 4169 scholae
2912 4111 3172 4168 nostrae
3218 4101 3500 4180 admisit,
3557 4111 3633 4167 ut
3685 4122 3818 4166 non
3872 4111 4136 4167 tantum
4183 4101 4407 4170 verbis
4452 4095 4562 4166 sed

2605 4212 2722 4254 suo
2764 4210 3019 4273 quoque
3072 4187 3506 4272 chirographo
3557 4194 3956 4253 testarentur
4010 4197 4082 4254 et
4138 4186 4563 4271 compromit-

2608 4283 2842 4351 terent,
2863 4273 2919 4359 ρ)
2979 4295 3050 4340 66
3096 4277 3559 4358 Augustanam
3617 4273 4098 4340 confessionem
4153 4275 4450 4358 recipere
4501 4279 4565 4336 et

2605 4359 2963 4426 secundum
3021 4381 3167 4426 eam
3220 4359 3702 4427 consentienter
3758 4359 4113 4443 tranquille
4173 4370 4245 4426 et
4302 4360 4565 4445 pacifice

2604 4447 2675 4511 in
2741 4446 2964 4513 schola
3028 4446 3365 4512 nobiscum
3432 4466 3651 4511 sacras
3716 4444 3944 4511 literas
4009 4445 4328 4512 docturos
4405 4463 4563 4511 esse.

2604 4531 2837 4615 Itaque
2880 4533 3147 4598 Domini
3192 4531 3507 4597 beneficio
3562 4531 3685 4597 hac
3743 4533 3995 4597 actione
4054 4539 4329 4597 tantum
4374 4530 4566 4596 effec-

2605 4627 2748 4682 tum
2803 4629 2907 4684 est
2958 4627 3034 4684 ut
3091 4629 3354 4684 nostrae
3414 4616 3720 4682 ecclesiae
3771 4617 3905 4683 sint
3961 4629 4241 4700 pacatae
4285 4627 4357 4682 et
4399 4616 4569 4681 inter

2605 4704 2913 4770 ecclesiae
2978 4704 3318 4770 ministros
3384 4723 3459 4768 ac
3524 4701 3784 4768 scholae
3849 4703 4259 4787 professores
4326 4703 4571 4787 optime

2605 4791 2977 4856 conveniat.

2774 4875 2968 4942 Hanc
3002 4875 3327 4941 rationem
3371 4875 3426 4938 si
3461 4872 3931 4958 gubernatores
3965 4883 4235 4942 vestrae
4284 4873 4572 4941 civitatis

2604 4970 3037 5045 sequerentur
3101 4981 3250 5045 spes
3315 4969 3489 5026 esset
3552 4959 3742 5027 facile
3807 4973 4115 5026 exortum
4186 4959 4573 5027 incendium

2604 5183 2798 5239 2294.
2824 5184 2876 5251 1)
2918 5182 3241 5238 Gamerius.

2812 5252 2869 5316 2)
2912 5253 3186 5322 Martyris
3219 5252 3407 5306 literae
3429 5252 3554 5307 hnic
3577 5257 3766 5307 nostro
3790 5252 4045 5306 Mauro
4074 5254 4306 5322 passim
4338 5255 4578 5309 incertae

2601 5338 2715 5377 rem
2742 5323 2918 5390 paulo
2952 5323 3113 5377 aliter
3147 5328 3441 5390 exponunt.
3518 5320 3603 5390 Cf.
3648 5320 3921 5377 Roda-ich
3954 5320 4048 5376 111.
4092 5321 4199 5377 105
4236 5337 4358 5393 sqq.
