4850 6200
462 421 598 486 615

474 603 764 674 feremus
777 606 809 670 ⁴?
901 605 1038 673 Our
1081 626 1345 674 causam
1391 616 1571 675 tuam
1617 614 1906 673 nostram
1951 627 2094 672 esse
2135 627 2270 671 non
2314 626 2431 669 ex-

478 691 939 770 istimabimus,
983 694 1097 777 qui
1139 703 1433 760 nostram
1473 714 1732 777 semper
1773 715 1907 759 non
1950 713 2136 759 secus
2178 700 2429 757 tutatus

479 800 571 859 es,
633 800 835 862 quum
880 777 1163 845 Satanas
1200 799 1321 863 per
1372 779 1550 844 latus
1593 787 1896 846 nostrum
1939 778 2275 844 ecclesiam
2321 798 2428 844 co·

481 875 682 931 natus
735 877 840 931 est
891 864 1318 943 transfodere,
1379 873 1576 949 atque
1633 866 1689 930 si
1746 874 1935 930 tuum
1993 864 2199 948 ipsius
2255 863 2429 928 latus

529 950 867 1017 etivisset‘?
957 951 1060 1016 Ea
1123 961 1222 1017 est
1286 952 1461 1018 enim
1527 959 1754 1017 nostra
1814 950 1887 1015 in
1947 949 2212 1017 Christo
2274 969 2427 1015 con-

479 1037 731 1103 iunctio
774 1046 850 1101 ut
905 1036 1133 1119 impeti
1190 1037 1333 1103 sine
1382 1058 1625 1122 magno
1668 1035 1909 1102 doloris
1959 1036 2171 1100 nostri
2227 1056 2427 1100 sensu

480 1142 617 1189 non
670 1123 898 1206 possis.
986 1122 1334 1205 Impeteris
1391 1124 1569 1188 enim
1624 1143 1761 1188 non
1816 1132 1895 1188 ut
1954 1120 2257 1189 Calvinus
2312 1119 2424 1186 sed

481 1216 558 1274 ut
591 1207 841 1274 Christi
873 1208 1178 1274 minister
1213 1220 1279 1274 et
1313 1206 1598 1274 Satanae
1634 1218 1699 1274 et
1742 1208 2092 1293 impiorum
2127 1207 2425 1272 omnium

479 1294 704 1361 hostis.
775 1293 1001 1376 Quare
1043 1295 1100 1359 si
1144 1293 1319 1360 idem
1362 1304 1577 1361 tecum
1622 1295 1896 1379 agimus,
1941 1294 1999 1360 si
2039 1294 2160 1360 sub
2196 1291 2425 1359 eodem

480 1379 646 1446 duce
690 1390 756 1446 et
810 1379 1053 1446 vexillo
1095 1380 1485 1459 militamus,
1544 1379 1779 1465 perfidi
1834 1390 2007 1446 certe
2064 1381 2308 1445 erimus
2350 1398 2426 1444 ac

482 1466 670 1532 velut
705 1467 1080 1550 transfugae
1116 1466 1171 1530 si
1213 1467 1451 1532 fratres
1486 1465 1636 1532 belli
1672 1467 1760 1531 im
1848 1474 1992 1532 tum
2026 1466 2425 1531 sustinentes

479 1552 727 1618 auxilio
764 1550 1197 1630 destituimus,
1244 1551 1627 1636 quibuscum
1663 1572 1738 1617 eo
1785 1574 1890 1617 em
1935 1573 2159 1617 sumus
2202 1571 2425 1617 sacrae

481 1636 735 1705 Christi
778 1637 1051 1703 militiae
1094 1648 1501 1704 sacramento
1545 1638 1854 1704 obstricti.
1922 1637 2182 1703 Furant
2220 1638 2426 1721 igitur

476 1722 698 1790 hostes
741 1731 1058 1808 quantum
1103 1724 1358 1802 volent,
1423 1725 1802 1808 conspirent
1842 1745 2068 1789 omnes
2111 1722 2425 1789 adversus

479 1809 845 1888 Ohristum,
887 1809 1034 1891 plus
1073 1817 1294 1875 tamen
1340 1810 1511 1893 apud
1556 1831 1675 1875 nos
1718 1809 1963 1875 valebit
2004 1817 2306 1875 sanctum
2347 1809 2420 1873 in

483 1892 752 1961 Christo
795 1895 1023 1961 foedus
1066 1896 1275 1978 ipsius
1320 1897 1640 1981 sanguine
1683 1896 2027 1974 sancitum,
2085 1893 2255 1977 quod
2300 1915 2420 1960 nos

470 1980 674 2046 semel
738 1979 1073 2046 inivimus.
1162 1981 1265 2046 'Pu
1328 1982 1581 2047 interea
1637 1990 1776 2048 esto
1842 1982 2010 2047 bono
2076 1981 2294 2046 animo
2352 1988 2421 2045 et

470 2086 617 2131 cum
673 2067 883 2132 Paulo
940 2086 1133 2150 saepe
1191 2066 1363 2150 apud
1421 2077 1486 2133 te
1541 2079 1774 2151 reputa
1828 2089 1947 2134 cur
2003 2067 2227 2132 emissi
2285 2067 2419 2132 sint

470 2151 689 2236 angeli
726 2152 833 2217 isti
859 2149 1165 2230 Satanae,
1202 2154 1314 2235 qui
1348 2161 1486 2218 tam
1522 2152 1987 2219 contumeliose
2022 2163 2088 2218 te
2121 2152 2416 2236 colaphis

469 2236 766 2303 caedant.
838 2236 1017 2304 Sunt
1052 2239 1386 2321 praeclara
1420 2239 1583 2306 haec
1626 2260 1850 2305 eorum
1896 2239 2227 2323 stigmata,
2271 2239 2415 2321 qui-

468 2322 592 2388 bus
635 2343 820 2388 suam
857 2325 1074 2407 potius
1118 2325 1347 2391 faciem
1385 2346 1581 2408 quam
1627 2334 1811 2390 tuam
1848 2325 2309 2391 deformabunt
2351 2334 2419 2389 et

471 2407 932 2491 deturpabant.
992 2409 1295 2475 Laxatae
1330 2422 1489 2475 sunt
1520 2410 1655 2477 illis
1690 2411 1982 2476 habenae
2017 2420 2094 2475 ut
2127 2412 2199 2474 in
2222 2431 2412 2476 suum

470 2495 746 2560 exitium
802 2504 1008 2561 ruant
1063 2498 1454 2580 praecipites
1509 2495 1802 2581 illudque
1859 2495 1985 2561 sibi
2029 2495 2411 2563 accelerent.

468 2579 754 2647 Praebet
819 2580 1009 2648 nobis
1076 2593 1264 2666 pater
1328 2583 1873 2649 elementissimus
1928 2582 2279 2649 materiam
2340 2582 2415 2645 in

467 2686 597 2748 qua
640 2687 1083 2746 exerceamur,
1127 2679 1196 2733 et
1228 2689 1437 2733 novas
1480 2669 1551 2733 in
1587 2668 1853 2734 Christo
1896 2689 2236 2752 speremus
2280 2667 2417 2732 vic-

468 2753 687 2817 torias.
757 2750 905 2819 Scis
935 2753 1249 2837 quamdiu
1293 2753 1613 2820 luctatum
1638 2760 1673 2793 ¹*
1715 2756 1804 2820 sit
1844 2766 2198 2837 antequam
2241 2754 2421 2820 eluc-

467 2838 593 2903 tari
648 2839 1054 2921 potuerimus
1109 2862 1146 2904 e
1203 2839 1383 2906 lucta
1440 2840 1966 2906 sacramentaria.
2055 2839 2205 2907 Scis
2259 2861 2419 2923 quos

466 2922 896 2991 habuerimus
951 2924 1360 2991 adversarios
1403 2935 1471 2991 et
1526 2947 1691 3009 quos
1749 2926 1850 2991 illi
1903 2926 2260 2991 habuerint
2301 2947 2416 3010 pa-

466 3018 708 3075 tronos.
779 3008 928 3076 Scis
963 3011 1172 3094 qualis
1209 3010 1474 3076 tandem
1519 3013 1719 3077 fuerit
1762 3012 1996 3077 exitus.
2064 3012 2156 3077 Et
2198 3012 2417 3076 forsan

465 3095 794 3163 Dominus
860 3119 1037 3164 nunc
1105 3096 1342 3163 statuit
1406 3098 1719 3181 perficere
1797 3096 1971 3182 quod
2051 3106 2209 3165 tunc
2283 3098 2417 3163 iam

469 3189 776 3266 coeptum
820 3191 937 3248 est.
1017 3182 1193 3249 Utut
1235 3204 1342 3248 res
1384 3183 1692 3249 habitura
1733 3183 1839 3264 sit,
1884 3191 2162 3250 eventus
2206 3192 2307 3250 est
2348 3185 2414 3248 in

467 3287 671 3333 manu
717 3267 1005 3333 Domini.
1093 3268 1227 3335 Ubi
1282 3267 1481 3335 fidem
1525 3269 1907 3353 animasque
1948 3277 2208 3337 nostras
2263 3269 2422 3336 libe-

468 3352 859 3429 raverimus,
909 3375 1043 3419 non
1086 3354 1441 3421 luserimus
1482 3376 1748 3440 operam
1793 3376 1915 3422 nec
1971 3355 2146 3421 irriti
2189 3355 2423 3423 cedent

469 3446 758 3505 conatus.
848 3437 1069 3506 Simul
1126 3448 1322 3524 atque
1388 3440 1634 3525 aliquid
1688 3442 1913 3508 Berna
1976 3443 2420 3526 acceperimus

470 3532 535 3590 te
576 3524 892 3592 faciemus
935 3527 1300 3592 certiorem.
1388 3525 1601 3611 Spero
1644 3537 1864 3594 autem
1906 3526 2096 3594 brevi
2138 3548 2261 3594 nos
2303 3528 2420 3593 ali·

468 3609 627 3693 quid
695 3619 1095 3696 accepturos.
1198 3611 1515 3679 Salutant
1579 3621 1644 3680 te
1709 3613 2024 3700 collegae,
2082 3613 2294 3692 Besa,
2354 3622 2423 3679 et

469 3698 711 3762 caeteri
755 3717 1004 3776 omnes,
1052 3719 1127 3765 ac
1166 3698 1238 3763 in
1274 3698 1380 3764 his
1415 3721 1585 3766 uxor
1621 3706 1690 3765 et
1724 3707 1865 3767 tota
1898 3699 2164 3766 familia.
2232 3699 2419 3766 Vale.

468 3781 868 3849 Lausannae
924 3788 1014 3849 12.
1061 3785 1227 3850 Maii
1278 3789 1458 3849 1555.

1450 3923 1632 3988 Tuus
1676 3923 1919 3990 Petrus
1960 3923 2251 3989 Viretus.
2308 3943 2313 3950 ·

1234 4216 1638 4225 -——-————--

1342 4468 1538 4539 22⁰4.
1628 4476 1642 4492 ’

844 4622 1565 4691 MELANOHTHON
1612 4621 2042 4691 CALVINO.

642 4794 923 4861 Nunoiat
979 4800 1189 4862 contra
1245 4815 1312 4861 se
1352 4815 1396 4859 a
1446 4794 1685 4861 duobus
1740 4795 2131 4862 advorsariis
2178 4798 2422 4880 ,orande

466 4881 717 4963 aliquid
762 4882 1024 4962 parari.
1119 4882 1357 4963 Quibus
1411 4901 1478 4946 se
1533 4901 1984 4962 responsurum
2041 4881 2137 4947 ait
2175 4883 2273 4949 vel
2312 4904 2418 4948 ex-

463 4965 706 5046 silium,
749 4967 812 5032 si
852 4987 1092 5033 necesse
1131 4968 1342 5048 fuerit,
1387 4988 1509 5032 non
1550 4987 1864 5033 recusans.

468 5137 647 5201 (Anto
716 5137 896 5207 ephon
949 5137 1275 5192 contulimus
1322 5138 1686 5192 Vratislaviae
1738 5138 1795 5191 in
1838 5137 1966 5193 bibl.
2016 5136 2419 5210 Rhodigorims

464 5205 605 5329 32¹1».
691 5223 795 5261 om.
832 5207 896 5260 V.
950 5207 1039 5261 sol.
1083 5204 1132 5261 9.
1212 5206 1403 5261 Edidit
1444 5207 1592 5260 Besa
1639 5205 1842 5262 Genev.
1886 5223 1939 5277 p.
1989 5205 2107 5275 162,
2155 5208 2314 5265 Iasus.
2359 5226 2416 5280 p.

574 5315 589 5344 ,
620 5274 836 5330 Hanov.
871 5291 924 5345 p.
960 5273 1083 5345 382,
1119 5274 1782 5400 Choucffi·241=88§·Amst.
1817 5291 1870 5344 p.
1908 5274 2025 5330 lm.
2098 5274 2258 5347 Oorp.
2296 5277 2415 5333 Bes.

1976 416 2501 486 EPISTOLAE
2545 418 2968 483 2203—2207

4352 419 4476 483 616

2531 603 2930 671 Reverendo
2973 605 3115 671 viro
3159 603 3528 670 eruditione
3570 613 3637 671 et
3694 604 3937 670 virtute
3978 607 4341 690 praestanti
4386 604 4471 671 D.

2723 689 2964 757 Ioanni
3007 691 3289 757 Oalvino
3327 691 3520 756 fratri
3563 712 3680 757 suo
3723 691 4058 758 carissimo
4102 714 4153 758 s.
4198 692 4280 758 D.

2701 861 3092 928 Reverendo
3134 863 3240 929 vir
3282 872 3348 927 et
3390 862 3722 929 carissime
3763 863 3984 930 frater.
4051 862 4205 931 Scio
4249 871 4315 929 te
4355 883 4477 947 pro

2533 955 2648 1013 tua
2689 949 3040 1015 excellenti
3096 947 3455 1032 prudentia
3497 970 3582 1013 ex
3634 949 3897 1032 scriptis
3953 947 4479 1016 adversariorum

2532 1042 2796 1100 tuorum
2839 1034 3129 1100 iudicare
3172 1034 3399 1118 quales
3439 1034 3575 1100 sint
3616 1057 3842 1101 eorum
3876 1042 4155 1101 naturae
4197 1043 4265 1101 et
4302 1034 4479 1120 quod

2531 1122 2912 1186 intueantur
2975 1120 3330 1186 theatrum.
3417 1119 3577 1186 Ideo
3638 1121 3808 1187 nihil
3873 1121 3955 1188 de
4019 1123 4114 1188 eis
4175 1122 4475 1188 scribam.

2532 1208 2819 1272 Tantum
2863 1227 2977 1273 oro
3021 1206 3231 1273 filium
3277 1204 3426 1284 Dei,
3471 1215 3550 1272 ut
3590 1208 3732 1291 ipse
3775 1228 3933 1273 suae
3978 1207 4230 1274 lacerae
4272 1208 4478 1275 eccle-

2532 1293 2668 1359 siae
2702 1291 3061 1371 medeatur,
3106 1292 3291 1358 velut
3312 1290 3770 1360 Samaritanus
3811 1293 3924 1359 ille
3963 1294 4182 1359 saucio
4217 1293 4476 1360 viatori.

2533 1378 2752 1445 Audio
2817 1401 2993 1445 nunc
3058 1377 3159 1442 τὸν
3216 1376 3587 1463 &naptham
3649 1384 3752 1443 καὶ
3813 1378 3915 1443 τὸν
3978 1378 4355 1465 &huminum
4416 1381 4477 1444 ἓν

2530 1462 2696 1550 ὄχθῃ
2757 1467 2958 1549 rotem
2998 1464 3270 1545 ποτάμιον
3325 1485 3637 1550 magnum
3694 1465 4002 1532 volumen
4056 1464 4480 1544 στηλιτενταὸν

2530 1560 2760 1616 contra
2792 1572 2897 1617 me
2933 1550 3203 1617 cudere:
3239 1553 3293 1634 ¹)
3328 1550 3500 1633 quod
3534 1553 3591 1618 si
3626 1551 3876 1632 edetur,
3911 1551 4172 1619 decrevi
4206 1574 4476 1636 respon-

2527 1636 2681 1702 dere
2720 1637 3107 1721 simpliciter
3148 1646 3215 1702 et
3254 1637 3397 1703 sine
3431 1638 3875 1722 ambiguitate.
3943 1638 4248 1722 Eumque
4288 1637 4472 1705 labo-

2526 1744 2669 1788 rem
2704 1721 2940 1789 debere
2974 1743 3079 1787 me
3115 1720 3262 1788 Deo
3306 1730 3373 1789 et
3415 1723 3724 1790 ecclesiae
3767 1722 4002 1790 iudico.
4069 1723 4209 1791 Nec
4243 1725 4312 1790 in
4347 1725 4471 1791 hac

2525 1818 2791 1876 senecta
2832 1810 3223 1893 pertimesco
3259 1809 3493 1874 exsilia
3536 1819 3605 1875 et
3647 1809 3774 1875 alia
3814 1810 4119 1893 pericula.
4189 1811 4372 1877 Bene
4406 1818 4473 1877 et

2522 1893 2802 1962 feliciter
2847 1895 3008 1962 vale.
3082 1894 3211 1961 Die
3263 1900 3358 1960 12.
3406 1895 3585 1961 Maii.

3926 2034 4295 2119 Philippus.

3280 2325 3688 2337 *—

3402 2596 3604 2667 2205.

3049 2751 3292 2817 BEZA
3339 2751 3938 2818 GUALTHERO.

2519 3009 2547 3071 ἓ
2691 2920 2825 3070 Ded
2855 2921 2963 2987 lite
3030 2919 3284 2987 Calvina·
3346 2928 3558 2990 contra
3623 2923 3979 2991 Beruenses
4052 2925 4471 2993 &amatores

2547 3033 2579 3069 ν
2620 3027 2783 3091 'caeo
2825 3028 2897 3095 φ.

2520 3177 2882 3261 (Excerptum
2942 3196 3009 3234 ex
3071 3180 3407 3263 autographo
3472 3181 3612 3237 Bibl.
3658 3183 3807 3236 civic.
3855 3182 4031 3237 'ruric-
4078 3183 4231 3238 MSS.
4278 3184 4340 3238 F.
4380 3182 4467 3249 37,

2640 3251 2768 3303 olim
2806 3248 2976 3304 Arch.
3007 3248 3320 3320 Hottmgeri
3355 3251 3426 3305 Π.
3461 3250 3551 3305 fol.
3591 3249 3712 3305 178.
3749 3279 3815 3289 -
3851 3252 4047 3308 Simler
4081 3253 4202 3308 Vol.
4235 3251 4348 3318 82)

2694 3420 2961 3486 Eximio
2999 3441 3192 3487 servo
3227 3420 3356 3487 Dei
3390 3422 3475 3488 D.
3499 3422 3850 3507 Rodolpho
3886 3424 4256 3491 Gualthero
4290 3423 4468 3490 fideli

2523 3506 2710 3573 verbi
2752 3506 2882 3574 Dei
2923 3507 3228 3573 ministro
3272 3509 3480 3574 amico
3524 3517 3591 3574 et
3631 3511 3818 3574 fratri
3864 3509 4287 3611 observando.

4046 3597 4294 3681 magun.

2525 3831 2722 3914 Quod
2765 3831 2850 3898 ad
2893 3853 3001 3899 res
3044 3842 3304 3900 nostras
3349 3834 3606 3914 attinet,
3648 3836 3903 3901 utinam
3946 3836 4101 3900 laeti
4135 3837 4472 3920 quidpiam

2525 3918 2644 3984 tibi
2700 3939 2958 4003 possem
3019 3920 3351 3987 nunciare.
3439 3921 3795 4004 Appetitur
3845 3922 3989 4004 ipsa
4031 3923 4311 4001 veritas,
4375 3922 4470 3987 mi

2524 4005 2744 4083 frater,
2801 4026 2920 4088 per
2961 4006 3159 4073 unius
3216 4006 3502 4072 hominis
3557 4007 3759 4086 latus,
3819 4006 3990 4090 quod
4032 4007 4167 4073 iam
4218 4007 4468 4074 dudum

2524 4090 2835 4174 suspicati
2877 4111 3106 4157 sumus
3147 4092 3306 4172 fore,
3346 4112 3524 4159 nunc
3565 4113 3723 4160 vero
3767 4114 3839 4158 re
3880 4094 4026 4178 ipsa
4068 4095 4469 4178 experimur.

2523 4175 2757 4260 Itaque
2800 4176 2968 4242 nihil
3010 4198 3277 4261 possum
3321 4200 3500 4244 nunc
3554 4178 3815 4263 quidem
3861 4188 4242 4263 exspectare
4285 4201 4471 4264 prae-

2526 4272 2630 4327 ter
2684 4263 2990 4348 ingentes
3043 4263 3290 4343 turbas,
3357 4283 3523 4349 quae
3568 4266 3822 4330 utinam
3881 4266 3950 4331 in
4005 4267 4165 4332 satis
4229 4266 4471 4332 laetam

2523 4348 2984 4431 catastrophen
3028 4348 3352 4417 desinant.
3443 4348 3577 4416 Sed
3622 4349 3703 4416 de
3756 4351 3865 4417 his
3923 4352 4107 4417 brevi
4149 4359 4224 4418 ut
4279 4372 4471 4436 spero

2523 4435 2862 4518 copiosius.
2950 4434 3230 4501 Interim
3274 4436 3540 4502 obsecro
3583 4435 3900 4502 bonorum
3944 4458 4208 4503 causam
4253 4439 4472 4505 nobis-

2519 4723 2718 4782 2204.
2740 4728 2798 4792 1)
2838 4725 3071 4783 Graecis
3104 4725 3230 4782 icus
3261 4725 3573 4781 nominibus
3607 4727 3861 4797 decimat
3891 4726 3979 4784 Io.
4018 4726 4206 4796 &olm
4256 4731 4470 4786 concio·

2520 4796 3047 4850 menantium
3118 4794 4471 4866 VinarimmetNiooLGalhm‚n-dnoem

2523 4863 2974 4919 Batisbonmm
3027 4864 3132 4930 (ad
3189 4868 3374 4933 ripam
3407 4863 3691 4930 Danubio
3704 4906 3719 4926 ,
3776 4872 3959 4921 uma
4119 4865 4470 4922 mm

2518 4931 2652 5015 19⁸⁶,
2688 4933 2818 4988 Mel.
2854 4934 3145 5003 Lanqueto
3178 4933 3372 4989 aer-tit
3398 4933 3550 5015 gant.
3584 4932 3696 4988 Iul.
3730 4932 3891 4989 1556.-
3925 4883 4063 4989 (guig
4095 4936 4343 5003 indoctis,
4381 4955 4468 4990 ra·

2516 5003 2699 5068 biens,
2735 5003 3041 5057 furentibus
3074 5001 3221 5073 odio,
3253 5003 3442 5056 aulicis
3474 5003 3838 5073 gnathonibus
3882 5010 3980 5058 aut
4028 5005 4329 5059 tribunitiis
4371 5006 4468 5060 ho·

2515 5071 2766 5138 minibus,
2804 5072 2983 5141 qualis
3013 5071 3121 5126 fuit
3152 5070 3446 5194 {Lapat-bus,
3489 5078 3548 5126 et
3581 5072 3769 5141 quale·
3808 5072 3968 5128 video
4002 5089 4122 5128 esne
4160 5075 4375 5129 Gallum
4410 5081 4471 5129 et

2514 5140 2880 5207 Aut-iraham,
2929 5140 3061 5210 quid
3118 5157 3155 5210 p
3260 5147 3348 5194 est
3402 5140 3677 5211 colloqui?
3769 5139 4051 5198 &aarum
4103 5140 4300 5199 Galim
4351 5144 4470 5198 ian

2514 5208 3185 5419 ffiaessfflswf‘i.
3219 5216 3524 5348 mi?
3581 5209 4175 5336 ἓῶάῗκῖθῶ.
4197 5211 4470 5352 Ἵιέῗῗέῥ
