4850 6200
312 429 433 490 825

1183 615 1379 685 2326.

801 787 1271 856 CALVINUS
1318 787 1785 856 PIPERINO.

486 956 732 1042 Paryat
772 979 839 1023 se
877 981 916 1022 α
959 960 1219 1024 crimine
1248 963 1557 1042 pecuniae
1567 961 1963 1044 pauperibus
1983 961 2260 1027 destina-

309 1050 409 1111 tae
450 1045 520 1109 in
549 1047 887 1127 proprium
928 1066 1114 1111 usum
1156 1066 1496 1114 conversae.

310 1235 422 1356 g?
455 1234 713 1287 thesauro
749 1235 924 1288 Bezse
960 1236 1094 1288 Gen.
1133 1252 1186 1303 p.
1225 1234 1339 1300 167,
1379 1236 1538 1317 Laus.
1579 1253 1631 1317 P:
1656 1234 1774 1299 358,
1813 1236 2022 1290 Hanov.
2058 1255 2111 1307 p.
2141 1236 2261 1299 401,

394 1310 522 1357 ouet
558 1321 611 1372 p.
645 1301 766 1369 225,
801 1306 975 1356 Amst.
1011 1322 1063 1373 p.
1105 1303 1220 1357 103.
1261 1334 1326 1343 —
1366 1304 1571 1358 Gallice
1608 1323 1664 1358 m
1702 1306 1786 1360 ed.
1822 1306 2003 1360 Berol.
2042 1325 2091 1375 p.
2118 1306 2262 1369 215.)

483 1474 806 1557 Equidem
831 1474 990 1539 dum
1017 1476 1255 1558 passim
1284 1486 1416 1541 tam
1438 1477 1746 1542 atrociter
1781 1499 1885 1543 me
1921 1477 2264 1561 proscindi

308 1560 522 1639 audie,
553 1561 598 1644 ¹)
645 1582 778 1625 non
814 1562 907 1625 ita
950 1583 1098 1625 sum
1147 1564 1410 1639 ferreus,
1451 1564 1540 1626 mi
1590 1563 1907 1646 Piperine,
1952 1565 2109 1644 quin
2147 1563 2261 1626 do-

306 1647 445 1712 lore
491 1668 768 1731 pungar.
859 1646 995 1712 Sed
1047 1648 1172 1712 hoc
1217 1650 1378 1712 mibi
1437 1651 1668 1713 saltem
1729 1672 1860 1714 non
1904 1650 2050 1714 leve
2088 1651 2253 1715 sola·

307 1734 474 1798 tium
542 1745 660 1807 est,
725 1745 789 1797 te
845 1744 912 1797 et
975 1735 1344 1817 complures
1409 1735 1569 1799 alios
1631 1736 1879 1801 Christi
1927 1758 2150 1801 servos
2197 1750 2262 1800 et

305 1821 450 1903 pios
495 1820 620 1884 Dei
665 1821 952 1886 cultores
990 1820 1153 1885 meis
1197 1822 1456 1886 iniuriis
1493 1822 1961 1887 condolescere.
2030 1821 2260 1902 Quan-

307 1928 506 1989 quam
570 1905 857 1980 mallem,
924 1908 977 1971 si
1047 1907 1190 1971 fieri
1254 1919 1489 1989 posset,
1559 1909 1734 1972 solus
1788 1909 1981 1973 tacite
2028 1930 2262 1973 vorare

306 1991 627 2075 quidquid
673 1994 739 2056 in
776 2012 882 2056 me
927 1994 1311 2074 probrorum
1357 1995 1762 2076 congeritur:
1810 2016 1892 2057 ne
1936 2016 2066 2077 qua
2107 1995 2261 2058 inde

347 2100 455 2141 ars
515 2077 853 2142 molestiae
910 2080 976 2142 in
1033 2080 1268 2143 fratres
1306 2101 1484 2143 meos
1528 2079 1940 2144 redundaret.
2030 2080 2260 2163 Itaque

299 2099 464 2228 haec
530 2184 784 2246 quoque
852 2164 1017 2228 ratio
1076 2166 1248 2229 inter
1292 2166 1454 2229 alias
1499 2168 1671 2243 facit,
1719 2178 1796 2230 ut
1840 2167 2100 2231 silentio
2145 2189 2255 2232 ca-

301 2250 592 2315 lumnias
651 2260 1075 2332 praeteream,
1123 2273 1284 2333 quas
1332 2252 1570 2334 alioqui
1616 2253 1867 2317 diluere
1912 2254 2094 2316 nullo
2140 2274 2255 2316 ne-

302 2337 481 2419 gotio
526 2346 902 2420 promptum
949 2356 1118 2400 esset
1162 2356 1228 2400 et
1271 2360 1434 2419 quas
1479 2358 1516 2401 a
1561 2360 1665 2402 me
1710 2349 2017 2402 excutere
2062 2360 2257 2421 cupe-

301 2443 464 2486 rem.
555 2421 696 2487 Cur
748 2424 924 2486 enim
980 2424 1108 2485 mei
1145 2424 1466 2506 purgandi
1514 2425 1730 2490 studio
1773 2427 2006 2506 probos
2045 2425 2255 2489 homi-

302 2530 419 2572 nes
485 2507 957 2572 obtunderem'?
1048 2508 1123 2574 Si
1169 2511 1379 2574 maior
1423 2512 1773 2575 necessitas
1819 2522 2104 2594 urgeret,
2145 2532 2255 2592 pe-

300 2594 429 2657 tita
489 2596 682 2658 venia
740 2595 1179 2659 defensionem
1266 2617 1716 2679 proponerem.
1809 2596 1942 2661 Sed
1999 2597 2253 2660 futilior

300 2691 407 2745 est
450 2681 838 2761 probrorum
882 2682 1117 2762 quibus
1162 2703 1268 2745 me
1291 2682 1567 2764 improbi
1603 2693 1959 2765 aspergunt
1983 2684 2257 2757 vanitas,

301 2786 502 2848 quam
549 2776 624 2829 ut
666 2767 939 2831 sollicita
987 2769 1379 2832 refutatione
1417 2791 1577 2850 opus
1608 2769 1861 2832 habeat.
1923 2770 2061 2851 Ipsi
2098 2788 2257 2850 quo-

301 2872 433 2934 que
479 2860 742 2916 autores
786 2874 893 2916 me
929 2855 1300 2919 ambitionis
1327 2865 1649 2929 notarent,
1687 2875 1762 2919 ac
1798 2855 1854 2918 si
1890 2856 1970 2919 de
2016 2854 2259 2918 tuenda

299 2958 453 3001 mea
496 2938 983 3003 existimatione
1029 2941 1227 3003 nimis
1273 2962 1479 3003 essem
1530 2942 1788 3005 anxius.
1859 2941 2257 3022 Exemplum

302 3036 403 3088 est
439 3025 503 3087 in
553 3024 670 3088 illa
709 3026 966 3108 ingenti
1014 3046 1205 3107 quam
1233 3047 1702 3090 commemoras
1730 3030 2040 3110 pecuniae
2078 3048 2257 3090 sum-

300 3133 430 3175 ma.
493 3111 730 3176 Sciunt
752 3134 976 3176 omnes
1001 3134 1196 3195 quam
1221 3114 1563 3195 frugaliter
1591 3117 1809 3178 vivam
1841 3115 2016 3177 domi
2041 3132 2255 3177 meae:

301 3196 534 3260 vident
577 3199 647 3261 in
697 3200 972 3262 vestium
1020 3199 1364 3280 splendore
1409 3201 1662 3264 nullum
1708 3214 2044 3281 sumptum
2083 3201 2255 3264 fieri:

299 3282 518 3364 palam
581 3297 869 3365 apparet,
938 3287 1208 3348 tratrem
1277 3308 1491 3349 meum
1563 3288 1826 3352 unicum
1897 3307 2016 3350 nec
2063 3285 2257 3350 valde

300 3390 446 3433 esse
491 3369 899 3450 locupletem,
947 3392 1066 3434 nec
1109 3372 1273 3435 meis
1298 3374 1528 3452 opibus
1551 3373 1863 3455 adeptum
1909 3395 2050 3436 esse
2075 3372 2261 3454 quid-

301 3454 459 3536 quid
506 3454 720 3518 habet.
809 3456 1097 3521 Ubinam
1143 3479 1297 3540 ergo
1344 3457 1636 3522 defossus
1696 3463 1934 3523 iaceret
1991 3460 2256 3522 thesau-

300 3562 415 3605 rus
471 3539 628 3604 ille?
720 3543 924 3623 Atqui
983 3565 1089 3606 me
1150 3544 1545 3625 pauperibus
1607 3547 1894 3608 furatum
1941 3565 2082 3610 esse
2125 3544 2257 3607 iac-

299 3635 465 3691 tant.
530 3626 677 3691 Hoc
713 3627 910 3692 etiam
949 3629 1412 3710 improbissimi
1461 3630 1542 3695 de
1583 3631 1794 3694 nihilo
1837 3631 2069 3695 fictum
2115 3650 2258 3694 esse

298 3713 494 3777 fateri
530 3727 864 3795 cogentur.
957 3716 1032 3778 Si
1079 3716 1232 3798 quid
1270 3716 1663 3798 pauperibus
1687 3727 1962 3798 erogant
2004 3716 2093 3798 pii
2140 3716 2260 3780 ho·

304 3799 537 3874 mines,
583 3799 840 3863 nullum
864 3822 1205 3865 nummum
1252 3804 1521 3885 attinge.
1590 3803 1898 3867 Mortuus
1942 3813 2043 3865 est
2086 3801 2260 3881 apud

304 3905 410 3948 me
457 3893 612 3949 ante
655 3897 800 3950 octo
843 3908 1051 3951 annos
1095 3890 1201 3951 vir
1239 3889 1498 3971 quidem
1547 3888 1881 3962 nobilis,‘²)
1927 3889 2036 3969 qui
2081 3886 2255 3970 apud

305 3990 412 4034 me
459 3990 662 4052 supra
704 3970 835 4036 duo
879 3985 1332 4037 coronatorum
1373 3974 1581 4037 millia
1623 3976 1763 4037 sine
1819 3974 2258 4057 chirographo

307 4259 495 4315 2826.
525 4261 576 4320 ll
625 4261 763 4316 Viae
799 4263 1058 4332 Piperini
1089 4280 1167 4330 ep.
1203 4263 1277 4319 N.
1317 4263 1456 4318 2323
1491 4271 1602 4320 tum
1638 4267 1799 4318 etiam
1835 4264 1987 4317 2307.
2021 4262 2175 4318 2329.

513 4329 575 4390 2)
614 4330 807 4386 David
827 4334 895 4387 de
911 4334 1217 4398 Busanton,
1254 4333 1322 4386 de
1354 4339 1512 4388 eteius
1547 4341 1861 4388 testamento
1895 4334 2018 4387 vide
2039 4334 2113 4387 Ν.
2136 4332 2254 4386 680.

304 4397 424 4451 997.
466 4427 526 4436 -
569 4400 777 4464 Bolsec,
825 4403 917 4455 Vie
957 4403 1050 4457 01».
1084 4405 1177 4456 xi.-
1224 4404 1446 4456 Mourut
1491 4403 1524 4456 a
1569 4403 1788 4456 Geneve
1834 4420 1906 4454 un
1955 4403 2147 4472 appele
2183 4403 2256 4455 M.

305 4468 483 4521 David
531 4468 599 4522 de
635 4470 913 4539 Haynault
959 4472 1052 4540 qui
1106 4474 1270 4525 estoit
1313 4490 1456 4525 venu
1492 4491 1558 4525 en
1612 4474 1810 4525 ladicte
1847 4474 1974 4525 ville
2029 4489 2166 4540 pour
2203 4472 2257 4524 la

307 4536 536 4606 religion
591 4549 645 4592 et
689 4557 756 4591 en
792 4549 1048 4593 mourant
1099 4541 1262 4594 laissa
1296 4540 1436 4595 2000
1482 4557 1637 4595 escuz
1685 4558 1821 4609 pour
1873 4540 1951 4593 les
2005 4558 2257 4609 pauvres,

305 4605 619 4659 ordonnant
663 4609 741 4660 les
788 4617 1107 4662 executenrs
1142 4610 1210 4662 de
1258 4627 1355 4664 son
1403 4617 1697 4662 testament
1733 4627 1803 4662 un
1852 4610 2127 4679 bannoyer
2162 4626 2255 4677 ap-

378 4675 430 4727 le
469 4676 779 4729 Maldonnal
827 4686 884 4730 et
928 4695 999 4730 un
1046 4691 1202 4731 autre
1248 4681 1361 4732 dict
1397 4678 1807 4744 sainct-Andre,
1855 4680 1946 4746 qui
1986 4680 2151 4730 estoit
2185 4694 2254 4730 ou

347 4745 434 4797 ien
481 4744 565 4797 fut
609 4753 723 4799 tost
766 4763 926 4814 apres
972 4749 1213 4800 ministre
1260 4749 1327 4801 de
1366 4750 1596 4801 Geneve.
1670 4749 1747 4802 Le
1793 4749 1927 4800 tiers
1963 4757 2256 4800 executeur

307 4812 377 4864 de
413 4829 513 4865 son
547 4819 843 4868 testament
875 4817 914 4868 il
949 4817 1194 4869 ordonna
1215 4817 1419 4886 Calvin‚
1454 4818 1650 4885 auquel
1687 4834 1893 4869 comme
1916 4833 2257 4885 gouverneur

309 4888 366 4934 et
419 4881 779 4936 distributeur
830 4885 899 4937 de
951 4883 1050 4937 l’ar
1085 4895 1177 4938 ent
1222 4886 1318 4938 des
1412 4903 1605 4939 auvres
1658 4885 1740 4939 fut
1784 4886 2039 4938 commise
2087 4885 2255 4938 ladite

308 4967 515 5005 somme
551 4952 618 5005 de
653 4951 794 5006 2000
826 4970 1001 5023 escuz,
1035 4903 1291 5024 ‹fasquelz
1324 4903 1431 5007 δῶ
1463 4956 1647 5008 ἰητροῦ
1680 4955 1975 5007 distribues
2001 4957 2254 5009 aaueuns

308 5021 380 5072 de
416 5036 503 5073 ses
538 5022 661 5090 plus
704 5023 922 5075 intimes
966 5040 1135 5093 amys,
1183 5040 1389 5077 comme
1425 5023 1458 5077 a
1493 5025 1650 5076 Viret
1682 5023 1769 5090 25,
1817 5022 1850 5075 εὶ
1883 5024 2043 5076 Farel
2078 5022 2163 5085 20,
2198 5028 2256 5075 et

310 5089 547 5158 quelque
580 5100 736 5143 autre
781 5107 985 5145 somme
1020 5110 1125 5145 aux
1161 5093 1361 5145 susdits
1401 5093 1726 5158 Maidonnal,
1771 5090 2162 5145 Sainct-Andre
2199 5097 2256 5144 et

311 5165 518 5211 autres:
573 5161 710 5212 mais
756 5177 826 5214 on
863 5178 931 5213 ne
985 5167 1116 5230 peut
1166 5163 1379 5214 scavoir
1433 5179 1538 5231 que
1591 5161 1917 5214 devindrent
1967 5161 2047 5213 les
2095 5159 2249 5213 1500.

308 5225 460 5280 Dent
509 5244 570 5281 se
614 5229 737 5281 leva
779 5230 950 5298 grand
993 5247 1266 5283 murmure
1305 5237 1461 5283 entre
1507 5232 1587 5283 les
1634 5246 1894 5299 pauvres:
1950 5232 2085 5282 mais
2117 5246 2253 5282 ceux

312 5295 406 5364 qui
459 5312 527 5348 en
582 5298 858 5379 parlerent
886 5305 1043 5380 ‘trop‘
1082 5305 1248 5379 avant
1298 5300 1482 5352 furent
1533 5299 1809 5381 contraius
1856 5298 1922 5351 de
1973 5298 2141 5379 sortir
2185 5298 2252 5351 de

311 5365 531 5422 seneve
568 5372 625 5419 et
660 5366 759 5420 fert
782 5385 852 5421 on
877 5385 910 5420 a
933 5384 1107 5422 croire
1131 5368 1288 5437 qu’ilz
1313 5376 1564 5439 estoyent
1597 5368 1847 5422 libertino
1884 5372 1941 5421 et
1975 5367 2254 5422 atheistes.

2059 432 2221 493 1555
2267 425 2594 494 ΟΟΤΟΒ.

4193 431 4319 495 826

2368 616 2773 698 deposuerat.
2862 616 2992 683 Ubi
3058 618 3288 682 mortis
3354 638 3497 681 esse
3560 616 3925 700 periculum
3996 616 4311 701 intellexi,

2366 724 2568 784 quum
2612 723 2758 767 meo
2795 703 3065 768 arbitrio
3108 703 3488 786 permittere
3535 702 3748 781 vellet,
3804 704 4041 786 negavi
4100 725 4204 768 me
4247 707 4315 773 id

2368 800 2829 872 suscepturum
2899 790 3133 854 oneris.
3268 787 3514 854 Curavi
3595 790 3790 853 etiam
3866 797 3940 853 ut
4004 790 4316 874 Argenti-

2368 896 2524 939 nam
2569 875 2742 939 mitti
2779 874 3031 940 iuberet
3077 876 3504 958 octingentos,
3528 874 3971 940 sublevandae
4015 877 4317 945 exsulum

2369 962 2650 1043 inopiae.
2720 962 2870 1026 Meo
2916 961 3178 1025 hortatu
3226 960 3468 1043 delegit
3513 960 3810 1025 homines
3855 961 4127 1025 minime
4170 987 4316 1030 sus-

2369 1058 2608 1128 pectos,
2658 1048 2777 1129 qui
2842 1047 3161 1130 reliquam
3206 1068 3529 1112 summam
3576 1046 4055 1111 distribuerent.
4146 1050 4316 1117 Mihi

2367 1153 2573 1214 quum
2615 1132 2839 1216 legare
2886 1134 3083 1198 vellet
3125 1132 3297 1215 quod
3343 1132 3453 1198 alii
3492 1154 3622 1197 non
3658 1133 4078 1215 sprevissent,
4125 1158 4313 1202 recu-

2368 1219 2542 1282 savi:
2607 1219 2721 1283 sed
2773 1219 2959 1283 video
3002 1217 3161 1301 quid
3204 1228 3351 1283 urat
3394 1240 3574 1295 meos
3620 1219 4046 1284 adversarios.
4138 1220 4314 1301 Quia

2367 1306 2547 1370 enim
2595 1327 2678 1371 ex
2738 1326 2853 1370 suo
2903 1325 3010 1370 me
3067 1308 3331 1389 ingenio
3384 1307 3746 1369 metiuntur
3806 1327 3936 1368 non
4010 1304 4316 1376 dubitant

2367 1391 2525 1472 quin
2592 1390 2878 1473 undique
2937 1391 3363 1468 accumulem,
3409 1390 3519 1454 ubi
3565 1401 3701 1455 tam
3747 1400 4116 1472 opportuna
4159 1416 4315 1478 sup-

2367 1477 2536 1558 petit
2579 1478 2869 1542 facultas.
2962 1478 3233 1553 Verum,
3281 1478 3337 1541 si
3385 1477 3578 1542 vivus
3621 1498 3751 1541 non
3799 1478 4040 1560 effugio
4077 1501 4316 1547 nomen

2368 1562 2609 1640 divitis,
2657 1563 2737 1627 ab
2773 1563 2897 1628 hac
2933 1574 3090 1627 nota
3136 1584 3307 1627 mors
3330 1562 3597 1627 tandem
3634 1561 4006 1627 vindicabit.
4037 1567 4089 1644 ³)
4149 1564 4317 1633 an-

2368 1658 2599 1723 terum,
2646 1648 2868 1713 nullus
2892 1649 3059 1713 mihi
3102 1663 3276 1713 esset
3296 1647 3618 1713 scribendi
3664 1649 3831 1721 finis,
3881 1651 3936 1712 si
3983 1649 4062 1713 ad
4112 1653 4316 1718 medi-

2369 1734 2634 1799 tandam
2678 1735 3041 1817 apologiam
3080 1736 3373 1799 animum
3420 1734 3730 1799 adiecere.
3810 1735 4025 1799 Multa
4068 1737 4211 1802 istic
4256 1740 4312 1804 si

2366 1823 2714 1896 iactantur,
2760 1823 2922 1886 scito
2970 1823 3083 1884 vix
3119 1821 3541 1886 centesimam
3587 1841 3728 1885 esse
3772 1842 3994 1884 eorum
4040 1830 4313 1903 partem,

2366 1908 2599 1988 quibus
2657 1907 2918 1973 assidue
2974 1906 3317 1971 obtundor.
3408 1907 3587 1989 Ergo
3623 1905 3788 1971 nihil
3832 1916 4146 1988 superest,
4186 1911 4315 1975 nisi

2367 2006 2442 2055 ut
2490 2006 2755 2075 paratus
2813 1992 2894 2057 ad
2932 1992 3331 2057 reddendam
3392 1994 3732 2067 rationem,
3780 1992 4203 2059 nihilominus
4240 2017 4313 2063 os

2364 2082 2710 2160 praebeam
2779 2079 3090 2162 colaphis.
3117 2084 3171 2151 ⁴)
3261 2080 3642 2155 Pergamus,
3710 2079 3802 2142 mi
3854 2076 4306 2162 christophore,

2364 2187 2481 2247 per
2549 2167 2884 2230 infamiam
2946 2178 3014 2230 et
3091 2166 3327 2229 bonam
3386 2166 3660 2239 famam,
3744 2185 3952 2245 neque
4018 2166 4303 2234 sinistris

2363 2252 2736 2317 rumoribus
2804 2252 3017 2335 frangi
3083 2273 3203 2315 nos
3269 2251 3585 2315 sinamus.
3676 2249 4071 2332 Quanquam
4137 2253 4188 2317 si
4236 2265 4308 2319 tu

2362 2337 2611 2401 fontem
2655 2348 2900 2415 teneas,
2946 2358 3200 2402 mecum
3237 2336 3424 2401 facile
3448 2357 3761 2419 agnosces
3806 2337 4120 2418 patientia
4162 2339 4311 2404 vin-

2363 2422 2642 2487 cendum
2688 2446 2846 2488 esse.
2914 2424 3180 2488 Nemini
3223 2422 3398 2488 enim
3448 2423 3718 2487 verbum
3764 2423 3974 2487 facere
4019 2424 4088 2487 in
4126 2446 4307 2490 men-

2365 2519 2495 2572 tem
2554 2512 2824 2585 veniret,
2885 2511 3013 2573 nisi
3071 2508 3456 2591 quisquiliae
3510 2508 3848 2573 hominum
3896 2508 4196 2574 viderent
4240 2533 4312 2577 se

2364 2596 2738 2676 proceribus
2792 2596 3079 2660 officium
3141 2606 3495 2676 praestare,
3543 2617 3615 2659 ac
3658 2607 3952 2676 paratam
4000 2596 4118 2659 sibi
4167 2618 4309 2663 esse

2364 2681 2859 2746 maledicentiae
2939 2681 3340 2746 mercedem:
3424 2680 3764 2762 subitoque
3839 2692 4309 2748 evanescerent

2365 2765 2722 2847 mendacia,
2792 2770 2918 2831 nisi
2955 2769 3034 2832 ab
3090 2768 3323 2831 iisdem
3380 2766 3512 2830 illis
3570 2766 3643 2829 in
3704 2786 3980 2848 quorum
4027 2768 4308 2849 gratiam

2363 2855 2639 2918 conficta
2718 2866 2871 2918 sunt
2948 2856 3343 2918 foverentur.
3455 2850 3629 2932 Quia
3702 2853 4042 2934 epistolam
4112 2875 4308 2935 cogor

2362 2937 2767 3020 abrumpere,
2817 2942 3013 3003 finem
3059 2939 3165 3003 hic
3210 2938 3465 3002 faciam.
3533 2938 3718 3015 Vale,
3747 2939 3989 3020 optime
4035 2949 4099 3003 et
4142 2940 4308 3004 mihi

2363 3025 2754 3089 amicissime
2809 3028 3028 3090 frater.
3122 3025 3446 3088 Dominus
3512 3025 3627 3089 tibi
3690 3045 3945 3107 semper
4004 3024 4197 3106 adsit,
4243 3038 4308 3091 te

2362 3112 2597 3192 spiritu
2644 3133 2761 3176 suo
2784 3113 3120 3193 gubernet,
3166 3112 3548 3192 laboresque
3592 3124 3737 3178 tuos
3761 3109 4114 3176 benedicat.
4185 3112 4313 3178 Ge-

2365 3218 2571 3262 nevae
2624 3203 2716 3261 18.
2767 3197 3070 3265 Octobris
3124 3204 3301 3260 1505.

3290 3334 3571 3398 Ioannes
3611 3334 3930 3399 Calvinus
3967 3342 4138 3399 tuus.

3150 3625 3563 3635 ——-————...—.

3246 3845 3437 3915 2327.

2781 4000 3263 4068 SULZERUS
3308 4002 3937 4069 BULLINGERO.

2540 4172 2789 4237 Palvini
2831 4174 3176 4238 innocentia
3218 4194 3260 4237 a
3304 4174 3601 4254 pluribus
3643 4175 3891 4240 tandem
3936 4176 4305 4258 aquosoitur.

2361 4346 2533 4412 (Exce
2601 4352 2717 4399 tum
2755 4361 2822 4396 ex
2858 4351 2985 4398 auto
3053 4344 3194 4413 apho
3231 4344 3359 4397 eod.
3393 4345 3613 4398 ArchiV.
3651 4344 3827 4397 Turic.
3870 4346 4012 4397 Plut.
4050 4345 4145 4397 vl.
4182 4346 4307 4401 Vol.

2484 4415 2511 4465 1
2586 4454 2599 4478 ‚
2637 4416 2764 4468 olim
2802 4411 2941 4482 Epp.
3025 4431 3126 4467 om.
3168 4413 3234 4466 11.
3274 4414 3366 4468 fol.
3402 4412 3519 4467 665.
3557 4442 3625 4452 --
3661 4415 3876 4468 Simleri
3916 4415 4035 4469 Vol.
4072 4413 4185 4479 85.)

2361 4585 2526 4650 Viro
2570 4587 3133 4669 praestantissimo
3169 4585 3252 4652 D.
3294 4586 3628 4653 Henricho
3672 4587 4062 4671 Bullingero
4106 4587 4306 4653 eccle-

2360 4672 2496 4736 siae
2542 4673 2899 4756 Tigurinae
2945 4674 3242 4750 antistiti,
3303 4673 3564 4738 domino
3622 4683 3689 4736 et
3746 4684 4154 4758 symmystae
4197 4695 4308 4739 co-

3064 4759 3441 4825 lendissimo
3485 4780 3618 4824 suo.

2558 5015 2620 5078 3)
2663 5014 2744 5079 G'f.
2779 5018 2898 5069 eius
2932 5022 3317 5070 testamentum.
3398 5016 3627 5069 Minime
3660 5030 3787 5083 erqo
3827 5016 4149 5085 probandus
4188 5016 4303 5073 Ga-

2354 5084 2473 5153 liffe
2503 5089 2603 5154 qui
2635 5091 2685 5137 et
2718 5087 2835 5148 ipse
2874 5084 3161 5139 Calvinum
3196 5102 3231 5138 a
3276 5085 3501 5138 erimine
3547 5085 3837 5139 aviditatis
3885 5101 3997 5139 non
4046 5086 4160 5139 vult
4195 5102 4306 5141 om·

2357 5156 2492 5208 nino
2527 5154 2813 5208 absolvere.
2884 5153 3050 5220 (Quel
3152 5169 3180 5205 s
3208 5168 3383 5224 paqes
3410 5171 3468 5220 p.
3502 5151 3617 5219 89.)
3690 5153 3876 5208 Etiam
3916 5153 4305 5222 Kampsa-hatto

2354 5239 2406 5289 p.
2446 5222 2549 5276 388
2582 5223 2749 5276 nimis
2781 5227 2999 5276 incaute
3131 5238 3221 5275 ma
3260 5239 3328 5277 no
3361 5222 3544 5275 reditu
3577 5222 3814 5277 hominis
3849 5225 4105 5293 loquitur.

2561 5291 2617 5354 4>
2658 5291 2891 5345 Mireris
2942 5307 3061 5344 eum
3094 5292 3218 5346 nih·
3285 5291 3353 5345 de
3394 5291 3613 5358 Reqina
3646 5290 3952 5348 Novaro-ae
3983 5293 4177 5361 dicere,
4213 5294 4303 5349 de-

2354 5378 2458 5431 que
2490 5362 2720 5429 epistola
2753 5377 2917 5430 quam
2954 5361 3030 5415 ad
3061 5376 3180 5415 ean
3214 5362 3500 5430 scripsisse
3534 5360 3832 5416 dicebatur.
