4850 6200
341 461 450 522 273

343 645 602 723 tissime,
660 664 780 727 pro
836 643 1263 709 consensione
1319 654 1544 710 nostra
1583 653 1814 710 contra
1855 643 2264 709 Ioachimum

355 729 779 814 Westphalam.
866 727 1253 796 Laudamus
1311 739 1378 795 et
1419 728 1773 814 probamus
1816 729 2016 821 fidem
2058 735 2126 795 et
2165 726 2265 795 di-

339 817 656 901 ligentiam
701 826 911 894 tuam,
970 815 1101 880 imo
1143 826 1210 882 et
1253 815 1499 900 gratias
1543 815 1799 899 agimus
1842 826 1997 881 tuae
2040 814 2267 899 pietati

337 903 490 988 quod
532 921 655 1000 pro
699 900 884 967 nobis
940 909 1008 966 et
1059 903 1129 966 in
1172 901 1504 968 communi
1558 920 1757 968 causa
1796 908 2136 986 tantopere
2179 901 2268 966 la-

340 990 668 1055 boraveris.
757 984 1084 1052 Dominus
1126 986 1446 1071 rependat
1499 987 1620 1053 tibi
1675 1008 1795 1070 pro
1853 1008 1976 1054 sua
2028 986 2157 1053 fide
2201 995 2268 1052 et

331 1074 782 1225 ffiffgoenm'
894 1072 1030 1138 Nos
1106 1084 1282 1140 certe
1365 1093 1663 1138 amamus
1730 1083 1796 1137 et
1863 1073 2136 1140 colimus
2203 1084 2267 1138 te

488 1245 820 1326 Quoniam
875 1265 1035 1310 vero
1089 1246 1262 1311 inter
1319 1245 1448 1310 alia
1516 1242 1784 1310 diserte:
1858 1243 1996 1328 Fae
2051 1250 2268 1310 nostra

335 1332 598 1397 omnium
651 1350 866 1406 sensa,
925 1330 1161 1413 inquis,
1220 1336 1419 1397 tenere
1473 1330 1634 1395 milui
1688 1332 1929 1408 videor,
1987 1336 2058 1395 ut
2107 1330 2270 1396 nihil

335 1417 746 1484 auudame
800 1415 1226 1498 hicposim·
1279 1415 2268 1499 suisseoonfidamquamqaod

334 1500 557 1585 sinyuli
598 1507 878 1567 nostrum
934 1503 1239 1585 scripturi
1293 1508 1491 1568 essent
1534 1511 1654 1567 etc.
1702 1514 1822 1568 etc.
1867 1502 2265 1569 condonabis

329 1589 509 1655 nobis
551 1590 610 1655 si
655 1587 886 1666 libere,
943 1587 1102 1671 quid
1146 1587 1227 1652 de
1273 1589 1404 1653 tuis
1446 1587 1808 1655 iudicemus
1850 1600 1920 1654 et
1960 1590 2114 1673 quid
2163 1589 2264 1655 vel

329 1675 643 1749 additum,
725 1673 830 1739 vel
894 1674 1288 1752 detractum,
1354 1684 1469 1740 aut
1533 1683 1861 1740 mutatum
1924 1676 2265 1757 cupiamus

329 1761 839 1838 indicaverimus
885 1767 963 1824 ιιι
1005 1780 1235 1825 revera
1275 1770 1338 1825 te
1382 1769 1609 1826 exacte
1654 1782 1922 1826 sensum
1965 1770 2265 1827 nostrum

327 1848 715 1931 expressisse
756 1848 980 1911 testari
1025 1846 1366 1929 possimus.

481 1933 842 2014 Principio,
901 1933 968 1996 in
1016 1931 1207 1998 titulo
1257 1931 1579 2015 Epistolae
1638 1931 1721 1997 ad
1779 1932 2114 1999 ministros
2160 1954 2263 1999 ec-

333 2018 672 2085 clesiarum
716 2018 1061 2084 Helvetiae
1119 2039 1247 2082 non
1316 2016 1870 2100 praetereundum
1913 2028 2027 2084 aut
2070 2021 2263 2084 omit-

2067 459 2231 520 1554
2272 455 2591 525 OOEOB.

4195 471 4321 530 274

2369 645 2560 713 bilire
2615 644 3276 713 Schuermerismum.
3381 647 3576 714 Certe
3632 650 3794 717 tales
3852 672 4095 732 omnes,
4162 651 4325 721 dum

2368 731 2628 798 viveret
2679 731 2913 809 adhuc,
2969 732 3386 800 anathemate
3442 738 3779 817 percussit.
3870 737 4049 823 Ergo
4115 759 4325 822 quum

2368 817 2568 883 nimis
2610 817 2891 884 barbara
2932 827 3000 883 et
3045 820 3100 885 si
3198 819 3483 886 ‘ficativa
3524 821 3661 886 sint
3702 823 3843 888 eius
3902 825 4175 907 scripta,
4234 846 4322 891 ne

2369 903 2741 969 Lutherani
2763 916 2829 969 et
2848 905 2974 987 ipsi
2997 904 3115 970 bar
3239 905 3251 918 ‘
3282 907 3578 972 homines
3614 915 3681 971 et
3702 908 3785 973 ad
3818 909 4323 977 conviciandum

2370 989 2647 1055 mirifice
2690 990 2998 1072 appositi,
3060 1004 3127 1055 te
3185 1001 3251 1055 et
3294 1012 3413 1058 nos
3478 1011 3707 1058 omnes
3748 1006 4014 1076 apertae
4072 997 4321 1081 impro-

2370 1074 2596 1140 bitatis
2638 1087 2706 1140 et
2750 1074 3198 1159 impudentiae
3240 1088 3546 1143 accusent
3589 1088 3657 1143 et
3699 1081 4110 1157 convincant,
4168 1103 4320 1149 sua-

2369 1158 2619 1239 demus,
2662 1170 2738 1225 ut
2779 1163 2907 1226 ista
2947 1163 3186 1241 omnia,
3231 1183 3397 1245 quae
3431 1163 3751 1246 incipiunt
3795 1164 3877 1229 ab
3917 1166 4024 1231 his
4067 1167 4319 1234 verbis:

2376 1246 2628 1328 Quanta
2668 1246 3043 1313 vehementia
3094 1268 3355 1314 causam
3408 1247 3569 1314 hanc
3608 1251 3800 1332 egerit
3841 1251 4152 1319 [Μῶα-κε
4195 1264 4319 1320 etc.

2369 1342 2492 1398 etc.
2518 1335 2567 1409 ³)
2613 1353 2817 1416 usque
2857 1333 2941 1398 ad
2975 1354 3054 1398 ea
3085 1333 3287 1399 verba
3329 1355 3498 1416 quae
3541 1346 3930 1418 sequuntur:
3983 1338 4324 1419 Quam-itur

2369 1437 2682 1501 quaenam
2737 1424 3264 1485 sacramentorum
3320 1420 3602 1501 efficacia
3655 1422 3740 1486 sit
3796 1430 3915 1489 etc.
3961 1436 4082 1490 etc.
4100 1426 4158 1500 ⁴)
4203 1446 4318 1489 ex-

2369 1524 2628 1587 pungas
2694 1516 2889 1587 atque
2954 1506 3250 1570 omittas:
3329 1527 3529 1588 quum
3603 1516 3669 1571 et
3732 1509 3802 1572 in
3868 1508 4320 1576 Consensione

2369 1590 2554 1654 nulla
2621 1592 2709 1655 sit
2778 1590 2953 1657 facta
2996 1592 3079 1655 D.
3128 1590 3391 1656 Ltotheri
3454 1594 3717 1658 mentio.
3808 1592 3887 1660 Si
3943 1616 4096 1661 vero
4157 1595 4319 1663 alias

2372 1677 2569 1775 huius
2612 1676 2739 1741 viri
2797 1676 3152 1742 honorifica
3207 1679 3324 1742 fiat
3379 1679 3651 1755 mentio,
3711 1700 3881 1761 quae
3941 1688 4068 1746 non
4113 1683 4320 1765 possit

2369 1783 2514 1844 rapi
2556 1762 2624 1827 in
2670 1763 3147 1829 accusationem
3201 1764 3463 1840 iustam,
3525 1786 3653 1829 non
3706 1766 3966 1848 iniquos
4009 1788 4088 1832 ea
4129 1767 4200 1831 in
4246 1789 4319 1834 re

2369 1870 2488 1913 nos
2532 1848 2999 1914 exhibebimus.

2539 1934 2767 2000 Nescis
2830 1933 3156 2012 fortassis,
3220 1956 3368 1999 care
3426 1936 3644 2011 frater,
3711 1959 3904 2019 quam
3972 1959 4186 2005 crasse
4252 1952 4322 2004 et

2371 2019 2640 2084 barbare
2677 2018 2761 2085 D.
2790 2019 3103 2085 Lutherus
3138 2018 3218 2083 de
3261 2019 3387 2086 hoc
3430 2022 3755 2103 spirituali
3798 2024 3992 2106 epulo
4036 2026 4319 2090 senserit

334 2104 590 2170 tendum
675 2103 936 2169 videtur
1013 2104 1420 2169 Miilhusium
1451 2106 1498 2179 ¹)
1576 2103 1750 2186 quod
1827 2116 1894 2169 et
1970 2104 2263 2171 Bielensi
2314 2132 2320 2199 f
2370 2120 2438 2169 et
2501 2105 2853 2189 scripserit.
2958 2106 3184 2189 Neque
3249 2106 3427 2171 enim
3482 2108 3682 2174 libros
3740 2111 3883 2175 eius
3941 2109 4046 2176 vel
4098 2112 4317 2196 legere

328 2191 629 2257 eeclesiae
676 2190 1205 2273 subiungendum
1243 2188 1653 2255 arbitramur.
1720 2188 1980 2256 Deinde
2026 2191 2266 2257 videris
2315 2234 2320 2283 ,
2369 2192 2476 2256 vel
2513 2192 2881 2277 intelligere
2916 2193 3203 2275 potuisti,
3241 2213 3442 2274 quum
3481 2193 3675 2259 huius
3711 2196 3971 2277 generis
4010 2196 4319 2279 pleraque

325 2277 512 2342 nimis
559 2277 787 2343 acerbe
845 2276 1296 2360 antagonistas
1354 2287 1613 2341 nostros
1672 2278 2006 2360 impetere.
2093 2277 2264 2343 Nam

329 2372 422 2426 ter
463 2362 573 2427 vel
618 2373 849 2444 quater
895 2361 1183 2445 appellas
1225 2365 1402 2443 ipsos
1447 2361 1821 2441 nebulones,
1867 2363 2092 2429 obiicis
2133 2363 2265 2429 illis

324 2532 463 2600 litas
553 2533 974 2616 Westphalam
1051 2533 1343 2598 bostiam.
1485 2535 1923 2617 Agnoscimus
2004 2535 2264 2619 quidem

324 2620 458 2686 illos
501 2641 649 2686 esse
695 2620 928 2703 dignos
969 2622 1077 2701 qui
1123 2628 1489 2685 tractentur
1529 2620 1771 2698 durius,
1820 2622 1933 2685 sed
1975 2643 2184 2703 neque
2227 2644 2266 2686 a

324 2718 380 2771 te
422 2727 642 2790 nequo
699 2728 736 2770 a
781 2704 988 2781 nobis,
1048 2727 1206 2788 quos
1263 2707 1475 2789 magis
1532 2706 1718 2771 decet
1773 2716 1838 2771 et
1894 2720 2086 2771 ornat
2128 2729 2262 2771 mo·

320 2792 546 2858 destia.
659 2794 738 2857 D.
809 2791 1118 2857 Lumerus
1180 2789 1549 2856 huiusmodi
1630 2791 1878 2858 acerbis
1954 2794 2266 2859 conviciis

319 2879 533 2946 effecit
579 2888 652 2943 ut
687 2877 878 2943 multi
915 2879 1040 2942 viri
1084 2898 1220 2942 non
1262 2877 1418 2942 mali
1451 2898 1717 2961 prorsus
1758 2877 2089 2961 dedignati
2134 2880 2268 2944 sint

321 2967 451 3031 eius
494 2965 704 3030 libros
741 2965 974 3048 legere.
1041 2964 1446 3046 Cuperemus
1480 2963 1699 3046 itaque
1741 2964 2056 3048 scriptum
2099 2965 2264 3030 illud

319 3062 496 3132 tuum
531 3051 627 3116 ita
662 3050 1091 3117 moderareris
1127 3070 1244 3133 per
1277 3050 1514 3128 omnia,
1560 3062 1633 3114 ut
1669 3049 1865 3115 simul
1908 3051 2266 3116 retineatur

319 3150 380 3204 et
420 3149 759 3204 asseratur
800 3136 1006 3202 libera
1058 3149 1122 3201 et
1180 3135 1460 3219 simplex
1504 3137 1818 3202 confessio
1861 3138 2155 3203 veritatis
2199 3146 2266 3203 et

321 3225 676 3289 christiana
729 3221 1044 3288 modestia
1103 3235 1300 3305 utque
1345 3224 1674 3287 serviatur
1717 3225 1994 3306 tempori
2040 3236 2264 3289 nostro

321 3308 669 3375 admodum
712 3307 1021 3374 insidioso
1077 3318 1141 3373 et
1198 3308 1590 3373 turbulento.
1680 3307 1860 3375 Satis
1904 3313 2264 3376 instructus

319 3409 414 3462 est
455 3396 681 3462 verbis
741 3393 1162 3478 Westpkalus:
1224 3394 1396 3471 huic,
1455 3407 1530 3459 ut
1573 3395 1847 3461 verboso
1892 3411 1957 3460 et
1997 3408 2261 3463 conten-

319 3483 472 3548 tioso
517 3481 790 3558 homini,
826 3481 1126 3565 cupimus
1169 3479 1582 3563 ampliorem,
1640 3491 1960 3563 quantum
2003 3481 2262 3564 quidem

318 3568 450 3633 fieri
511 3589 635 3652 per
693 3588 811 3633 nos
867 3575 1111 3650 potest,
1173 3566 1427 3632 rixandi
1483 3568 1844 3650 praecisam
1897 3589 2040 3634 esse
2084 3588 2263 3635 occa-

317 3653 584 3720 sionem.
686 3651 887 3719 Sunt⁴
917 3654 987 3717 in
1045 3652 1338 3718 Saxonis
1408 3662 1475 3717 et
1540 3652 1623 3717 ad
1680 3674 1860 3719 mare
1914 3654 2263 3733 Balticum,

317 3760 548 3805 versus
583 3740 1096 3821 septentrionem
1123 3739 1332 3803 multa
1357 3739 1649 3804 virorum
1684 3738 2000 3805 bonorum
2038 3739 2261 3817 millia,

313 3845 588 3907 quorum
624 3826 996 3902 amicitiam,
1042 3835 1118 3889 ut
1154 3833 1328 3891 recte
1362 3825 1435 3889 in
1469 3824 1679 3890 literis
1715 3823 1797 3889 ad
1821 3825 2267 3908 Bullinyeram

313 3923 611 3977 nostrum
645 3932 890 3986 mones,
937 3912 1216 3976 retinere
1255 3919 1557 3992 praestat.
1626 3911 1989 3976 Metuimus
2024 3921 2263 3992 autem,

313 4017 391 4062 ne
432 3998 538 4062 illi
583 4018 838 4080 quoque
882 4018 952 4062 se
990 3998 1355 4080 cogitarent
1399 3997 1789 4078 perstrictos,
1850 4006 1925 4062 ut
1969 3997 2265 4065 homines

313 4083 621 4166 glaciales
669 4083 771 4148 vel
815 4082 1116 4167 frigidos,
1173 4081 1410 4149 bestias
1451 4090 1520 4147 et
1563 4083 1935 4162 nebulones,
1979 4083 2104 4150 nisi
2148 4105 2263 4149 ex-

313 4169 631 4251 punxeris
675 4171 829 4247 ista,
889 4182 957 4232 et
999 4168 1219 4252 potius
1267 4189 1502 4233 nomen
1546 4168 1865 4234 Ioachimi
1925 4169 2264 4250 Westphali

313 4254 608 4337 posueris
653 4253 922 4330 diserte,
983 4265 1056 4319 ut
1112 4274 1340 4319 omnes
1399 4254 1800 4338 intelligant,
1861 4275 1983 4321 nos
2034 4268 2263 4322 contra

329 4339 773 4424 Westphalum,
831 4351 1272 4424 reparatorem
1317 4341 1694 4406 certaminis
1750 4342 2257 4419 sacramentarii,

312 4444 522 4509 agere.

482 4512 628 4578 Fol.
679 4518 715 4576 5
762 4509 924 4578 facie
977 4517 1084 4588 1²)
1128 4532 1289 4591 eam,
1338 4511 1614 4588 Calvino,
1658 4514 1740 4577 D.
1791 4512 2063 4579 Luthero
2107 4513 2258 4579 doc-

315 4598 558 4664 trinam
614 4597 883 4665 ascribis
938 4619 1135 4682 quam
1193 4600 1352 4682 ipse,
1410 4599 1468 4664 si
1512 4600 1799 4675 viveret,
1856 4621 1977 4664 nec
2022 4620 2258 4684 agnos-

310 4696 517 4760 ceret,
585 4706 707 4751 nec
903 4695 1126 4751 oscent
1193 4684 1372 4749 illam
1439 4684 1542 4750 vel
1609 4683 1801 4750 hodie
1867 4685 2256 4764 Lutherani,

313 4770 575 4854 scriptis
621 4770 748 4835 viri
808 4771 821 4784 '
856 4770 981 4837 lius
1035 4771 1127 4836 sic
1183 4769 1504 4836 fascinati.
1595 4770 1698 4835 Ex
1761 4769 1862 4836 his
1917 4771 2031 4835 isti
2074 4770 2256 4836 nullo

310 4857 578 4939 negotio
622 4867 740 4922 tua
799 4856 909 4920 illa
950 4857 1171 4921 omnia
1225 4856 1512 4922 refutare
1638 4863 1880 4933 terunt,
1924 4857 2254 4922 evincere·

309 4959 434 5022 que
480 4951 548 5007 te
589 4942 779 5007 illum
821 4944 1034 5026 ipsum
1093 4963 1254 5020 esse,
1313 4963 1504 5026 quem
1907 4952 2255 5008 venturum

305 5027 734 5109 praedixerit,
797 5029 909 5110 qui
951 5026 1200 5094 scilicet
1243 5029 1457 5095 verbis
1505 5027 1766 5093 Luthen‘
1807 5034 2080 5095 conetur
2123 5039 2255 5093 sta-

311 5313 588 5439 mal)
621 5317 713 5385 Of.
756 5317 895 5443 φ.
945 5317 1090 5374 Tam.
1124 5318 1217 5374 IX.
1246 5336 1374 5388 paq.
1410 5317 1446 5373 ὃ
1479 5325 1588 5375 not.

559 5392 580 5453 )
621 5386 710 5454 Of.
743 5402 773 5443 ε
812 5393 872 5442 ⁸8.
911 5394 1156 5443 nostran
1184 5403 1316 5458 pap.
1355 5386 1435 5443 18.

531 5469 755 5528 Caluini
784 5488 967 5543 opera.
1037 5472 1147 5528 Vol.
1182 5471 1242 5527 Χ
1256 5472 1312 5526 V.

2370 2279 2743 2362 germanice
2806 2280 3154 2361 scripserit.
3264 2278 3629 2345 Existimas
3692 2280 3890 2359 forte,
3969 2282 4063 2348 sic
4127 2282 4319 2348 illum

2317 2420 2321 2429 .
2369 2365 2652 2429 sensisse
2746 2376 2818 2429 ut
2940 2364 3160 2429 uidam
3218 2364 3343 2428 viri
3421 2364 3575 2430 boni
3690 2368 3788 2430 aci

324 2449 566 2530 patrios
611 2448 813 2513 boves
857 2462 923 2512 et
967 2448 1258 2513 vicinum
1293 2447 1568 2530 glaciale
1590 2454 1624 2485 ⁴*
1658 2469 1988 2515 oceanum.
2072 2450 2268 2534 Apel-
2316 2440 2320 2477 ⁶
2369 2450 2548 2515 illius
2588 2415 2785 2515 ve’rba
2828 2386 3243 2532 iniierpretati
3277 2459 3455 2527 sunt,
3494 2474 3570 2517 ac
3605 2378 4318 2519 egtrasgolgtegltzigrtiffi

2371 2535 2587 2618 ipsum
2632 2536 2912 2601 sensisse
2957 2548 3527 2601 asseveraverunt.
3619 2536 3969 2602 Caeterum
4031 2541 4317 2605 certissi—

2371 2642 2552 2686 mum
2610 2631 2711 2686 est
2770 2621 3114 2687 Luthemm
3170 2622 3365 2704 longe
3422 2623 3706 2687 crassius
3771 2624 4052 2691 sensisse
4119 2647 4316 2708 quam

2371 2708 2483 2771 isti
2550 2708 2808 2790 fingant
2871 2721 2940 2771 et
2991 2707 3355 2774 crassitiem
3411 2708 3592 2772 illam
3653 2707 3844 2773 editis
3898 2710 4159 2792 scriptis
4219 2712 4314 2776 sic

2370 2793 2615 2858 ursisse
2672 2794 2992 2875 improbe,
3052 2804 3129 2858 ut
3184 2793 3368 2857 nulla
3426 2793 3678 2875 possint
3731 2795 4072 2860 commoda
4108 2817 4315 2881 expo-

2369 2879 2606 2944 sitione
2650 2878 2992 2943 moderari.
3080 2880 3270 2944 Fecit
3322 2879 3445 2943 hoc
3502 2899 3636 2944 non
3696 2889 3953 2946 tantum
3999 2881 4070 2946 in
4114 2890 4319 2948 certa·

2369 2965 2566 3029 minis
2622 2965 2963 3047 principio,
3022 2964 3138 3029 sed
3205 2965 3401 3029 etiam
3459 2968 3527 3029 in
3588 2965 3801 3030 medio
3857 2980 3923 3032 et
3982 2969 4130 3033 fine.
4232 2968 4316 3033 Id

2365 3048 2540 3134 quod
2612 3072 2744 3116 non
2823 3051 2963 3117 sine
3030 3049 3249 3117 dolore
3319 3071 3919 3118 commemoramus.
4037 3052 4316 3137 Semper

2367 3139 2542 3202 enim
2582 3137 2680 3201 illi
2723 3138 3060 3203 meliorem
3092 3138 3462 3220 optavimus
3506 3147 3768 3214 sortem,
3814 3149 3887 3203 ut
3929 3141 4039 3223 qui
4084 3161 4319 3224 agnos-

2367 3224 2574 3289 cimus
2616 3224 2827 3288 multa
2860 3224 3057 3288 huius
3094 3224 3219 3288 viri
3265 3224 3501 3289 merita
3536 3225 3973 3307 beneficiaque
4017 3226 4319 3292 exhibita

2367 3310 2680 3376 ecclesiae
2738 3309 2876 3374 Dei.
2978 3310 3292 3375 Dolemus
3341 3311 3511 3375 serio
3572 3311 3770 3375 istum
3826 3332 4055 3377 omnes
4112 3312 4315 3378 medi-

2366 3395 2560 3463 candi
2636 3397 2925 3462 rationes
3000 3396 3517 3477 pertinacissime
3593 3397 4036 3478 praescidisse.
4148 3397 4317 3464 Mira

2370 3482 2531 3549 haec
2572 3482 2692 3548 tibi
2715 3481 3042 3558 videntur,
3089 3492 3193 3547 sat
3236 3481 3494 3556 scimus,
3541 3483 3692 3564 quia
3733 3481 3936 3549 libros
3979 3484 4120 3549 eius
4163 3506 4313 3567 ger-

2367 3568 2656 3633 manicos
2717 3588 3048 3651 nunquam
3106 3566 3339 3650 legisti.
3443 3566 3545 3632 Ne
3602 3588 3759 3650 ergo
3822 3569 4084 3652 ignores
4148 3590 4315 3653 quae

2367 3654 2439 3717 in
2508 3654 2630 3719 hac
2683 3675 2880 3720 causa
2936 3653 3237 3737 inprimis
3294 3654 3556 3718 novisse
3615 3654 4032 3719 utilissimum
4098 3656 4312 3735 fuerit,

2368 3749 2581 3804 certos
2617 3740 2862 3822 aliquot
2897 3740 3037 3804 eius
3071 3738 3243 3804 locos
3282 3738 3717 3817 recitabimus,
3752 3741 3845 3803 ita
3880 3751 3952 3804 ut
3986 3762 4315 3806 summam

2367 3824 2648 3890 fideliter
2691 3824 3066 3900 reddamus,
3122 3824 3351 3888 folium
3397 3845 3553 3889 vero
3596 3825 3861 3890 interim
3906 3828 4319 3910 assignemus

2370 3921 2463 3990 ut,
2510 3912 2563 3976 si
2610 3912 2703 3975 ita
2745 3911 2964 3988 libeat,
3006 3911 3417 3993 germanicae
3470 3909 3731 3993 linguae
3785 3912 4066 3993 peritum
4108 3915 4315 3978 inter-

2368 4009 2624 4080 pretem
2683 3995 3019 4070 adhibeas.
3087 3998 3197 4079 qui
3256 3995 3374 4061 tibi
3446 3999 3715 4062 verbum
3786 4000 3987 4065 verbo
4063 4000 4313 4066 reddat.

2368 4082 2445 4148 Si
2490 4103 2644 4148 vero
2696 4083 2884 4149 libris
2936 4083 3080 4147 istis
3139 4102 3337 4162 cares,
3400 4104 3520 4149 nos
3579 4083 3891 4149 habemus
3945 4086 4191 4170 tibique
4234 4086 4314 4150 li-

2370 4170 2600 4234 benter
2642 4179 2868 4234 mutuo
2913 4166 3230 4233 dabimus.

2543 4253 2770 4321 Contra
2810 4255 3084 4320 coelestes
3132 4253 3473 4335 Prophetas
3524 4259 3701 4319 1525.
3778 4257 3887 4335 (A.
3933 4259 3971 4317 3
4017 4257 4177 4322 facie
4223 4260 4313 4332 5.)

2364 4341 2473 4406 Ita
2528 4340 2805 4406 includit
2858 4338 3272 4422 implicatque
3326 4339 3667 4405 elementis
3724 4341 3849 4404 Dei
3907 4342 4187 4424 gratiam
4245 4349 4314 4406 et

2363 4427 2668 4508 spiritum
2703 4437 3003 4493 sanctum
3041 4436 3117 4490 ut
3151 4425 3394 4491 diserte
3430 4425 3630 4492 dicat:
3669 4426 3884 4491 Deum
3918 4425 4313 4492 conclusisse

2361 4513 2610 4577 nemini
2677 4534 2747 4579 se
2811 4532 3083 4596 prorsus
3139 4511 3311 4576 velle
3376 4508 3529 4576 dare
3606 4514 3864 4576 interna
3932 4510 4103 4575 dona
4166 4512 4312 4579 sine

2366 4597 2564 4664 verbo
2620 4611 2685 4664 et
2743 4599 3198 4674 sacramentis,
3258 4596 3361 4662 vel
3406 4599 3666 4662 nonnisi
3725 4617 3840 4678 per
3880 4596 4027 4675 illa,
4081 4597 4177 4662 ita
4232 4608 4313 4664 ut

2361 4685 2473 4767 qui
2517 4694 2736 4750 careat
2794 4683 3107 4760 externis,
3153 4683 3283 4748 iam
3327 4683 3525 4747 etiam
3565 4682 3846 4748 internis
3890 4682 4304 4749 destituatur.

2538 4769 2768 4836 Contra
2799 4769 3175 4852 phanaticos
3208 4770 3506 4849 spiritus:
3570 4769 3674 4844 (C.
3728 4775 3752 4832 1
3802 4769 3964 4834 facie
4011 4773 4110 4842 2;)
4169 4769 4307 4835 Do-

2359 4877 2583 4921 cemus
2626 4867 2695 4920 et
2736 4855 3080 4933 credimus,
3125 4854 3294 4937 quod
3337 4857 3404 4918 in
3451 4874 3654 4919 coena
3701 4875 3850 4919 vere
3894 4862 3963 4919 et
4004 4874 4307 4937 corpora-

2359 4941 2511 5006 liter
2532 4940 2780 5008 Christi
2815 4961 3051 5024 corpus
3086 4941 3304 5005 editur
3336 4960 3411 5005 ac
3446 4941 3517 5003 in
3561 4960 3677 5005 uos
3711 4943 3883 5021 ipsos
3927 4940 4304 5023 percipitur.

2358 5026 2703 5108 Quomodo
2746 5039 2962 5093 autem
3001 5027 3123 5092 hoc
3163 5029 3297 5103 fiat,
3344 5033 3459 5090 aut
3479 5023 3798 5107 quomodo
3841 5047 4071 5109 corpus
4102 5029 4191 5092 sit
4230 5029 4305 5094 in

2356 5133 2545 5196 pane,
2589 5112 2655 5178 id
2701 5133 2857 5178 vero
2899 5115 3277 5196 ignoramus
3323 5130 3534 5193 neque
3577 5112 3741 5177 scire
3787 5110 4113 5178 debemus.

2562 5317 2624 5384 8)
2660 5319 2792 5374 ibid.
2825 5334 2880 5386 p.
2919 5317 3002 5371 1‘1.

2564 5387 2624 5452 4)
2661 5388 2792 5442 aad.
2826 5404 2881 5456 p.
2919 5384 3003 5439 19.
3823 5469 3886 5522 18
