4850 6200
344 415 468 477 717

342 603 729 687 praesertim
789 622 993 686 quum
1055 604 1125 667 in
1179 622 1454 669 munere
1509 600 1846 667 offerendo
1900 610 2085 668 tuam
2135 601 2304 667 mihi

462 688 627 754 tiam
702 696 772 754 et
849 689 1272 755 autoritatem
1352 709 1486 753 non
1564 685 1784 753 defore
1861 689 2298 772 promitteret.

338 708 490 847 ffij
535 781 758 841 autem
800 792 1002 841 causa
1043 796 1174 840 non
1218 781 1361 839 erat
1402 794 1523 839 cur
1572 773 1696 838 tibi
1739 774 2084 857 quisquam
2128 775 2300 839 invi-

344 860 559 941 deret,
626 861 686 927 si
748 870 816 926 te
878 860 1205 945 singulari
1261 859 1474 944 elogio
1537 869 1608 923 et
1671 859 1866 925 simul
1931 859 2297 945 patruelem

342 955 531 1013 tuum
573 966 912 1026 ornarem,
970 946 1169 1012 sicuti
1210 955 1280 1015 et
1336 945 1624 1011 familiae
1676 954 1934 1011 vestrae
1990 944 2299 1011 nobilitas

342 1040 655 1112 meretur,
712 1040 780 1098 et
835 1032 1104 1099 honoris
1159 1031 1423 1116 gradus,
1481 1031 1763 1097 eruditio
1821 1032 2115 1116 aliaeque
2158 1033 2296 1097 exi-

341 1119 513 1185 miae
557 1118 741 1185 dotes
797 1117 869 1183 id
923 1117 1049 1185 sibi
1104 1118 1270 1184 iuris
1312 1116 1698 1184 vendicant:
1759 1140 1843 1183 ne
1888 1130 2113 1183 tamen
2156 1139 2297 1184 ma-

341 1204 519 1290 ligne
562 1204 908 1356 qujfflffm
949 1205 1373 1289 obstreperet,
1433 1203 1648 1287 magis
1700 1204 1819 1269 uni
1874 1214 1991 1269 aut
2043 1202 2298 1269 duobus

341 1312 539 1375 quam
583 1291 720 1375 pub
752 1291 765 1305 ⁶

340 1378 638 1444 consulto
681 1398 722 1442 a
763 1376 1025 1460 privata
1079 1378 1284 1443 vestri
1340 1377 1673 1443 mentione
1727 1376 2031 1442 abstinui.
2108 1376 2297 1441 Bene

342 1473 560 1529 tamen
607 1472 709 1528 est
751 1462 923 1546 quod
965 1464 1061 1529 sic
1115 1465 1187 1527 in
1230 1472 1462 1529 senatu
1519 1462 1768 1527 eminet
1822 1472 1940 1527 tua
1988 1460 2297 1545 dignitas,

339 1570 537 1632 quam
582 1558 651 1614 et
691 1548 1042 1632 prudentia
1083 1558 1151 1615 et
1193 1547 1607 1615 humanitate
1635 1557 1705 1612 et
1747 1548 1926 1612 omni
1968 1549 2296 1613 virtutum

340 1657 583 1720 genere
639 1636 871 1714 tueris,
930 1644 1007 1700 ut
1049 1657 1133 1701 ex
1186 1635 1437 1701 honore
1478 1635 1589 1716 qui
1643 1635 1946 1699 omnibus
2004 1634 2298 1700 defertur

340 1721 511 1787 nihil
556 1721 673 1788 tibi
718 1721 1087 1787 detractum
1131 1741 1416 1787 censeas.
1498 1721 1645 1787 Hoc
1689 1741 1846 1785 vero
1891 1719 2024 1785 iam
2068 1719 2186 1785 abs
2228 1730 2297 1783 te

338 1808 765 1891 impetratum
799 1808 1009 1892 cupio,
1045 1807 1307 1890 quando
1342 1806 1575 1872 maiori
1609 1807 1781 1889 parti
1826 1827 1972 1871 sum
2010 1806 2295 1890 ignotus,

338 1904 413 1959 ut
456 1903 577 1960 tua
610 1893 1177 1959 commendatione
1220 1893 1463 1958 librum
1498 1891 1808 1976 digneris.
1876 1890 2029 1972 Qua
2073 1901 2293 1956 tamen

336 1980 406 2045 in
450 2001 525 2045 re
568 1980 662 2045 ita
703 1979 1182 2046 humanitatem
1226 1988 1405 2044 tuam
1448 1978 1745 2061 imploro,
1792 1988 1866 2042 ut
1908 1986 2132 2042 tamen
2176 1986 2292 2041 tuo

334 2066 656 2132 arbitratu
701 2066 950 2132 iudices
992 2076 1185 2149 atque
1229 2066 1537 2132 aestimes
1580 2076 1902 2146 quantum
1945 2063 2112 2129 liber
2156 2084 2292 2128 me·

334 2151 605 2218 rebitur.
675 2150 854 2232 Vale,
900 2151 1462 2235 praestantissime
1496 2150 1602 2216 vir
1647 2159 1716 2215 et
1750 2150 1913 2214 mihi
1953 2172 2036 2215 ex
2073 2149 2292 2214 animo

335 2259 595 2321 semper
638 2237 1065 2305 observande.
1153 2237 1483 2303 Dominus
1540 2244 1606 2303 te
1660 2237 1898 2320 spiritu
1956 2257 2074 2301 suo
2120 2255 2290 2300 sem-

333 2345 452 2407 per
610 2323 888 2390 bernare
953 2336 1020 2389 et
1075 2325 1324 2389 virtute
1390 2323 1617 2390 fulcire
1684 2332 1915 2406 pergat
1979 2322 2293 2404 omnique

339 2410 505 2476 bene
559 2410 796 2478 ‘ctione
840 2431 993 2476 cum
1040 2409 1293 2475 familia
1327 2418 1445 2475 tua
1480 2409 1802 2492 prosequi.
1873 2408 2206 2473 Genevae.

1208 2974 1409 3044 2262.

491 3129 967 3200 OALVINUS
1012 3130 1346 3197 IOANNI
1391 3126 2125 3197 GLAUBURGERO.

504 3300 759 3369 Similis
799 3324 942 3371 cum
974 3303 1374 3385 praecedenti
1419 3301 1786 3386 aryumenti.

330 3474 619 3545 (Sequitur
635 3474 769 3530 haec
788 3476 964 3530 altera
983 3476 1398 3547 praecedentem
1421 3475 1479 3526 in
1503 3474 1693 3528 eadem
1711 3473 1929 3530 Codicis
1950 3473 2286 3528 Genevennis

328 3542 533 3598 charta.
606 3544 1026 3615 Descripserunt
1074 3544 1543 3681 οῆιιῖιὶίιῗιὶατίιιο
1580 3544 1875 3598 Bel-nensis
1922 3551 1981 3597 et
2023 3542 2285 3597 Simlerus

846 3788 932 3853 D.
978 3787 1211 3851 Ioanni
1256 3784 1745 3869 Glawburgero.

498 3957 782 4040 Quando
841 3956 924 4023 ad
979 3965 1046 4022 te
1103 3955 1430 4024 scribendi
1488 3977 1622 4021 non
1665 3954 1934 4021 aliunde
1976 3955 2286 4022 fiduciam

328 4063 402 4110 ac
446 4043 791 4110 consilium
837 4044 1109 4126 sumpsi,
1146 4042 1551 4108 nobilissime
1597 4042 1722 4117 vir,
1779 4043 1908 4106 nisi
1955 4041 2127 4126 quod
2172 4053 2287 4107 tua

326 4150 484 4215 erga
527 4152 633 4196 me
676 4129 1136 4197 benevolentia
1190 4129 1396 4194 fretus
1451 4127 1571 4194 hoc
1630 4128 1920 4193 officium
1976 4127 2096 4192 tibi
2154 4149 2286 4192 non

327 4218 660 4301 ingratum
707 4217 844 4282 fore
886 4225 1064 4281 certo
1097 4215 1265 4280 mihi
1310 4213 1686 4297 persuadeO,
1755 4214 1955 4298 longa
2011 4235 2284 4280 excusa-

327 4304 507 4367 tione
552 4323 687 4367 non
729 4311 898 4367 utar.
964 4302 1135 4367 Nam
1175 4321 1378 4384 quum
1422 4300 1587 4365 mihi
1630 4300 1886 4383 pridem
1932 4321 2014 4364 ex
2061 4301 2287 4366 amicis

327 4388 595 4472 quidam
660 4410 779 4472 per
842 4389 1068 4453 literas
1132 4386 1356 4452 testati
1421 4397 1658 4465 essent,
1724 4395 1841 4454 tua
1898 4388 2185 4451 maxime
2220 4395 2288 4451 et

328 4474 734 4540 ornatissimi
783 4475 913 4539 viri
973 4473 1288 4557 patruelis
1353 4474 1454 4538 tui
1496 4492 1692 4556 opera
1733 4473 1982 4537 factum
2027 4492 2168 4537 esse
2213 4483 2286 4536 ut

322 4561 562 4626 fratres
606 4567 865 4627 nostros
902 4582 941 4624 a
983 4560 1199 4643 patria
1219 4559 1483 4625 exsules
1528 4580 1602 4624 ac
1647 4559 1958 4644 profugos
2002 4559 2286 4642 benigne

318 4646 607 4730 hospitio
663 4668 823 4713 exce
909 4646 999 4712 rit
1053 4645 1495 4730 amplissimus
1550 4654 1846 4724 senatus,
1892 4665 1969 4709 ac
2012 4646 2287 4711 comiter

319 4732 517 4798 hodie
557 4733 794 4811 foveat,
824 4668 953 4798 Eece
987 4752 1241 4816 quoque
1277 4729 1622 4808 addebant,
1659 4740 1723 4795 te
1759 4739 1826 4795 et
1869 4740 2170 4795 amanter
2205 4728 2285 4795 de

321 4840 427 4885 me
487 4819 730 4884 sentire
787 4840 863 4885 ac
923 4818 1121 4902 loqui,
1168 4828 1235 4883 et
1274 4817 1582 4884 oblectari
1626 4815 1791 4883 meis
1835 4816 2114 4900 scriptis.
2202 4815 2284 4881 Id

321 4926 481 4971 vero
534 4925 751 4988 nuper
807 4906 902 4970 ita
957 4903 1122 4969 mihi
1176 4924 1293 4969 suo
1347 4923 1648 4969 sermone
1701 4903 2120 4968 confirmavit
2162 4923 2284 4968 no·

325 4990 476 5056 bilis
519 4990 624 5056 vir
667 4999 735 5056 et
776 4990 945 5057 mihi
980 4989 1417 5056 amicissimus
1463 4989 1547 5056 D.
1587 4987 1878 5065 Secolius,
1924 4994 2001 5053 ut
2042 4988 2284 5054 librum

324 5076 581 5160 publice
625 5084 846 5143 vestro
883 5077 1096 5142 ordini
1131 5075 1523 5159 inscriptum
1560 5083 1629 5139 et
1650 5073 1938 5140 dicatum
1973 5075 2286 5157 privatim

325 5164 443 5229 fibi
499 5162 959 5229 commendare
1024 5183 1157 5227 non
1202 5159 1523 5226 dubitem:
1571 5182 1656 5226 ne
1699 5160 1866 5225 forte
1901 5159 2129 5225 multis
2174 5161 2287 5244 qui

325 5258 621 5315 autorem
673 5269 803 5314 non
860 5259 1187 5315 noverunt
1244 5257 1587 5331 suspectus
1631 5246 1733 5324 sit,
1780 5245 1908 5311 nisi
1953 5246 2177 5329 gravis
2221 5255 2290 5310 et

326 5334 539 5402 idonei
608 5335 867 5419 patroni
932 5333 1092 5399 fides
1155 5332 1437 5399 accedat.
1549 5332 1775 5415 Neque
1833 5343 2052 5397 tamen
2119 5332 2286 5397 mihi

2059 417 2221 478 1555
2266 411 2664 481 ΛΠΘΠΒΤ.

772 1312 845 1357 ce
892 1301 1110 1357 vestro
1170 1289 1385 1356 ordini
1443 1288 1732 1355 dicatum
1790 1289 1989 1359 fuisse
2031 1290 2327 1369 librum,-

4243 423 4373 486 718

2407 604 2814 688 propositum
2869 612 2970 670 est
3013 605 3164 688 plus
3219 603 3336 670 tibi
3401 605 3619 672 oneris
3661 605 4009 691 iniungere
4053 628 4250 691 quam
4294 616 4372 674 ut

2407 688 2702 754 oblatum
2746 710 2788 753 a
2827 711 2937 754 me
2972 711 3220 755 munus
3254 698 3372 756 tua
3414 692 3887 776 suffragatione
3909 713 4103 758 ornes
4125 693 4368 778 (quoad

2405 776 2505 839 rei
2551 776 2798 841 veritas
2832 777 3017 855 feret,
3063 788 3141 842 ut
3179 798 3313 842 non
3356 799 3503 844 esse
3543 776 3875 844 blanditiis
3920 779 4209 844 elicitum
4252 801 4367 864 ap-

2403 868 2684 945 pareat),
2728 870 2798 927 et
2831 861 3097 943 quidem
3139 861 3210 927 in
3247 862 3424 929 hunc
3459 866 3679 939 finem,
3715 886 3801 929 ne
3830 884 4015 929 meae
4058 885 4215 951 erga
4251 888 4368 933 vos

2405 945 2861 1013 observantiae
2918 948 3231 1026 studium,
3299 949 3472 1032 quod
3517 948 3782 1033 probari
3825 950 4113 1016 maxime
4157 953 4365 1036 cupio,

2400 1033 2795 1099 temeritatis
2834 1034 2939 1098 vel
2985 1033 3305 1100 stultitiae
3342 1035 3708 1101 damnetur.
3797 1036 3984 1115 Vale,
4021 1046 4365 1119 praestan-

2403 1118 2657 1184 tissime
2700 1121 2826 1197 vir,
2863 1128 2930 1184 et
2964 1119 3126 1184 mihi
3147 1120 3506 1204 plurimum
3541 1122 3965 1187 observande.
4035 1123 4367 1192 Dominus

2402 1204 2524 1270 tibi
2579 1226 2837 1289 semper
2892 1204 3079 1284 adsit,
3141 1207 3375 1288 spiritu
3437 1218 3548 1273 tuo
3572 1211 3622 1285 ¹)
3684 1218 3867 1292 regat
3923 1220 3991 1273 et
4049 1208 4365 1276 familiam

2404 1300 2586 1356 tuam
2622 1292 2983 1357 benedicat.
3067 1291 3395 1358 Genevae.

3278 1923 3480 1996 2268.

2798 2097 3306 2166 HALLERUS
3341 2100 3977 2167 BULLINGERO.

2569 2267 2671 2333 De
2727 2267 2987 2335 Calvino
3028 2269 3239 2336 indies
3268 2274 3498 2354 peiora
3540 2273 3799 2352 iudicia,
3861 2272 4057 2338 Vireti
4112 2275 4355 2357 {inpru-

2393 2355 2622 2434 dentia,
2671 2353 2917 2420 Farelli
2959 2356 3406 2436 impetuosam,
3445 2357 3651 2425 Bellis?
3693 2363 3748 2423 et
3791 2357 4002 2424 Besae
4047 2360 4356 2442 polemico

2394 2441 2836 2593 Zsfflffiois
2871 2441 3107 2524 sarapta·
3109 2493 3124 2520 ,
3160 2444 3566 2511 contenhones‘
3595 2443 3825 2527 ubsque'
3825 2495 3841 2524 ,
3882 2445 4050 2510 aliae
4091 2466 4167 2511 ex
4200 2448 4357 2513 aliis

2393 2698 2499 2765 (Ex
2536 2698 2875 2768 autographo
2912 2699 3052 2755 Bibl.
3090 2701 3193 2753 civ.
3228 2701 3406 2755 Turio.
3443 2700 3598 2756 MSS.
3632 2701 3693 2755 F.
3729 2700 3816 2764 62,
3852 2703 3981 2755 olim
4015 2703 4154 2772 Epp.
4193 2704 4346 2758 Tom.

2874 2765 2960 2834 27,
2997 2767 3090 2822 fol.
3128 2768 3246 2823 299.
3287 2797 3347 2808 -
3386 2770 3584 2824 Simler
3616 2771 3732 2824 Vol.
3768 2770 3875 2831 85.)

2567 2965 2949 3032 Clarissimo
2990 2966 3076 3032 D.
3124 2967 3513 3052 Heinrycho
3555 2968 3944 3054 Bullingero
3989 2968 4348 3054 Tigurinae

2393 3051 2992 3205 {fflgffidffiasmri
3037 3051 3414 3121 fidelissimo
3450 3053 3713 3121 domino
3757 3076 3833 3123 ac
3876 3057 4189 3140 compatri
4227 3076 4346 3124 suo

2391 3509 2707 3575 Genevae
2765 3509 3026 3574 fervent
3078 3511 3297 3577 omnia
3345 3510 3576 3577 adhuc.
3612 3512 3666 3594 ¹)
3756 3510 3886 3592 Qui
3951 3511 4133 3578 illinc
4191 3522 4348 3578 sunt

2390 3595 2740 3679 proscripti
2783 3615 2899 3678 per
2954 3604 3214 3663 nostros
3258 3597 3474 3663 redire
3517 3604 3850 3680 cuperent.
3939 3597 4148 3663 Varia
4191 3605 4348 3663 sunt

2388 3680 2631 3747 iudicia
2668 3680 2748 3746 de
2790 3679 2910 3746 his.
2995 3680 3298 3749 Calvinus
3330 3683 3611 3765 pessime
3655 3681 3853 3748 audit.
3911 3682 4346 3750 Defendimus

2388 3767 2578 3832 illum
2624 3777 2938 3850 quantum
2986 3790 3352 3852 possumus.
3443 3766 3577 3834 Sed
3634 3776 3770 3834 tam
3805 3769 4088 3835 obtinuit
4128 3770 4345 3837 malus

2392 3852 2473 3917 de
2508 3852 2623 3917 illo
2659 3874 2884 3917 rumor
2928 3864 3004 3918 ut
3046 3875 3163 3938 per
3197 3876 3316 3919 nos
3362 3854 3506 3919 tolli
3533 3864 3831 3939 nequeat.
3898 3856 4112 3921 Aiunt
4152 3855 4346 3921 illum

2391 3940 2706 4005 interesse
2760 3940 3029 4005 torturis
3090 3948 3157 4005 et
3220 3939 3707 4023 quaestionibus
3761 3942 4268 4020 coniuratorum,
4289 3946 4346 4020 ²)

2391 4034 2459 4089 et
2511 4023 2703 4107 plane
2762 4025 2830 4089 in
2887 4024 3011 4091 hac
3051 4034 3192 4091 tota
3234 4045 3431 4093 causa
3474 4026 3642 4091 nihil
3686 4029 3829 4091 fieri
3871 4027 3999 4091 nisi
4044 4028 4182 4091 eius
4228 4048 4345 4092 au-

2391 4112 2671 4176 toritate.
2742 4110 2937 4192 Quod
2981 4120 3058 4176 ut
3091 4132 3212 4197 ego
3249 4113 3363 4177 vix
3400 4113 3615 4188 credo,
3649 4113 3747 4177 ita
3790 4122 3945 4178 sunt
3984 4114 4094 4196 qui
4118 4123 4344 4178 sancte

2392 4218 2626 4261 verum
2672 4217 2816 4262 esse
2861 4198 3210 4263 affirment.

2578 4281 2830 4347 Virdus
2888 4283 3233 4349 Genevam
3286 4285 3615 4367 profectus
3670 4293 3769 4349 est
3792 4287 3846 4358 ⁸)
3913 4295 3978 4348 et
4041 4283 4131 4348 ibi
4194 4302 4344 4348 con-

2390 4370 2692 4434 cionatus
2744 4371 3095 4450 pessimam
3159 4370 3351 4435 inivit
3415 4369 3586 4454 apud
3656 4379 3979 4435 nostrates
4039 4370 4337 4453 gratiam.

2391 4659 2582 4714 2268.
2605 4661 2663 4726 1)
2700 4661 2748 4714 le
2781 4676 2838 4714 e.-
2874 4665 2930 4713 te
2965 4676 3079 4714 suo.
3311 4723 3314 4726 Ἴ

2391 4729 2581 4783 2268.
2602 4728 2663 4794 1)
2747 4734 2941 4784 enatus
2980 4729 3311 4784 Genevensis

2390 4800 2474 4864 tit,
2519 4798 2788 4866 pom-‘die
2822 4797 2972 4854 Non.
3022 4798 3126 4854 Ρλ.
3164 4798 3302 4854 Bert
3349 4801 3521 4853 mun·
3570 4805 3620 4881 ᾳ
3666 4795 3723 4851 J.
3759 4797 3837 4879 Β..
3871 4796 4092 4879 Βορέαν)
4138 4800 4340 4921 capim

2389 4867 3234 5016 mffleqrdtioVaBerngaeicgq
3261 4867 3870 5005 agpugmNzlzgzlxomz
3907 4867 4132 5001 ῗέῖῗὲξε
4182 4882 4344 5018 'aaz

2389 5006 2575 5060 vando
2632 5007 2905 5061 Genavam
2952 5006 3323 5074 proficiscitur
3375 5004 3625 5072 (Rachet
3661 5004 3757 5058 VI.
3799 5002 3917 5057 141.
3970 5001 4115 5072 182),
4165 5021 4338 5060 anum

2391 5090 2517 5129 vero
2552 5075 2671 5128 utri
2842 5075 3061 5128 minime
3094 5073 3171 5128 ad
3204 5073 3554 5128 concordia-⁸
3587 5073 3857 5141 dispositi.

2597 5143 2654 5209 2)
2748 5145 2919 5198 irem
2963 5145 3082 5211 ipse
3121 5142 3331 5207 fatetur
3371 5159 3417 5197 c.
3458 5142 3684 5196 Calvino
3728 5158 3785 5195 ae
3832 5140 4124 5196 Claudium
4165 5140 4336 5196 Gene-

2388 5227 2600 5266 vmem
2633 5214 2696 5266 in
2731 5227 2946 5267 carme
2980 5211 3234 5266 υίεᾱαεεε
3254 5210 3363 5280 (N.
3383 5209 3551 5278 2247)
3588 5211 3684 5265 sed
3716 5209 3783 5264 de
3818 5211 4047 5265 torturis
4077 5211 4161 5267 ibi
4179 5211 4335 5266 siha.

2394 5280 2480 5347 G'f.
2517 5282 2678 5336 mam
2715 5281 3028 5349 Bulzeoqon·
3129 5319 3141 5334 .
3173 5278 3257 5334 28.
3297 5279 3442 5348 Sept.

2595 5349 2655 5416 3)
2693 5351 2790 5405 ubi
2815 5365 2918 5419 per
2952 5296 3097 5404 aaa}
3097 5363 3229 5403 uum
3263 5354 3625 5404 commoratus
3659 5354 3740 5404 est
3771 5347 3874 5416 (N.
3909 5346 4087 5416 2247).

3426 4729 3487 4784 ’ὦ
3513 4728 3662 4784 Non.
3701 4728 3907 4798 legatos
3940 4728 4184 4784 Bonum
4218 4730 4337 4784 mit-
