4850 6200
504 421 627 483 287

505 606 581 672 de
640 613 857 673 sancta
940 603 1141 672 Coena
1203 606 1498 682 Domini,
1575 605 1878 672 adversus
1950 606 2447 689 intempestivam

508 690 812 758 Ioachimi
906 690 993 757 W
1112 690 1248 757 hali
1320 692 1713 776 fan-affinem
1774 694 2036 758 assertio
2096 691 2447 759 christiana

499 783 716 844 metm
758 777 995 843 Ioanne
1155 778 1299 843 vino
1353 779 1645 843 ministro
1687 776 2004 845 Ecclesiae
2052 777 2443 844 Genevensis.

672 863 813 927 Ista
854 868 1024 940 sunt,
1069 863 1462 930 venerabilis
1503 872 1571 929 et
1613 860 1847 929 dilecte
1888 866 2107 942 frater,
2165 883 2330 946 quae
2371 863 2447 926 in

503 949 920 1031 responsione
963 961 1187 1014 nostra
1230 950 1335 1014 vel
1378 947 1602 1015 addita
1623 949 1728 1015 vel
1751 948 2009 1016 sublata
2044 958 2161 1016 aut
2194 958 2448 1014 mutata

503 1043 818 1118 optamus.
873 1031 948 1099 Si
980 1032 1221 1099 videris
1249 1055 1368 1101 nos
1396 1056 1531 1100 non
1556 1034 2007 1119 imprudenter
2033 1036 2448 1101 admonuisse

499 1132 569 1185 te
589 1121 882 1199 istorum,
927 1140 1050 1204 age
1076 1120 1382 1203 impende
1406 1132 1470 1185 te
1504 1121 1692 1188 nobis
1716 1121 2051 1201 hactenus,
2086 1142 2161 1188 ac
2202 1121 2447 1187 librum

745 1206 904 1270 ‘tum
948 1207 1247 1272 remittas
1290 1215 1566 1284 mature,
1612 1228 1894 1285 oramus,
1939 1218 2014 1273 ut
2055 1207 2337 1273 eundem
2381 1217 2449 1273 et

501 1291 646 1359 aliis
690 1290 1115 1357 exhibeamus
1157 1291 1468 1358 fratribus
1504 1300 1573 1357 et
1616 1293 1937 1377 principio
1982 1292 2245 1376 quidem
2280 1294 2447 1358 Ber·

496 1377 762 1443 natibus
795 1376 1031 1443 deinde
1063 1377 1336 1443 Rhaetis
1379 1389 1445 1444 et
1464 1377 1937 1446 Basiliensibus
1980 1388 2206 1463 postea
2249 1380 2447 1445 etiam

498 1463 645 1529 aliis
686 1484 762 1529 ac
803 1466 897 1528 ita
940 1463 1207 1529 editioni
1255 1484 1731 1547 praeparemus.
1822 1465 1948 1531 Sin
2005 1465 2183 1530 aliud
2226 1466 2447 1531 visum

496 1549 698 1615 fuerit
748 1559 899 1615 tuae
956 1550 1212 1615 caritati
1268 1560 1336 1614 et
1388 1549 1552 1614 illud
1608 1551 1824 1633 ipsum
1869 1571 2122 1634 quoque
2168 1549 2448 1615 libenter

502 1655 588 1702 ex
631 1644 698 1699 te
741 1632 1101 1700 audiemus.
1175 1634 1354 1713 Vale,
1403 1635 1781 1701 honorande
1824 1645 1892 1701 et
1935 1636 2270 1702 carissime
2314 1638 2445 1702 fra-

502 1728 622 1797 ter,
671 1722 993 1785 Dominus
1037 1720 1379 1788 benedicat
1421 1722 1535 1787 tibi
1582 1733 1650 1786 et
1692 1722 2077 1807 symmystis
2116 1724 2265 1789 tuis.
2332 1723 2445 1788 'Pi-

501 1807 651 1889 guri
696 1810 795 1870 24.
843 1805 1146 1873 Octobris
1190 1828 1360 1873 anno
1413 1813 1592 1872 1554.

955 1942 1260 2008 Pastores
1305 1956 1372 2010 et
1415 1944 1686 2010 lectores
1729 1964 2062 2012 sacrarum
2106 1947 2447 2012 literarum

956 2027 1233 2093 ministri
1295 2030 1605 2096 ecclesiae
1649 2031 2005 2131 Tigurinae
2049 2033 2145 2098 tui
2189 2054 2447 2117 semper

1501 2138 1582 2182 ex
1628 2138 1863 2182 ammo.

670 2507 998 2588 Quoniam
1055 2531 1212 2575 vero
1261 2510 1655 2577 Tabularum
1715 2514 2114 2581 mentionem
2171 2514 2443 2581 fecimus

498 2596 823 2675 specimen
869 2617 1092 2661 earum
1139 2618 1312 2661 nunc
1358 2598 1471 2662 tibi
1518 2599 1924 2665 exhibemus.

1296 2784 1545 2853 Tabula
1588 2786 1642 2853 I.

1133 2923 1234 2987 De
1269 2944 1442 3002 panc
1483 2925 1809 2991 dominico.

667 3042 758 3106 M.
777 3042 867 3108 ²⁶]
954 3040 1393 3109 Vescentibus
1457 3052 1677 3109 autem
1743 3046 1866 3126 eis,
1945 3048 2193 3131 aceepit
2255 3046 2445 3115 Iesus

540 3147 732 3191 anem
788 3128 919 3211 (καὶ
970 3125 1418 3212 temptatione)
1479 3138 1547 3194 et
1602 3152 1802 3213 quum
1871 3133 2114 3217 egisset
2176 3135 2442 3219 gratias,

493 3148 699 3297 aegit
741 3212 1044 3295 deditque
1089 3212 1422 3297 discipulis
1471 3229 1538 3279 et
1579 3216 1701 3281 ait:
1758 3218 2083 3302 Accipite,
2129 3220 2445 3287 comedite

495 3295 622 3364 hoc
660 3305 761 3362 est
802 3319 1035 3382 corpus
1078 3321 1316 3367 meum.

665 3384 747 3448 R.
835 3385 927 3450 Et
996 3384 1338 3451 edentibus
1431 3385 1589 3466 illis,
1671 3396 1931 3474 sumpto
2008 3390 2197 3457 Iesus
2274 3413 2443 3476 pane

494 3467 876 3552 (ἀλογήσας)
931 3491 1133 3553 quum
1189 3469 1656 3552 benedixisset,
1723 3476 1918 3559 fregit
1969 3487 2035 3543 et
2090 3477 2270 3543 dedit
2312 3478 2443 3546 illis

495 3575 573 3623 ac
616 3553 814 3621 dixit:
881 3556 1174 3640 Accipite
1217 3558 1533 3624 comedite
1550 3611 1566 3637 ‚
1611 3559 1735 3626 hoc
1777 3570 1878 3627 est
1920 3583 2156 3647 corpus
2200 3587 2440 3630 meum.

664 3642 744 3707 L.
831 3642 925 3707 Et
967 3652 1228 3727 accepto
1270 3665 1444 3727 pane
1503 3666 1702 3729 quum
1746 3649 1995 3732 gratias
2037 3650 2277 3735 egisset
2319 3649 2440 3728 (εὖ-

490 3726 889 3810 χαριστῆσας)
934 3728 1130 3813 fregit
1177 3739 1244 3794 et
1289 3731 1468 3797 dedit
1511 3732 1605 3798 eis
1650 3727 1903 3799 dicens:
1967 3735 2112 3800 Hoc
2155 3750 2255 3802 est
2297 3757 2440 3804 cor-

493 3831 619 3896 pus
657 3832 878 3879 meum
920 3814 1088 3898 quod
1133 3836 1250 3899 pro
1294 3818 1480 3884 vobis
1523 3817 1731 3884 datur.
1800 3819 1945 3887 Hoc
1980 3821 2171 3888 facite
2203 3824 2276 3887 in
2310 3825 2444 3889 mei

495 3897 1031 3966 recordationem.

667 3983 732 4049 P.
823 3984 1153 4052 Dominus
1211 3987 1399 4054 Iesus
1457 3991 1528 4054 in
1588 4011 1668 4056 ea
1728 4001 1921 4058 nocte
1985 4014 2115 4076 qua
2158 3994 2441 4060 traditus

491 4076 597 4137 ost
638 4072 886 4153 accepit
929 4093 1164 4156 panem
1222 4075 1354 4158 (καὶ
1395 4074 1853 4161 εὐχαριστήσας)
1908 4092 1978 4144 et
2032 4101 2231 4162 quum
2289 4103 2441 4166 gra·

487 4155 619 4221 tias
653 4158 911 4240 egisset,
946 4159 1142 4242 fregit
1175 4182 1251 4227 ac
1286 4158 1481 4226 dixit:
1520 4164 1814 4247 Accipite
1849 4163 2037 4245 edite,
2074 4165 2196 4232 hoc
2215 4188 2440 4233 meum

491 4250 594 4307 est
647 4261 914 4326 corpus,
982 4246 1153 4327 quod
1207 4267 1327 4329 pro
1381 4246 1564 4314 vobis
1621 4248 1963 4334 frangitur.
2055 4251 2200 4318 Hoc
2242 4252 2438 4320 facite

490 4326 560 4393 in
606 4329 732 4392 mei
778 4328 1309 4397 recordationem.

1103 4501 1200 4568 De
1230 4504 1453 4584 poculo
1493 4505 1820 4572 dominico.

660 4620 752 4685 M
834 4620 925 4686 Et
967 4630 1230 4706 accepto
1282 4625 1514 4708 poculo
1566 4627 1797 4711 gratiis
1854 4629 2016 4696 actis
2072 4629 2253 4696 dedit
2307 4630 2439 4698 illis

492 4704 740 4772 dicens:
788 4706 1009 4773 Bibite
1051 4728 1133 4773 ex
1179 4709 1302 4775 hoc
1343 4730 1600 4777 omnes:
1649 4712 1756 4779 hic
1798 4724 1903 4779 est
1945 4716 2121 4782 enim
2164 4717 2439 4802 sanguis

491 4810 699 4868 meus,
742 4792 854 4874 qui
876 4805 981 4858 est
1021 4795 1176 4862 novi
1221 4800 1615 4877 testamenti,
1661 4800 1772 4882 qui
1806 4821 1928 4883 pro
1962 4803 2188 4870 multis
2220 4805 2426 4870 effun-

493 4873 675 4942 ditur
735 4879 804 4943 in
871 4880 1316 4947 remissionem
1581 4893 1814 4950 torum.
1913 4888 2148 4955 Dicam
2215 4898 2437 4956 autem

491 4960 696 5040 vobis,
734 4984 860 5029 non
906 4965 1126 5032 bibam
1169 4968 1438 5050 posthac
1480 4991 1564 5036 ex
1609 4971 1730 5038 hoc
1770 4973 1987 5040 fructu
2010 4976 2187 5053 vitis,
2232 4997 2436 5059 usque

662 5249 757 5332 26)
789 5253 910 5333 ‘Vix
942 5273 1082 5325 opus
1117 5266 1195 5314 est
1228 5266 1288 5315 ut
1321 5268 1370 5316 te
1390 5278 1704 5318 muamus
1727 5264 1859 5319 haec
1892 5264 2214 5332 compendia
2246 5266 2431 5322 litera·

492 5333 617 5375 nm
651 5321 962 5390 menficare
995 5325 1343 5392 Matthaeum,
1381 5331 1635 5397 Marcum,
1673 5331 1876 5387 Lucam
1908 5339 1963 5388 et
1997 5334 2236 5388 Paulum.

2005 414 2526 484 EPIS'POLAE
2574 418 2996 482 2034—2035

4365 418 4494 483 288

2546 604 2618 669 in
2663 604 2835 670 diem
2879 604 3088 681 illum,
3131 624 3335 687 quum
3376 602 3544 669 illud
3598 604 3819 671 bibam
3864 605 4201 672 vobiscum
4246 625 4496 673 novum

2548 692 2621 755 in
2664 711 2869 775 regno
2910 691 3118 774 patris
3158 690 3303 755 mei.

2720 776 2804 840 R.
2892 776 2984 842 Et
3039 790 3299 860 accepto
3365 775 3596 860 poculo
3659 796 3861 859 quum
3926 778 4170 860 gratias
4218 777 4495 863 egisset,

2550 860 2732 927 dedit
2778 861 2911 927 illis
2969 869 3036 928 et
3091 862 3401 928 biberunt
3453 883 3538 928 ex
3593 883 3671 927 eo
3727 882 3952 927 omnes
4008 870 4075 927 et
4117 861 4286 929 dixit
4325 863 4493 931 inis:

2548 946 2680 1014 Hic
2722 957 2823 1013 est
2864 947 3134 1032 sanguis
3175 968 3360 1013 meus
3403 949 3555 1013 novi
3593 948 3967 1013 testamenti
4009 949 4119 1031 qui
4164 970 4283 1033 pro
4324 949 4495 1016 mul-

2546 1033 2635 1100 tis
2676 1033 3054 1099 effunditur.
3125 1036 3329 1099 Amen
3372 1033 3515 1099 dico
3560 1035 3742 1101 vobis
3784 1034 4058 1117 posthac
4099 1056 4232 1101 non
4275 1036 4495 1103 bibam

2550 1118 2630 1184 de
2671 1118 2890 1185 fructu
2934 1117 3087 1185 vitis
3132 1141 3333 1202 usque
3375 1119 3458 1185 ad
3502 1118 3675 1186 diem
3719 1120 3904 1185 illum
3947 1142 4148 1204 quum
4190 1120 4354 1187 illud
4397 1122 4493 1188 bi·

2549 1205 2703 1271 bero
2748 1226 2995 1271 novum
3038 1207 3110 1269 in
3154 1225 3357 1289 regno
3402 1206 3547 1270 Dei.
4392 1216 4399 1223 ’

2718 1291 2799 1356 L.
2888 1290 3211 1357 Similiter
3278 1303 3343 1355 et
3414 1292 3719 1375 poculum
3783 1299 4128 1375 postquam
4192 1294 4495 1360 coenavit

2550 1375 2806 1443 dicens:
2872 1377 3018 1444 Hoc
3078 1377 3386 1461 poculum
3432 1398 3674 1477 novum
3721 1386 4184 1477 testamentum
4228 1379 4299 1443 in
4342 1400 4497 1445 san-

2549 1464 4131 1633 gmn{megin‘rililiteli-roegozigcglffiugdlp'dgtquam
4196 1554 4499 1651 coenarit

2551 1632 2802 1699 dicens:
2896 1634 3036 1701 Hoc
3095 1636 3399 1719 poculum
3469 1657 3715 1700 novum
3761 1646 4226 1701 testamentum
4280 1646 4380 1704 est
4425 1661 4499 1703 ιιι

2552 1741 2696 1785 meo
2740 1721 3086 1803 sanguine:
3135 1721 3258 1786 hoc
3300 1720 3493 1787 facite
3537 1722 4047 1804 quotiescunque
4088 1720 4383 1791 biberitis
4426 1725 4500 1790 in

2549 1808 2676 1872 mei
2722 1808 3417 1872 commemorationem.

2550 2010 2654 2078 De
2696 2032 2845 2075 vera
2886 2011 3356 2077 manducatione
3398 2014 3673 2093 corporis
3729 2020 3786 2078 et
3838 2016 4170 2098 sanquinis
4217 2013 4498 2081 Domini.

2721 2147 2791 2213 S.
2885 2148 3298 2231 Augustinus
3369 2148 3451 2214 de
3518 2151 3859 2216 Consensu
3918 2151 4497 2237 Evangelistarum

2548 2232 2694 2299 Lib.
2743 2238 2779 2297 3
2825 2255 2878 2299 c.
2928 2240 2979 2297 1.
3071 2234 3352 2300 Ioannes
3407 2235 3487 2300 de
3543 2257 3811 2319 corpore
3864 2245 3934 2302 et
3991 2240 4313 2321 sanguine
4357 2238 4497 2305 Do-

2547 2320 2710 2384 mini
2772 2319 2893 2385 hoc
2953 2320 3093 2384 loco
3150 2321 3317 2385 nihil
3372 2321 3574 2399 dixit,
3649 2320 3763 2387 sed
3820 2322 4013 2406 plane
4070 2324 4229 2389 alibi
4283 2324 4496 2392 multo

2548 2405 2810 2470 uberius
2855 2406 3009 2471 hinc
3055 2407 3414 2472 Dominum
3456 2408 3800 2490 loquutum
3842 2430 3985 2475 esse
4026 2418 4325 2476 testatur.
4413 2411 4498 2477 Id

2545 2491 2701 2641 ililibi
2762 2492 2903 2573 ipse
2968 2492 3271 2576 exposuit
3334 2494 3401 2558 in
3470 2492 3615 2558 aliis
3679 2494 3819 2560 suis
3882 2496 4144 2579 scriptis
4209 2495 4289 2561 de
4353 2518 4494 2580 cap.

2583 2578 2817 2643 oannis
2863 2582 2919 2643 6.

2717 2663 2946 2728 Ioann.
2996 2662 3192 2728 Dixit
3234 2665 3449 2730 Iesus:
3496 2665 3638 2749 Ego
3682 2688 3826 2732 sum
3881 2668 4074 2748 panis
4116 2669 4321 2747 vitae,
4381 2669 4497 2751 qui

2550 2751 2729 2814 venit
2773 2749 2856 2815 ad
2911 2770 3015 2814 me
3074 2769 3207 2815 non
3264 2752 3507 2816 esuriet
3560 2762 3627 2817 et
3678 2754 3788 2835 qui
3842 2753 4051 2818 credit
4098 2755 4170 2818 in
4213 2775 4319 2820 me
4360 2774 4499 2819 non

2547 2836 2724 2901 sitiet
2768 2857 3076 2919 unquam.
3165 2839 3386 2902 Amen
3429 2837 3570 2903 dico
3614 2839 3815 2919 vobis,
3873 2839 3983 2921 qni
4027 2839 4235 2905 credit
4275 2841 4345 2905 in
4388 2861 4497 2906 me

2546 2920 2746 2987 habet
2788 2922 2997 2987 vitam
3040 2930 3392 2988 aeternam.
3482 2922 3616 3004 Qui
3658 2926 3835 2989 enim
3889 2924 4025 2990 edit
4080 2946 4293 2992 meam
4349 2946 4495 2992 car-

2549 3027 2697 3072 nem
2742 3015 2808 3072 et
2851 3006 3012 3073 bibit
3065 3029 3284 3074 meum
3342 3011 3732 3093 sanguinem
3790 3011 3989 3076 habet
4034 3012 4237 3078 vitam
4284 3024 4496 3078 aeter-

2547 3114 2700 3157 nam
2743 3105 2810 3159 et
2852 3114 2974 3178 ego
3032 3095 3361 3162 suscitabo
3404 3117 3556 3160 eum
3597 3098 3670 3162 in
3715 3097 4067 3163 novissimo
4108 3096 4232 3166 die.
4318 3098 4497 3165 Caro

2546 3178 2725 3243 enim
2766 3201 2913 3244 mea
2960 3199 3111 3245 vere
3154 3191 3255 3245 est
3297 3181 3483 3247 cibus
3525 3193 3594 3247 et
3647 3184 3918 3268 sanguis
3971 3204 4154 3250 meus
4193 3206 4349 3251 vere
4390 3191 4497 3251 est

2548 3273 2775 3347 potus,
2831 3265 2941 3347 qui
2997 3265 3134 3330 edit
3184 3286 3401 3331 meam
3456 3287 3717 3335 carnem
3764 3281 3831 3334 et
3874 3270 4037 3336 bibit
4076 3291 4297 3336 meum
4339 3292 4494 3337 san-

2548 3349 2814 3433 guinem
2870 3351 2942 3414 in
2997 3373 3102 3416 me
3157 3364 3382 3418 manet
3435 3365 3502 3419 et
3557 3375 3680 3439 ego
3722 3356 3793 3420 in
3838 3356 3965 3422 illo.
4053 3355 4346 3441 Spiritus
4389 3367 4498 3422 est

2547 3436 2659 3519 qui
2730 3436 3022 3502 vivificat
3092 3456 3242 3503 caro
3306 3459 3437 3504 non
3506 3450 3723 3523 potest
3786 3441 4157 3526 quidquam.
4268 3442 4496 3509 Verba

2546 3542 2712 3605 quae
2747 3542 2868 3605 ego
2904 3523 3130 3606 loquor
3163 3522 3351 3590 vobis
3392 3526 3664 3609 spiritus
3696 3537 3764 3592 et
3786 3529 3920 3592 vita
3953 3536 4127 3594 sunt.
4173 3529 4402 3596 Ioann.
4429 3532 4492 3596 6.

2716 3608 2923 3674 Porro
2967 3609 3021 3675 si
3068 3609 3279 3691 placet
3320 3610 3427 3678 hic
3463 3613 3666 3679 Archi
3752 3615 3823 3678 ni
3859 3623 4082 3680 nostro
4120 3615 4493 3698 Wesmhalo,

2545 3693 2904 3761 fabricetur
2959 3706 3027 3760 et
3089 3716 3173 3761 ex
3233 3696 3357 3764 hac
3399 3698 3677 3783 Evange
3707 3700 3977 3765 'starum
4035 3707 4102 3765 et
4147 3702 4497 3784 Apostolo-

2545 3800 2694 3844 rum
2722 3782 2997 3846 materia
3039 3781 3256 3861 chaos,
3300 3791 3377 3848 ut
3410 3794 3622 3861 vocat,
3658 3786 4213 3870 inexplicabilium
4247 3796 4316 3853 et
4348 3809 4495 3855 sese

2545 3863 2992 3932 collidentium
3107 3868 3485 3950 opinionum
3604 3871 4224 3958 dissensionumque.
4344 3873 4497 3941 Hoc

2545 3950 2807 4035 quidem
2850 3974 2926 4018 eo
2968 3953 3113 4019 iure
3155 3956 3410 4037 poterit,
3452 3977 3577 4040 quo
3611 3969 3981 4023 nostrorum
4027 3959 4388 4026 sententias
4423 3970 4497 4028 et

2544 4038 2986 4121 expositiones
3039 4040 3110 4104 in
3164 4051 3500 4107 certamen
3557 4054 3624 4109 et
3663 4061 3918 4128 pugnas
3959 4043 4288 4128 produxit,
4345 4047 4495 4112 iure

2543 4124 2787 4189 scilicet
2852 4124 3232 4191 calumniae.
3317 4127 3564 4212 Ingens
3629 4141 3731 4194 est
3794 4130 3972 4194 enim
4027 4130 4491 4199 dissimilitudo

2542 4211 2613 4274 in
2658 4210 2876 4276 verbis
2920 4211 3387 4294 Apostolorum
3430 4223 3498 4278 et
3530 4215 4107 4299 Evangelistarum
4151 4217 4231 4282 de
4266 4219 4493 4284 Coena

2542 4294 2847 4374 Domini,
2907 4295 3065 4361 dum
3111 4297 3218 4363 hic
3261 4298 3445 4383 plus,
3503 4299 3614 4365 ille
3658 4303 3876 4367 minus
3915 4300 4133 4380 habet,
4176 4302 4335 4368 dum
4375 4302 4493 4370 hic

2541 4380 2671 4446 illis
2715 4381 2882 4448 alius
2927 4383 3074 4448 aliis
3117 4384 3326 4450 utitur
3367 4386 3601 4466 verbis,
3645 4386 3798 4452 dum
3860 4387 3966 4453 hic
4009 4387 4228 4472 aliqua
4278 4390 4487 4473 ponit,

2540 4466 2707 4534 alius
2745 4469 2988 4533 omittit
3023 4479 3145 4535 etc.

2714 4553 3091 4621 Matthaeus
3149 4562 3216 4620 et
3272 4556 3490 4623 Lucas
3547 4567 3616 4623 et
3656 4558 3904 4624 Paulus
3958 4558 4211 4626 dicunt:
4278 4561 4491 4643 Qucum

2539 4639 2760 4721 epi-sset
2811 4640 3079 4724 gratias.
3177 4640 3370 4708 Unus
3426 4642 3693 4710 Marcus
3749 4644 3973 4722 habet,
4051 4646 4257 4728 Qum
4308 4646 4491 4714 bene-

2538 4725 2818 4791 dixisset.
2921 4725 3143 4792 Lucas
3214 4726 3449 4793 deinde
3500 4728 3650 4811 plus
3706 4729 4014 4812 quiddam
4072 4731 4233 4799 dicit
4284 4754 4491 4818 quam

2539 4808 2919 4878 Matthaeus
2968 4819 3037 4876 et
3069 4812 3353 4891 Marcus,
3403 4813 3740 4897 explicans
3781 4816 3968 4899 quale
4011 4838 4245 4901 corpus
4286 4819 4489 4886 intel-

2539 4896 2702 4961 lexit
2753 4897 3081 4963 Dominus
3138 4898 3387 4965 dicens:
3465 4899 3642 4981 Quod
3684 4922 3809 4983 pro
3868 4902 4040 4969 vobis
4092 4903 4297 4971 datur.
4400 4903 4491 4972 Id

2538 4981 2728 5048 aliter
2770 4983 2961 5048 effert
2980 4983 3263 5050 Paulus:
3317 4985 3492 5066 Quod
3520 5005 3647 5069 pro
3687 4987 3858 5052 vobis
3888 4988 4227 5074 franyitar.
4291 4988 4487 5056 Idem

2538 5066 2722 5133 addit
2765 5070 2935 5136 sicut
2976 5069 3196 5135 Lucas
3239 5071 3469 5135 etiam:
3530 5071 3663 5138 Hoc
3698 5073 3887 5154 facite
3925 5074 3997 5139 in
4037 5076 4162 5141 mci
4198 5078 4491 5144 recorda-

2535 5154 2790 5234 tionem,
2872 5174 3000 5240 quo
3079 5157 3324 5237 priores
3403 5155 3531 5221 duo
3608 5167 3849 5225 carent.
3971 5158 4159 5226 Idem
4226 5183 4488 5250 quoque

2538 5239 2807 5320 Paulus,
2854 5249 3186 5326 utcunque
3226 5241 3500 5307 invertit
3543 5241 3837 5310 ordinem
3866 5245 4210 5313 verborum
4252 5249 4485 5316 solem·

2538 5326 2724 5391 nium
2759 5347 2924 5411 quae
2960 5338 3201 5393 vocant
3242 5330 3756 5396 consecrationis.
3822 5330 3959 5397 Alii
4000 5334 4177 5399 enim
4220 5332 4483 5402 dicunt:
