4850 6200
475 419 602 483 411

481 622 710 671 vereor
767 622 852 668 ne
904 600 1192 686 eollegae
1243 597 1516 665 morbus
1565 617 1672 665 me
1715 597 1826 668 hio
1879 595 1994 664 diu
2049 595 2426 665 eonelusum

477 696 715 757 teneat.

652 774 732 840 Si
772 770 931 858 quid
973 792 1225 857 possem
1253 768 1512 836 Calvino
1543 768 1853 854 opitulari
1876 789 2011 835 non
2032 766 2341 835 deessem.
2367 771 2426 843 ⁸)

481 858 707 943 Quum
751 858 1134 925 intellexero
1171 864 1456 923 nostram
1500 855 1786 939 aliquam
1845 854 2088 938 requiri
2143 872 2425 939 operam,

679 946 827 1012 tabo
869 942 1041 1029 quod
1085 944 1154 1009 in
1200 962 1306 1008 me
1349 942 1478 1007 erit
1540 962 1616 1008 ae
1672 951 1737 1007 te
1794 939 1988 1007 simul
2048 938 2428 1006 admonebo,

487 964 827 1098 nihildum
871 1027 1092 1096 audivi
1137 1026 1218 1094 de
1252 1030 1434 1093 exitu
1478 1047 1714 1093 eausae
1738 1026 1971 1111 Angeli
2014 1036 2083 1092 et
2107 1025 2425 1104 Zebedaei,

485 1137 608 1183 nee
651 1118 784 1183 seio
828 1138 909 1182 an
957 1115 1180 1181 Berua
1223 1114 1554 1179 redierint.
1575 1117 1631 1191 ⁴)
1703 1112 1899 1178 Mitto
1943 1110 2026 1176 ad
2065 1121 2129 1177 te
2179 1109 2429 1179 Calvini

483 1202 710 1269 literas
735 1206 788 1283 ⁸)
832 1222 915 1267 ex
957 1199 1195 1285 quibus
1216 1219 1568 1285 cognosces
1593 1197 1839 1281 aliquid
1885 1197 1966 1262 de
2009 1217 2209 1265 eausa
2247 1195 2425 1262 Zebe-

617 1290 647 1353 '.
763 1286 1167 1355 Sebastiam
1227 1285 1338 1351 ille
1402 1284 1483 1350 de
1546 1304 1675 1368 quo
1732 1284 2029 1367 queritur
2083 1304 2217 1349 una
2279 1304 2427 1350 eum

491 1372 804 1441 zebedaeo
865 1384 932 1439 et
987 1370 1226 1456 Anyelo
1289 1371 1580 1437 Bernam
1636 1378 1903 1435 voeatus
1966 1379 2084 1435 est.
2182 1368 2429 1434 Audivi

485 1458 799 1545 Anyelum
885 1478 1096 1541 nuper
1183 1460 1249 1523 in
1333 1456 1592 1539 publieo
1675 1455 1977 1522 eonvivio
2053 1456 2125 1521 in
2203 1476 2433 1520 mensa

488 1544 810 1613 Smarozei
844 1544 1153 1611 Perruaei
1176 1548 1230 1621 ⁶)
1273 1541 1477 1608 multa
1510 1541 1926 1624 impudenter
1959 1542 2325 1607 evomuisse
2360 1541 2431 1605 in

489 1628 840 1705 calvinum,
884 1630 1045 1696 adeo
1089 1643 1162 1693 ut
1204 1628 1498 1695 eonvivis
1533 1626 1727 1693 valde
1770 1626 1972 1692 fuerit
2006 1627 2321 1692 molestus
2364 1636 2432 1690 et

487 1736 828 1802 repressus
884 1715 1174 1799 graviter
1234 1736 1272 1779 a
1317 1712 1640 1779 Senardeo
1691 1715 2110 1780 convivatore
2168 1733 2428 1778 oausam

487 1801 875 1869 defendente
901 1800 1168 1867 Caluini.
1229 1798 1554 1865 Dominus
1578 1798 1691 1865 det
1724 1800 2122 1882 prineipibus
2144 1798 2431 1883 pruden-

487 1889 652 1955 tiam
716 1900 782 1952 et
845 1887 1231 1970 sapientiam
1297 1886 1586 1970 spiritus,
1655 1906 1783 1968 qua
1851 1896 2025 1951 reete
2089 1884 2435 1952 eonsulant

489 1973 816 2041 ecelesiae.

663 2060 934 2125 Fratres
1003 2072 1067 2123 te
1123 2076 1352 2122 omnes
1411 2056 1719 2123 salutant.
1834 2055 2098 2122 Salutat
2154 2077 2320 2120 uxor
2369 2066 2435 2122 et

485 2152 628 2211 iota
682 2144 945 2211 familia.
1061 2142 1342 2209 Multam
1399 2142 1678 2207 salutem
1751 2163 1977 2225 preeor
2030 2141 2313 2227 collegae
2370 2153 2437 2208 et

487 2230 927 2297 Dommarcino
971 2243 1037 2295 et
1079 2230 1304 2295 amieis
1348 2229 1670 2294 omnibus.

665 2318 768 2383 Ex
813 2338 939 2400 quo
983 2314 1101 2381 has
1143 2314 1225 2380 ad
1273 2325 1337 2379 te
1381 2314 1611 2397 seripsi
1662 2313 1839 2381 Beea
1886 2314 2223 2381 Genevam
2285 2334 2434 2397 pro·

487 2401 700 2469 foetus
745 2413 861 2467 est.
919 2402 1136 2467 Causa
1158 2400 1702 2484 peregrinationis
1737 2400 1861 2465 fuit
1903 2398 2073 2484 quod
2106 2399 2437 2466 intellexit

488 2508 561 2554 se
605 2489 861 2554 Bernae
905 2486 1190 2553 delatum
1234 2486 1402 2569 quod
1446 2484 1686 2551 librum
1718 2487 2049 2569 scripserit
2091 2486 2171 2551 de
2216 2507 2437 2551 amore

488 2575 859 2649 mulierum,
904 2573 1252 2639 eoniieiens
1299 2572 1418 2637 hoe
1479 2572 1844 2655 profeotum
1892 2594 1976 2636 ex
2013 2572 2311 2639 Zebedaei
2369 2580 2438 2637 et

490 2662 806 2728 sociorum
854 2658 1218 2735 calumniis,
1266 2679 1540 2741 quarum
1585 2659 1988 2724 occasionem
2017 2660 2439 2742 arripuerunt

487 2765 568 2813 ex
616 2744 778 2811 libro
826 2744 1207 2829 Elegiarum
1251 2753 1319 2808 et
1354 2744 1924 2827 Epigrammatum
1972 2766 2135 2828 quae
2178 2744 2438 2811 iuvenis

485 2830 661 2909 lusit,
710 2832 777 2896 in
824 2829 1056 2914 quibus
1099 2829 1420 2913 quaedam
1466 2829 1806 2895 laseiviora
1849 2842 2006 2896 sunt
2063 2830 2146 2895 ad
2192 2830 2437 2895 Catulli

487 2916 942 2984 imitationem.
968 2916 1022 3001 ⁷)
1124 2912 1258 2980 Sed
1318 2914 1503 2981 faeile
1568 2915 1727 2982 haee
1772 2915 2137 2982 diluentur:
2195 2917 2437 2981 ealum-

487 3005 653 3083 niae,
700 3013 775 3068 ut
823 3021 1031 3086 spero,
1084 3010 1150 3065 et
1193 2999 1740 3067 ealumniatorum
1783 3001 2167 3085 improbitas
2225 3002 2438 3087 magis

485 3092 769 3176 patefiet.
893 3086 1096 3153 Vides
1173 3107 1302 3170 quo
1379 3086 1514 3152 sint
1578 3087 1816 3155 affeetu
1887 3110 2019 3153 non
2098 3088 2305 3155 solum
2363 3090 2434 3153 in

493 3175 829 3247 Calvinum
893 3173 1007 3238 sed
1051 3183 1118 3237 et
1180 3193 1299 3237 nos
1363 3192 1606 3238 omnes.
1697 3175 1945 3239 Mirum
2012 3175 2138 3239 erit
2213 3175 2269 3241 si
2314 3196 2350 3241 e
2396 3197 2435 3240 o

487 3258 1241 3428 ammaus?
1286 3259 2024 3412 &atzmu
2054 3198 2438 3414 ¹:3³3.wa

490 3437 557 3499 te
601 3431 785 3498 nolui
831 3431 1148 3516 ignorare.
1210 3428 1397 3496 Vale.
1454 3430 1849 3497 Lausannae
1887 3435 1987 3498 28.
2012 3433 2308 3499 Ianuarii
2333 3439 2433 3498 55.

1474 3567 1656 3634 'l‘uus
1699 3569 1938 3636 Petrus
1986 3568 2262 3637 Viretus.

491 3743 726 3758 —-=—-=—-
771 3745 896 3752 -—

692 3859 750 3916 3)
787 3858 1039 3915 Madaro
1073 3859 1289 3915 videtur
1317 3860 1394 3914 ad
1426 3859 1842 3928 disceptationes
1873 3878 1911 3915 a
1929 3862 2230 3921 Liber-ienis
2261 3869 2438 3918 notas

486 3926 557 3984 ds
589 3931 883 3984 automata
914 3929 1241 3996 nominor-ii,
1287 3945 1426 3999 quas
1475 3927 1682 3984 decreto
1715 3937 1937 3986 οοκαεκο
1970 3931 2028 3988 d.
2062 3930 2148 3985 24.
2173 3930 2440 3987 Ianuarii

488 3996 1812 4134 “⁹⁰⁸13022325.Vz33“5.222⁸50.wz‘·
1834 3998 2436 4125 axi-“waa-

694 4203 757 4270 6)
795 4203 1005 4275 Per-roy
1031 4218 1207 4274 prope
1247 4204 1402 4261 Rolle
1434 4209 1484 4258 et
1518 4205 1801 4260 Autome.
1859 4204 2110 4262 Vicinum
2143 4213 2262 4262 erat
2281 4209 2431 4263 Bur·

490 4272 610 4328 dnn
641 4273 738 4330 ubo·
764 4272 1004 4342 Anneius
1037 4273 1339 4328 *initiatio
1364 4273 1713 4342 sumebatur.

697 4339 752 4406 7)
788 4341 992 4397 Tbeod.
1027 4343 1201 4396 Bes-0
1223 4342 1715 4412 Vezeliipoemats.
1768 4342 1943 4399 Paris.
1993 4343 2131 4398 Rob.
2172 4344 2433 4415 stephan.

484 4407 641 4466 uss.
693 4409 742 4464 8.
831 4409 1100 4477 (Cli-aeut
1148 4411 1270 4466 bibl.
1323 4413 1569 4467 curium
1617 4410 1715 4466 111.
1768 4409 1885 4467 287.
1976 4412 2173 4467 Bm.
2225 4413 2268 4468 Ι.
2321 4412 2432 4480 67.)

595 4478 1016 4536 ‘wernonem
1053 4479 1376 4535 lem-‘lium
1411 4478 2431 4551 maumam-ueprius·-

603 4547 943 4605 edoerum‘is
985 4549 1195 4618 publiea
1239 4548 1525 4605 manem
1564 4553 1659 4615 est,
1705 4549 1854 4620 quod
1899 4551 2101 4621 coaeva
2146 4556 2329 4606 noster
2371 4553 2435 4606 in

498 4615 626 4674 W
663 4616 842 4674 Bosa·
869 4619 1206 4688 premit.

1985 406 2508 476 EPIS'I'OLAB
2554 414 2977 475 2100—2102

4346 411 4473 473 418

3406 597 3599 668 εισι.

2632 734 2981 803 oALvm
3022 737 3084 801 A
3126 733 3316 803 mm
3358 717 3707 802 neuneu
3749 733 4373 824 ΕΒᾼΝῼΑῙΒΕΛ)

2702 888 3152 956 Εκῆονίαιίοπε
3191 894 3248 956 d
3288 895 3835 973 eneam-ayma.

2534 1062 2770 1127 (Hinute
2805 1061 2931 1115 d'un
2968 1061 3262 1115 seeretaire
3298 1061 3369 1115 de
3413 1058 3615 1115 Calvin.
3686 1060 3798 1116 MS.
3835 1061 3903 1114 de
3940 1060 4160 1115 Geneve
4207 1059 4347 1114 1o·1·.
4384 1061 4481 1116 fol.

2533 1130 2634 1185 317
2671 1148 2736 1182 v.
2771 1130 2965 1200 Copies
3011 1129 3126 1183 ΜΒ.
3172 1128 3317 1183 107δ,
3354 1130 3446 1183 fol.
3493 1128 3546 1186 8.
3625 1129 3789 1185 Areh.
3837 1130 3907 1184 de
3958 1131 4134 1185 Berne
4178 1130 4264 1200 Ep
4306 1171 4318 1182 .
4377 1128 4475 1184 VI.

2531 1198 2653 1255 883.
2702 1199 2910 1253 Simler.
2932 1198 3047 1252 Vol.
3068 1197 3153 1252 84.
3204 1199 3487 1268 Imprime'e
3510 1199 3645 1253 dans
3674 1200 3753 1253 les
3779 1200 3997 1254 Lettres
4018 1200 4084 1255 fr.
4098 1200 4249 1254 Tom.
4265 1147 4334 1254 fl.
4352 1216 4405 1269 p.
4427 1199 4476 1251 1.

2926 1267 3090 1322 ‘rr-d.
3124 1268 3265 1337 angl.
3304 1254 3404 1322 aa.
3444 1268 3515 1322 do
3550 1267 3765 1324 Phil-d.
3799 1268 3898 1324 111.
3937 1266 4082 1333 127.)

2531 1440 2634 1506 La
2699 1439 3005 1505 dileetion
3062 1448 3183 1505 ete.
3247 1441 3374 1506 soit
3452 1441 3772 1505 tousiours
3828 1461 3943 1505 sur
4008 1460 4173 1507 vous
4238 1462 4357 1523 par
4412 1440 4478 1505 la

3336 1547 3548 1611 graee.
3594 1562 3677 1573 —

2705 1664 2914 1731 Ohers
2958 1664 3295 1747 seigneurs
3340 1672 3406 1728 et
3446 1663 3668 1739 freres,
3714 1684 3968 1729 oomme
4002 1664 4065 1728 ie
4110 1685 4194 1729 ne
4238 1663 4477 1729 doubte

2535 1772 2652 1834 pas
2695 1771 2821 1834 que
2862 1748 3096 1817 sathan
3141 1770 3226 1814 ne
3269 1770 3434 1814 vous
3484 1748 3706 1815 dreese
3752 1749 4257 1815 iournellement
4312 1769 4477 1815 nou-

2534 1858 2748 1903 veaux
2791 1834 3103 1915 assaultx,
3141 1847 3207 1899 et
3249 1833 3383 1919 quil
3427 1858 3509 1899 ne
3552 1834 3851 1901 maehine
3909 1844 4057 1901 tant
4107 1835 4242 1919 quil
4296 1835 4480 1919 peult

2536 1944 2692 1990 aveo
2749 1943 2852 1988 ses
2908 1934 3182 2005 suppotz
3253 1942 3418 2004 pour
3478 1942 3640 1987 vous
3712 1922 3871 1986 faire
3931 1919 4164 2005 perdre
4229 1940 4478 2005 eorage,

2536 2009 2711 2074 aussi
2761 2009 2823 2073 ie
2882 2007 3207 2074 vouldrois
3265 2007 3416 2072 bien
3461 2003 3541 2072 de
3606 2028 3713 2071 ma
3766 2016 3917 2091 part
3981 2007 4383 2093 memployer
4439 2027 4479 2071 a

2537 2116 2703 2160 vous
2747 2095 3128 2171 conformer,
3171 2094 3227 2157 si
3271 2093 3379 2157 ien
3425 2095 3606 2159 avois
3650 2093 3948 2158 meilleur
3991 2114 4249 2177 moyen.
4304 2092 4478 2158 Mais

2540 2180 2620 2245 de
2688 2190 2905 2245 vostre
2970 2189 3174 2258 eoste,
3243 2201 3396 2244 sans
3461 2178 3759 2244 attendre
3824 2200 3999 2262 quon
4065 2200 4226 2245 vous
4280 2179 4480 2245 ineite

2540 2264 2867 2345 dailleurs,
2914 2265 2959 2330 il
3005 2286 3169 2330 vous
3211 2265 3374 2330 fault
3416 2273 3587 2330 estre
3632 2264 3743 2330 dili
3792 2287 3910 2330 ens
3964 2285 4003 2329 a
4043 2264 4326 2349 prendre
4382 2263 4479 2330 les

2541 2374 2774 2432 armes,
2820 2364 2886 2418 et
2948 2373 3106 2417 vous
3164 2351 3338 2415 tenir
3396 2363 3575 2434 prest
3628 2349 3709 2415 de
3785 2370 3998 2435 ongue
4055 2353 4256 2429 main,
4316 2350 4477 2416 affin

2540 2459 2665 2522 que
2711 2438 3047 2504 toutesfois
3105 2445 3172 2501 et
3226 2446 3500 2520 quantes
3554 2437 3688 2520 quil
3747 2437 3957 2519 plaira
4001 2458 4041 2502 a
4096 2434 4272 2502 Dieu
4333 2434 4477 2504 des·

2535 2545 2823 2609 prouver
2860 2532 3047 2589 votre
3089 2524 3219 2608 foy,
3267 2544 3427 2588 vous
3468 2543 3623 2609 ayes
3667 2520 3747 2587 de
3789 2544 3960 2607 quoy
4001 2522 4373 2606 respoudre,
4417 2531 4486 2589 et

2539 2631 2623 2675 ne
2667 2631 2858 2694 soyes
2902 2609 3168 2692 surpris.
3273 2609 3453 2673 Pour
3496 2631 3568 2674 ee
3613 2608 3775 2674 faire
3834 2629 3999 2674 vous
4055 2630 4283 2675 seaves
4335 2608 4486 2690 quel

2538 2697 2811 2780 besoing
2855 2716 3017 2761 vous
3062 2716 3216 2761 aves
3260 2694 3595 2760 dexereiee
3638 2694 3991 2771 eontinuel,
4051 2715 4164 2759 ear
4205 2694 4251 2759 il
4295 2716 4386 2779 ny
4446 2714 4486 2758 a

2539 2782 2779 2867 eelluy,
2826 2804 2906 2847 en
2945 2781 3382 2855 sexamiuant,
3419 2782 3526 2864 qui
3574 2802 3655 2846 ne
3689 2792 3872 2846 sente
3911 2790 4059 2846 tant
4100 2788 4168 2845 et
4209 2780 4360 2864 plus
4405 2777 4485 2844 de

2540 2867 2872 2934 foiblesse:
2909 2876 2974 2932 et
3015 2868 3082 2931 la
3134 2888 3290 2951 rage
3347 2866 3460 2932 des
3519 2869 3811 2932 ennemis
3877 2877 3977 2932 est
4039 2866 4213 2944 telle,
4272 2866 4485 2950 quelle

2541 2954 2731 3020 feroit
2773 2955 3052 3019 tembler
3096 2952 3189 3017 les
3234 2953 3380 3036 plus
3423 2952 3718 3029 vainans,
3778 2951 3895 3018 silz
3950 2953 4279 3017 nestoient
4333 2952 4485 3018 bien

2540 3040 2780 3107 munis.
2888 3040 3062 3106 Mais
3105 3038 3154 3104 il
3200 3060 3283 3103 va
3326 3039 3472 3105 bien
3518 3059 3682 3122 pour
3725 3060 3888 3105 nous
3933 3060 4059 3123 que
4103 3037 4165 3104 le
4224 3035 4485 3105 remede

2540 3138 2644 3193 est
2678 3127 2944 3204 certain,
2992 3137 3059 3190 et
3103 3146 3349 3191 mesme
3373 3146 3456 3189 ne
3502 3125 3560 3191 le
3604 3125 3768 3191 fault
3789 3148 3907 3210 pas
3945 3125 4261 3191 eheroher
4279 3124 4482 3210 loing.

2544 3214 2732 3279 Ainsi
2782 3212 3078 3277 fortiffiez
3127 3233 3305 3290 vous,
3352 3233 3491 3277 mes
3535 3210 3758 3290 freres,
3804 3232 3885 3276 en
3945 3210 4160 3294 oelluy
4218 3212 4329 3295 qui
4385 3221 4488 3277 est

2542 3309 2765 3365 nostre
2809 3296 3132 3375 retraiete,
3180 3305 3245 3362 et
3287 3319 3459 3383 quoy
3503 3297 3638 3381 quil
3692 3318 3775 3363 en
3833 3298 3976 3376 soit,
4032 3296 4268 3382 gardes
4326 3318 4486 3363 vous

2540 3384 2620 3450 de
2660 3384 2726 3449 la
2765 3382 3125 3467 disper-sion
3171 3384 3282 3467 qui
3328 3404 3411 3449 ne
3455 3405 3619 3449 vous
3662 3384 3944 3448 seauroit
3999 3390 4306 3467 apporter
4359 3402 4486 3468 que

2536 3491 2769 3555 ruyne.
2874 3468 3106 3550 Quant
3192 3468 3473 3552 uelquun
3516 3490 3588 3535 se
3644 3468 3904 3534 tiendra
3958 3489 4186 3552 separe
4242 3469 4323 3535 de
4379 3489 4485 3536 see

2538 3575 2996 3641 eompagnons,
3042 3576 3083 3639 q
3136 3556 3148 3568 ’
3224 3577 3316 3640 ny
3360 3575 3524 3621 aura
3566 3554 3681 3622 nul
3723 3554 3965 3620 reeueil
3990 3575 4083 3638 ny
4106 3563 4485 3639 trouppeau,

2539 3643 2595 3708 si
2638 3649 2743 3708 est
2785 3663 2859 3708 ee
2916 3662 3040 3725 que
3099 3663 3264 3707 vous
3322 3663 3407 3707 ne
3470 3641 3775 3707 laisseres
3832 3662 3952 3725 pas
4009 3639 4226 3706 destre
4280 3662 4367 3707 en
4421 3641 4487 3706 la

2540 3727 2800 3813 gueulle
2867 3726 2980 3794 des
3025 3726 3229 3811 loups.
3329 3726 3429 3795 Or
3470 3750 3562 3813 ny
3605 3747 3644 3792 a
3701 3726 3747 3791 il
3806 3724 4068 3792 remede
4122 3726 4274 3811 plus
4328 3748 4483 3795 eon-

2538 3814 2813 3881 venable
2858 3834 3018 3897 pour
3040 3815 3356 3880 subvenit
3399 3833 3436 3877 a
3480 3822 3702 3879 vostre
3745 3812 4031 3898 fragilita
4064 3833 4195 3895 que
4215 3813 4297 3879 de
4318 3833 4484 3880 vous

2540 3900 2853 3966 exhorter
2897 3900 3244 3978 ensemble‚
3291 3908 3358 3965 et
3399 3920 3566 3965 vous
3610 3899 3936 3965 renforeer
3959 3898 4482 3965 mutuellement.

2536 3986 2613 4052 Ie
2657 4008 2813 4071 seay
2857 3986 3004 4052 bien
3052 4007 3179 4069 que
3223 3986 3362 4052 eela
3405 3986 3654 4070 aiguise
3696 3985 3848 4068 plus
3891 3983 3957 4049 la
3998 3984 4181 4070 raige
4216 3982 4331 4050 des
4365 4004 4483 4050 en-

2537 4074 2767 4150 nemis,
2811 4091 3059 4140 oomme
3102 4093 3188 4137 on
3232 4072 3364 4139 diet
3406 4091 3532 4155 que
3573 4071 3635 4136 le
3678 4071 3855 4136 bruit
3910 4069 4095 4137 eoule
4143 4069 4323 4136 <lesia
4365 4090 4483 4136 en-

2535 4169 2668 4224 tres
2728 4180 2889 4224 vous
2990 4157 3082 4223 uil
3136 4179 3299 4224 vous
3345 4163 3716 4243 aguettent‚
3788 4164 4007 4222 estana
4054 4154 4347 4223 advertis
4398 4155 4482 4223 de

2537 4266 2654 4311 vos
2711 4242 2966 4311 assemb
2993 4263 3119 4309 ees.
3137 4248 3194 4322 ²)
3280 4243 3453 4310 Mais
3510 4242 3557 4307 il
3600 4264 3694 4327 ny
3748 4263 3788 4307 a
3830 4242 4131 4308 meilleur
4173 4241 4481 4320 bouolier,

2537 4430 2715 4486 2101.
2734 4431 2787 4491 1)
2823 4431 2913 4486 La
2947 4432 3098 4487 lettre
3124 4450 3192 4488 ne
3207 4439 3359 4501 porte
3389 4447 3495 4499 pas
3517 4429 3811 4486 θοᾶν-ωε.
3865 4430 3972 4484 ΜΓ·
3998 4429 4219 4487 Bona-et
4249 4445 4485 4501 suppone

2574 4501 2722 4555 u’elle
2769 4508 2848 4555 eet
2882 4498 3132 4556 adtende
3176 4503 3213 4557 ἀ
3255 4499 3454 4571 l'e'olt’se
3500 4500 3567 4553 de
3616 4499 3800 4582 Paris.
3888 4499 3992 4553 Ην·
4022 4500 4155 4556 Atta.
4206 4499 4480 4571 Coquerel,

2690 4584 2910 4693 ν’...
2942 4573 3106 4693 ....·
3072 4569 3140 4693 0¹:
3167 4570 3393 4694 §rr
3329 4570 3470 4705 ...τ’
3471 4675 3483 4689 .
3501 4566 3951 4703 wem.
3964 4568 4032 4624 ..
4082 4568 4371 4694 m...
4392 4569 4485 4693 23.-

2537 4653 2889 4762 zamam
2924 4737 2991 4747 ——
3027 4707 3127 4761 Du
3160 4715 3298 4763 reete
3331 4708 3375 4762 il
3404 4715 3484 4762 est
3515 4709 3727 4762 certain
3758 4722 3862 4778 que
3895 4651 4171 4773 aaz&
4207 4705 4346 4762 1⁶55
4378 4722 4484 4778 qne

2536 4781 2667 4832 eam
2698 4792 2727 4831 e
2764 4774 2864 4831 lise
2897 4777 3237 4858 cambit-soa
3269 4777 3502 4857 monier
3530 4772 3880 4844 pro‘dioaoeur
3914 4776 4081 4830 οκἼο
4239 4794 4381 4831 onae
4416 4777 4484 4831 de

2537 4843 2685 4899 Jean
2802 4844 3010 4914 Mapou-
3057 4844 3141 4901 aot
3177 4846 3267 4900 La
3299 4844 3538 4901 Rimbre.
3610 4844 3781 4911 (Hm.
3816 4844 3939 4900 eccl.
3976 4843 4018 4898 1.
4125 4848 4168 4910 ).
4240 4844 4297 4900 11
4327 4845 4485 4901 aeas!

2537 4910 4485 4997 ᾀαᾷἑόὰθοκὲκσιὰὶακοωωε,κ’ἐωίεόρέςκςᾱσ22ω,α

2532 4989 2687 5108 ...wm-
2688 4982 3432 5108 ¹53..⁶“....·⁹‘..³3..¹3⁰··⁶⁹
3279 4998 3779 5108 ...affl
3582 5052 3799 5107 ...w
3821 4983 4032 5106 mr
4071 4984 4484 5123 mm:

2532 5120 2692 5192 we.
2728 5117 2933 5255 ιῖδῗῗῦα
2966 5191 3120 5259 copie
3170 5188 3238 5243 de
3296 5188 3478 5245 Bene
3526 5191 3702 5245 αἰνῶ

2536 5274 2702 5328 pareo
2748 5275 2854 5329 que
2890 5265 3058 5330 ayant
3141 5275 3209 5313 ue
3255 5259 3405 5314 brnit
3446 5260 3597 5313 reule
3651 5260 3688 5314 d

2532 5333 2817 5396 agnouerit
2849 5335 3033 5383 esbus
3138 5329 3307 5382 vertis
3338 5329 3408 5384 de
3442 5345 3593 5383 vom.

3894 5188 4479 5261 BLBmuoetporu:

3769 5260 4485 5317 scamma-ihm·-
