4850 6200
351 454 477 515 905

353 638 548 791 ἰῐξθῖῃ
561 644 854 789 1001111ᾳὲ
860 725 872 739 ι
903 660 974 705 es
1042 637 1123 704 de
1169 638 1512 740 ‘fugiendis
1560 641 2133 743 superstitionibus
2173 664 2305 747 non

347 734 889 910 3888833833
924 735 1921 880 mmmm&
1963 729 2306 894 33333333

349 918 543 980 quam
586 898 879 962 instituit
922 897 1229 964 Christus
1274 919 1350 965 ac
1393 900 1694 980 sancivit,
1729 899 1949 983 palam
1992 901 2060 965 in
2105 922 2303 967 usum

347 1003 655 1049 revocare
689 1003 892 1049 ausus
926 1005 1028 1049 es:
1072 1005 1148 1051 ac
1188 985 1244 1050 si
1287 995 1503 1050 erecto
1526 985 1770 1051 vexillo
1805 1008 1888 1052 ex
1910 987 2155 1052 misera
2187 1008 2304 1071 pa-

346 1078 544 1153 patus
602 1069 1032 1152 dissipatione
1089 1070 1402 1154 reliquias
1444 1071 1785 1156 colligeres
1829 1072 1911 1138 ad
1958 1072 2109 1138 fidei
2155 1075 2302 1139 uni-

347 1163 576 1221 tatem.
652 1155 845 1240 Euge
902 1176 1077 1241 erge,
1125 1177 1440 1241 generose
1475 1157 1728 1223 Christi
1772 1159 1981 1236 miles,
2019 1168 2086 1225 et
2130 1161 2300 1242 quod

348 1242 551 1307 semel
610 1242 946 1326 ingressus
1011 1262 1082 1307 es
1139 1241 1443 1321 stadium,
1491 1243 1575 1309 ad
1617 1253 1862 1311 metam
1898 1266 2107 1329 usque
2151 1266 2299 1329 per·

346 1347 570 1394 curre:
628 1349 751 1393 nec
806 1326 963 1393 ullis
1012 1328 1367 1395 obstaculis
1420 1329 1632 1409 cedas,
1679 1352 1802 1397 nec
1846 1330 2124 1396 aliorum
2168 1342 2299 1398 tor-

343 1435 503 1497 pore
542 1416 844 1479 remittas
886 1414 1200 1493 animum,
1248 1435 1367 1481 nec
1410 1415 1566 1482 ullis
1602 1416 2105 1483 difficultatibus
2149 1419 2299 1484 fati-

346 1501 543 1585 geris,
605 1498 809 1566 donec
872 1500 1200 1578 Christus,
1251 1503 1362 1584 qui
1399 1512 1620 1567 noster
1664 1512 1766 1568 est
1806 1504 1876 1568 in
1921 1504 2045 1571 hoc
2088 1514 2300 1570 certa-

344 1585 1027 1738 3833833333333»
1050 1586 2136 1743 erasistratei
2182 1611 2299 1741 83

343 1760 554 1910 ,3338
567 1766 892 1911 3333838
933 1758 1067 1910 833
1090 1757 1314 1911 3333
1350 1760 1613 1911 33833
1623 1696 2299 1927 3131383833333

345 1893 576 1996 tamen
634 1938 856 2015 partes
912 1930 1194 1997 libenter
1246 1932 1524 2016 suscepi,
1591 1943 1665 1997 ut
1705 1933 2112 2018 intelligeres
2155 1956 2299 2001 esse

344 2018 545 2082 etiam
612 2017 683 2082 in
764 2016 1140 2101 longinquis
1219 2017 1623 2101 regionibus,
1689 2019 1802 2102 qui
1866 2020 2020 2085 licet
2080 2040 2299 2087 coram

344 2104 681 2187 suppetias
744 2123 878 2168 non
933 2103 1151 2169 ferant
1214 2103 1385 2168 votis
1450 2111 1517 2169 et
1577 2106 1882 2187 precibus
1944 2107 2176 2173 iuvare
2234 2120 2300 2174 te

344 2188 770 2255 contendunt.
858 2188 1047 2265 Vale,
1094 2190 1442 2273 magnifice
1486 2188 1790 2257 Domine.
1874 2192 2199 2259 Dominus
2232 2202 2301 2258 te

344 2276 583 2358 spiritu
651 2296 770 2340 suo
817 2295 1047 2360 regere
1109 2286 1344 2360 pergat
1397 2284 1790 2360 sanctosque
1840 2286 1989 2344 tuos
2022 2288 2299 2346 conatus

342 2359 705 2427 benedicat.
795 2361 1129 2440 Genevae,
1165 2367 1225 2427 4.
1271 2361 1600 2428 Oalendas
1642 2363 1940 2428 Ianuarii
1993 2370 2174 2431 1555.

1263 2499 1548 2566 Ioannes
1586 2500 1906 2568 Calvinus
1949 2510 2123 2570 tuus.

1213 3066 1416 3141 2369.

708 3219 1184 3289 OALVINUS
1230 3219 1928 3291 MISOOWOSKIO.

510 3390 821 3460 Eiusdevn
863 3395 1116 3462 mim
1159 3396 1529 3480 arquos-enti.

334 3563 451 3631 (Ex
486 3563 728 3618 editione
760 3562 935 3617 Besae
970 3565 1176 3620 Gener.
1257 3606 1268 3618 .
1299 3564 1413 3630 170,
1448 3567 1610 3621 Laus.
1676 3565 1826 3633 .365‚
1864 3566 2076 3623 Hanov.
2100 3566 2295 3639 124OE,

840 3632 1055 3688 Ohouet
1085 3652 1141 3704 p.
1193 3583 1298 3713 ΒΟ,
1331 3639 1511 3691 Amet.
1545 3653 1599 3706 p.
1635 3584 1780 3703 ³05.)

334 3802 449 3871 Ad
491 3803 924 3889 Magnificum
984 3805 1349 3871 Dominum
1392 3806 1740 3873 Nicolaum
1785 3807 2209 3876 Miskowoski
2254 3832 2297 3876 a

647 3891 907 3970 Mirow,
948 3890 1395 3958 castellanum
1439 3892 1974 3979 Woniycensem.

533 4060 759 4143 Quum
815 4062 988 4128 istuc
1041 4064 1514 4146 profectionem
1567 4065 1949 4132 institueret
2003 4066 2290 4150 optimus

334 4149 444 4215 vir
483 4146 564 4213 N.
587 4152 661 4228 ¹),
719 4150 832 4232 qui
874 4155 1060 4215 tuam
1103 4149 1279 4234 apud
1312 4171 1419 4215 me
1461 4151 1777 4234 pietatem
1819 4173 1956 4217 11011
2000 4152 2291 4238 vulgari-

334 4234 463 4301 bus
529 4233 760 4318 elogiis
825 4234 1202 4315 celebravit,
1268 4238 1675 4303 committere
1749 4238 1948 4317 nolui,
2008 4246 2086 4304 ut
2149 4239 2293 4305 sine

335 4321 503 4386 meis
536 4319 747 4387 literis
786 4319 870 4385 ad
912 4329 980 4387 te
1023 4322 1299 4401 veniret,
1359 4343 1527 4405 quae
1571 4324 1806 4389 saltem
1849 4325 2091 4389 amoris
2134 4347 2296 4411 erga

334 4415 404 4472 te
470 4406 601 4471 mei
657 4416 727 4473 et
781 4408 1236 4474 observantiae
1291 4418 1497 4474 testes
1554 4410 1788 4476 forent.
1878 4409 2046 4476 Nam
2106 4421 2181 4477 ut
2223 4422 2292 4477 te

333 4491 799 4560 vehementius
852 4494 935 4559 ad
989 4494 1464 4579 praestandum
1498 4494 1672 4578 quod
1715 4496 1860 4563 Deo
1903 4497 2075 4579 patri
2120 4498 2291 4564 eius-

378 4598 466 4644 ue
508 4577 647 4644 filio
682 4578 971 4645 officium
1015 4579 1211 4648 debes
1245 4582 1574 4661 exhorter,
1618 4604 1782 4666 opus
1825 4603 1968 4649 esse
2013 4604 2143 4650 non
2187 4584 2291 4650 vi-

381 4675 549 4744 etur,
594 4663 856 4748 quando
909 4667 1118 4732 vitam
1163 4675 1347 4734 tuam
1391 4668 1540 4733 aliis
1582 4669 1851 4753 regulae
1893 4670 2105 4735 instar
2147 4690 2290 4736 esse

333 4749 548 4816 audio.
628 4748 851 4831 Quare
893 4751 1064 4816 nihil
1099 4753 1279 4819 aliud
1322 4764 1548 4833 restat,
1617 4756 1750 4820 nisi
1793 4763 1870 4819 ut
1912 4757 2010 4822 tui
2056 4756 2291 4823 similis

334 4855 481 4902 esse
535 4834 619 4900 ad
675 4843 1047 4902 extremum
1087 4859 1296 4921 usque
1337 4861 1591 4925 pergas.
1679 4839 1904 4920 Vides,
1949 4851 2290 4924 praestan-

332 4922 588 4988 tissime
632 4924 756 5002 vir,
800 4942 998 5005 quam
1040 4922 1315 5009 indigne
1350 4926 1543 4992 multi
1588 4949 1854 4994 sacrum
1872 4928 2003 4993 Dei
2045 4948 2288 4994 nomen

331 5006 727 5088 obtendant,
782 5009 895 5093 qui
955 5008 1128 5074 futili
1182 5019 1443 5077 tantum
1513 5014 1827 5079 iactantia
1867 5014 2288 5097 evangelium

332 5093 405 5159 in
470 5115 584 5159 ore
637 5095 959 5162 habentes
1014 5095 1248 5161 maiori
1291 5096 1601 5163 diffluunt
1642 5099 1956 5165 vitiorum
1997 5098 2284 5179 licentia,

334 5318 525 5376 2868.
544 5317 604 5384 1)
641 5317 980 5375 Limne-ni.

334 5392 525 5461 2369.
542 5391 600 5458 1)
636 5386 1014 5443 Lionanaouo.

2059 456 2221 519 1555
2264 452 2677 522 DEGEMB.

4240 458 4364 519 906

2408 663 2607 726 quam
2673 598 2929 707 miserix
2953 642 3263 726 papistae,
3322 662 3482 726 quos
3542 641 3664 708 sub
3715 639 3929 725 aliquo
3974 640 4359 727 disciplinae

2405 729 2563 813 iugo
2596 729 2978 812 superstitio
3023 730 3279 794 retinet.
3370 727 3563 809 Quod
3611 738 3831 792 autem
3877 728 4207 794 erroribus
4243 749 4359 811 pa-

2405 824 2603 898 patus
2662 815 2886 880 valere
2928 814 3125 879 iussis
3185 816 3278 879 ita
3333 834 3576 898 magna
3630 834 3784 897 pars
3820 813 4162 879 hominum
4205 836 4360 898 pro-

2405 900 2704 978 fanescit‚
2773 901 2928 966 hinc
2984 900 3275 966 accidere
3322 911 3572 966 certum
3639 908 3758 977 est,
3804 899 3975 982 quod
4020 908 4090 964 et
4130 901 4357 983 paucis

2405 1006 2602 1051 curae
2658 995 2756 1052 est
2822 1007 2979 1050 vera
3036 986 3155 1052 reli
3209 987 3289 1063 ’0,
3344 997 3414 1051 et
3460 984 3760 1051 omnibus
3817 986 3954 1051 fere
3987 986 4359 1071 ingenitum

2403 1073 2589 1138 carni
2642 1094 2798 1138 suae
2844 1072 3099 1138 delitias
3146 1008 3380 1138 geere.
3468 1073 3562 1137 'I'e
3625 1091 3781 1138 vero
3825 1092 3907 1136 ex
3952 1093 4176 1136 eorum
4219 1094 4363 1138 esse

2403 1178 2697 1233 numer0,
2734 1159 2804 1222 in
2830 1180 3104 1242 quorum
3130 1158 3434 1224 cordibus
3477 1179 3713 1241 puram
3755 1157 4079 1241 evangelii
4128 1157 4365 1224 doctri-

2402 1266 2561 1309 nam
2627 1245 2811 1310 vivas
2855 1245 3067 1329 egisse
3122 1243 3375 1310 radices
3418 1244 3531 1326 qui
3587 1243 3741 1309 inde
3782 1254 4143 1309 nascuntur
4183 1243 4359 1309 fruc-

2401 1340 2511 1396 tus
2534 1328 2907 1410 ostendunt,
2951 1342 3090 1395 tum
3138 1352 3219 1396 ex
3256 1331 3474 1395 animo
3509 1330 3626 1395 tibi
3663 1329 3978 1414 gratulor,
4024 1338 4166 1394 tum
4212 1350 4361 1412 per-

2400 1416 2645 1482 multos
2688 1426 2950 1482 exstare
2994 1417 3244 1483 similes
3275 1436 3674 1500 magnopere
3718 1417 3927 1498 cupio,
3971 1415 4082 1481 vel
4124 1416 4359 1482 saltem

2400 1523 2564 1584 quos
2608 1512 2797 1568 tuum
2821 1502 3195 1585 exemplum
3238 1502 3317 1566 ad
3364 1503 3798 1567 imitationem
3832 1499 4159 1567 accendat.
4220 1501 4358 1568 Sed

2400 1589 2559 1671 quia
2616 1588 2781 1653 nihil
2831 1589 2949 1653 tibi
2993 1589 3271 1653 afferent
3311 1609 3497 1653 meae
3538 1588 3768 1653 literae
3810 1586 3983 1670 quod
4017 1608 4153 1653 non
4196 1588 4357 1653 ube-

2398 1674 2541 1740 rius
2586 1684 2653 1739 et
2689 1674 3090 1740 luculentius
3132 1674 3558 1758 suppeditent
3599 1672 4083 1740 lucubrationes
4125 1675 4197 1738 in
4240 1695 4356 1757 pu·

2400 1760 2646 1826 blicum
2690 1760 2923 1836 editae,
2967 1761 3038 1825 in
3080 1781 3361 1842 quarum
3409 1761 3684 1826 lectione
3731 1761 4010 1824 libenter
4052 1767 4119 1824 te
4162 1780 4354 1825 exer-

2398 1866 2527 1926 ces,
2572 1868 2704 1912 non
2750 1856 2851 1911 est
2892 1867 3014 1913 our
3056 1855 3122 1910 te
3155 1846 3419 1930 longius
3454 1846 3801 1911 detineam.
3890 1846 4062 1911 Nam
4107 1853 4177 1910 et
4208 1844 4357 1922 hoc,

2402 1942 2478 1997 ut
2528 1933 2721 1997 initio
2768 1933 3101 2016 praefatus
3139 1954 3305 2012 sum,
3350 1930 3515 1997 mihi
3559 1932 3981 2015 proeoipuum
4028 1929 4355 1997 scribendi

2400 2020 2746 2084 consilium
2813 2019 2956 2097 fuit,
3023 2025 3099 2083 ut
3162 2018 3364 2083 scires
3428 2017 3793 2101 praeclaras
3857 2027 4009 2083 tuas
4063 2018 4356 2097 virtutes,

2399 2125 2566 2188 quae
2609 2104 2882 2171 Polonis
2926 2105 2996 2169 in
3042 2105 3414 2186 exemplum
3441 2104 3838 2186 praelucent,
3882 2103 4111 2186 procul
4154 2104 4351 2168 etiam

2399 2200 2593 2256 notas
2636 2212 2798 2270 esse,
2845 2202 2912 2255 et
2955 2211 3083 2274 quo
3105 2198 3447 2255 merentur
3490 2189 3559 2253 in
3597 2191 3806 2273 pretio
3852 2190 4095 2255 haberi.
4163 2188 4356 2265 Vale,

2399 2276 2808 2343 nobilissime
2853 2277 2956 2342 vir
3001 2286 3068 2340 et
3113 2276 3279 2341 mihi
3321 2276 3679 2359 plurimum
3724 2274 4146 2342 observande.
4214 2273 4351 2338 Do-

2397 2363 2620 2428 minus
2666 2362 2857 2428 donis
2910 2363 3049 2428 suis
3101 2372 3170 2427 te
3214 2383 3455 2446 augere
3497 2372 3733 2445 pergat
3767 2361 3849 2426 ad
3894 2360 4356 2427 illustrandam

2398 2450 2688 2515 nominis
2739 2449 2840 2513 sui
2902 2448 3198 2533 gloriam,
3245 2458 3441 2531 teque
3485 2448 3717 2531 spiritu
3764 2467 3886 2513 suo
3932 2467 4192 2530 semper
4233 2467 4355 2530 gu-

2397 2535 2649 2601 bernet.
2732 2533 3068 2611 Genevae,
3115 2540 3174 2599 4.
3223 2532 3546 2601 Calendas
3589 2533 3879 2599 Ianuarii
3934 2538 4114 2597 1555.

3280 3118 3478 3189 2370.

2816 3274 3293 3344 GALVINUS
3326 3271 3906 3342 RADZIVILIO.

2579 3445 2966 3529 Confidenter
3006 3467 3150 3513 eum
3183 3451 3329 3532 post
3358 3451 3675 3528 acceptum
3710 3444 3967 3511 liberale
3985 3463 4354 3530 responsum

2396 3535 2651 3687 m
2692 3534 2829 3600 adit
2888 3534 2967 3600 de
3028 3532 3216 3600 rebus
3277 3533 3606 3618 reliyionis
3668 3532 3739 3597 in
3792 3530 4063 3598 Polom'a
4101 3549 4356 3612 promo-

2399 3791 2515 3856 (ΒΧ
2549 3790 2677 3846 cod.
2725 3791 2900 3846 Parin.
2947 3791 3083 3846 Goll.
3118 3791 3315 3862 Dupuy
3356 3788 3630 3927 Vosl.)102,
3675 3790 3767 3844 rol.
3811 3788 3897 3843 33.
3968 3790 4174 3860 Apogr.
4220 3789 4353 3844 sati·

3261 3877 3421 3914 recen
3455 3897 3468 3911 .

2394 4028 2505 4094 Ad
2523 4028 3052 4096 illustrissimum
3076 4031 3415 4097 dominum
3450 4051 3821 4115 magnaque
3868 4031 4112 4096 virtute
4154 4048 4347 4112 prae·

2394 4123 2685 4181 stantem
2739 4115 2824 4181 D.
2886 4116 3235 4183 Nicolaum
3300 4115 3621 4183 Radziwil
3675 4116 3801 4181 Dei
3856 4116 4072 4199 gratia
4115 4113 4350 4181 ducem

2390 4202 2466 4265 in
2512 4200 2711 4268 Olika
2745 4210 2815 4267 et
2855 4203 2919 4267 N
2921 4205 3213 4270 ieswiess
3260 4204 3637 4270 Palatinum
3682 4201 4076 4267 Vilnensem
4121 4201 4350 4285 magni

2395 4287 2677 4354 ducatus
2766 4288 3173 4356 Lithuaniae
3258 4310 3640 4372 supremum
3724 4288 4196 4354 marescalcum
4285 4294 4353 4353 et

2392 4374 3047 4440 archicancellarium
3172 4377 3643 4441 Brezetensem
3742 4373 4344 4440 Beriscerviensem

2393 4457 3023 4544 Schamlensemque
3091 4463 3506 4545 capitaneum
3575 4459 3949 4545 generalem
4005 4456 4348 4524 dominum

3068 4571 3140 4614 1n
3177 4548 3427 4633 Magna
3470 4546 3652 4613 Sawl

2566 4720 2712 4787 Iam
2759 4741 2913 4787 vero
2955 4721 3115 4787 facit
3157 4718 3517 4804 singularis
3560 4726 3679 4784 tua
3713 4716 4115 4795 humanitas,
4159 4714 4349 4781 illus-

2387 4806 2680 4873 trissime
2745 4803 3009 4872 domine
3062 4828 3139 4874 ac
3194 4804 3760 4889 praestantissime
3817 4804 3941 4882 vir,
3986 4823 4073 4868 ne
4121 4800 4348 4867 fratris

2389 4893 2605 4958 nostri
2627 4892 2997 4959 Lismam‘ni
3029 4892 3299 4959 consilio
3334 4901 3402 4957 et
3445 4890 3744 4975 precibus
3777 4910 4028 4955 morem
4067 4887 4349 4973 gessisse

2385 5000 2496 5043 me
2537 4979 2888 5062 poeniteat.
2977 4977 3382 5046 Dubitanter
3438 4978 3618 5045 enim
3660 4973 3834 5061 quod
3870 4974 4189 5041 suadebat
4231 4994 4338 5039 me

2385 5064 2578 5129 initio
2635 5085 3021 5150 aggressum
3078 5085 3222 5132 esse
3265 5063 3495 5144 fateor,
3560 5071 3641 5129 ut
3704 5061 3955 5147 priores
4019 5061 4245 5128 literas
4274 5062 4346 5141 ¹),

2387 5171 2555 5233 quas
2613 5152 2695 5218 ab
2744 5151 3181 5236 amplitudine
3224 5160 3342 5216 tua
3383 5149 3667 5235 benigne
3710 5170 3787 5216 ac
3830 5147 4101 5215 comiter
4142 5147 4343 5213 fuisse

2390 5389 2582 5446 2370.
2595 5390 2656 5458 1)
2691 5389 2770 5448 N.
2807 5389 2961 5447 2113.
