4850 6200
329 446 442 509 793

329 632 799 712 valetudinem,
867 640 1062 715 atque
1129 632 1324 697 etiam
1391 629 1673 713 amplius
1737 649 1933 712 quam
1999 629 2259 712 possim,

327 719 854 785 annotationibus
896 720 986 781 im
1033 716 1217 794 endo,
1264 713 1434 799 quod
1473 715 1668 782 velim
1695 714 2001 797 Stephano
2036 724 2258 780 nostro

324 805 693 889 significari,
737 806 924 871 cuius
1013 802 1287 869 esiderio
1332 800 1570 868 vellem
1614 810 1687 867 ut
1731 800 2072 884 diligentia
2113 822 2259 866 mea

320 910 435 973 par
475 911 622 956 esse
661 897 896 973 posset.

487 974 810 1042 Beraldus
870 974 1017 1038 heri
1094 971 1364 1040 advenit
1389 973 1447 1055 ²)
1515 993 1664 1038 cum
1744 971 1993 1037 familia
2059 979 2128 1035 et
2195 980 2257 1036 te

322 1081 712 1144 magnopere
755 1060 1017 1126 salutat.
1098 1057 1308 1142 Spero
1349 1059 1570 1140 ipsum
1614 1068 1878 1122 strenue
1921 1055 2256 1121 nobiscum

321 1145 384 1210 in
427 1166 623 1228 opere
668 1146 937 1211 Domini
989 1145 1315 1210 facturum
1359 1142 1662 1207 officium.
1750 1140 1886 1206 Sed
1929 1142 2256 1206 scribendi

319 1231 512 1295 finem
548 1230 733 1307 facio,
772 1251 855 1294 ne
890 1229 1058 1294 nihil
1092 1230 1179 1293 sit
1211 1227 1381 1311 quod
1417 1247 1723 1309 praesens
1758 1247 2256 1292 commemorem

317 1316 575 1382 30111001.
659 1315 760 1381 Μ1
802 1326 1005 1398 pater,
1051 1312 1203 1378 vide
1248 1324 1320 1378 ut
1362 1312 1606 1390 valeas,
1659 1322 1738 1377 ut
1779 1311 2074 1377 diabolus
2117 1313 2253 1376 rin-

395 1412 508 1467 tur
550 1411 617 1467 et
659 1402 862 1485 ipsius
905 1400 1229 1465 emissarii
1270 1419 1497 1463 omnes
1540 1408 1826 1481 crepent.
1900 1398 2252 1462 Dominum

347 1508 529 1553 esum
566 1487 904 1553 Christum
949 1485 1143 1550 deum
1187 1494 1487 1550 nostrum
1531 1504 1760 1566 precor
1803 1491 1876 1547 ut
1932 1494 1996 1548 te
2039 1484 2251 1549 indies

311 1569 2249 1742 ssffsspsstfflza‘ssfi3323233¹51⁸3²50⁸¹1²3022¹2⁸35z2052

310 1765 490 1811 rencs
533 1745 637 1809 vir
679 1745 981 1826 optimus,
1027 1764 1066 1807 a
1108 1763 1234 1825 quo
1278 1742 1419 1807 11011
1464 1742 1696 1806 breves
1737 1742 1965 1806 literas
2009 1743 2243 1823 accepi,

309 1829 420 1895 sed
463 1830 660 1895 valde
716 1832 856 1914 pias
901 1837 969 1895 et
1023 1828 1380 1914 religiosas.
1469 1825 1784 1910 Optarem
1832 1835 1906 1892 ut
1949 1826 2054 1891 vel
2098 1849 2245 1893 ver-

309 1913 458 1981 bum
505 1938 711 1981 unum
754 1915 836 1980 ad
891 1937 1040 1980 011111
1099 1913 1441 1991 scriberes,
1501 1935 1585 1978 ex
1640 1934 1769 1996 quo
1827 1912 2242 1996 intelligeret,

306 2000 476 2084 quod
518 2003 643 2086 ipsi
685 2022 829 2068 cras
871 2000 1292 2084 respondebo,
1337 2007 1404 2064 te
1447 2018 1580 2063 non
1615 1997 1807 2064 modo
1850 2020 1979 2063 non
2025 1999 2243 2081 frangi

304 2087 541 2167 animo,
586 2086 702 2153 sed
733 2089 932 2153 etiam
965 2087 1111 2152 istis
1144 2085 1642 2169 tempestatibus
1679 2086 1888 2168 magis
1923 2105 2000 2149 30
2033 2085 2244 2168 magis

302 2174 692 2239 confirmari.
750 2174 941 2258 Rogo
975 2181 1052 2238 ut
1085 2171 1167 2237 de
1201 2192 1276 2237 eo
1311 2172 1556 2256 cogites
1591 2193 1708 2255 per
1743 2171 1972 2236 otium.
2041 2170 2238 2235 Laus.

303 2261 398 2324 24.
449 2258 877 2343 Septembris.

1089 2397 1161 2460 Τ.
1209 2396 1326 2461 Βο.
1372 2394 1547 2460 filius
1590 2392 1707 2458 tibi
1750 2396 1824 2458 in
1868 2392 2155 2459 Domino

1362 2478 1863 2546 addictissimus.

1063 2725 1468 2734 ——--—-

1168 2944 1371 3015 2304.

725 3082 1317 3152 SOHENOKIUS
1364 3081 1798 3150 CALVINO.

466 3255 860 3322 commendat
915 3256 974 3321 ei
1027 3257 1304 3321 iuvenem
1368 3255 1680 3320 Genevam
1732 3258 1970 3318 euntem
2012 3258 2068 3317 et
2122 3249 2236 3317 hac

289 3343 597 3410 ooeasione
651 3343 1017 3409 avidissime
1071 3347 1323 3423 arrepta
1373 3347 1626 3425 ,oratum
1691 3360 1877 3404 suum
1945 3339 2232 3404 animum

287 3429 568 3580 &gfff
601 3430 782 3509 piam
805 3429 1168 3493 memoriam
1192 3427 1542 3493 scholarum
1576 3426 1723 3491 olim
1745 3426 2230 3508 Aryem‘oraten-

619 3686 729 3751 (Ex
760 3684 1098 3756 autographo
1133 3685 1263 3740 Cod.
1304 3685 1508 3739 Gener.
1545 3683 1661 3750 113,
1696 3683 1788 3738 fol.
1823 3682 1904 3746 3.)

286 3857 453 3924 Viro
492 3858 742 3942 optimo
784 3858 979 3923 simul
1022 3868 1089 3922 et
1132 3855 1504 3922 doctissimo
1550 3854 1634 3920 D.
1679 3854 1910 3920 Ioanni
1956 3852 2232 3919 Calvino

325 3945 742 4011 ecclesiastae
786 3944 1166 4009 Genevensi
1204 3943 1606 4026 praeceptori
1652 3962 1796 4006 meo
1831 3940 2186 4005 carissimo.

286 4116 611 4183 Matthias
635 4113 1046 4181 Schenckius
1069 4119 1121 4198 ¹)
1154 4113 1606 4198 ludimagister
1625 4113 2053 4197 Augustanus
2087 4110 2230 4175 viro

563 4201 978 4267 ornatissimo
1022 4201 1104 4266 D.
1150 4199 1386 4265 Ioanni
1430 4197 1708 4264 Calvino
1752 4196 1820 4262 S.
1870 4196 1951 4261 D.

463 4372 691 4454 Quum
735 4371 1100 4438 dubitarem
1143 4369 1590 4437 intercedatne
1647 4369 1765 4435 tibi
1821 4368 2042 4450 aliqua
2083 4387 2232 4433 cum

285 4460 600 4527 ecclesiae
658 4467 920 4524 nostrae
964 4459 1395 4542 Augustanae
1465 4454 1833 4521 doctoribus
1890 4453 2228 4519 familiari-

285 4553 409 4626 tas,
470 4545 958 4627 iudicaremque
993 4555 1258 4628 gratum
1320 4543 1458 4621 tibi,
1510 4551 1703 4624 atque
1746 4539 1922 4605 haud
1967 4540 2101 4606 scio
2145 4559 2232 4603 an

285 4631 451 4697 utile
485 4651 742 4714 quoque
774 4631 1087 4706 futurum,
1123 4630 1180 4696 si
1214 4649 1408 4712 quem
1442 4629 1514 4692 in
1549 4626 1714 4693 urbe
1746 4635 1881 4691 tam
1918 4625 2137 4709 ampla
2170 4635 2238 4691 et

286 4717 466 4783 clara
500 4716 797 4794 haberes,
843 4715 926 4781 ad
963 4736 1174 4798 quem,
1211 4715 1267 4779 si
1303 4736 1408 4779 res
1443 4723 1826 4796 tempusque
1895 4712 2236 4789 ostularet,

288 4802 371 4869 de
437 4801 635 4868 rebus
700 4803 831 4867 tuis
889 4799 1173 4868 scribere
1236 4821 1484 4884 posses,
1550 4799 1739 4864 facile
1886 4796 2035 4863 duci
2110 4818 2235 4877 me,

288 5022 565 5158 mil
592 5022 1626 5156 Ἑαέιίεέἓῧὲᾰὴὲἓῗῖοωααηιεωω,
1659 5095 1828 5144 „atus
1860 5103 1912 5141 a.
1951 5085 2087 5141 1517
2123 5093 2232 5142 m-

287 5162 404 5217 (Ιοϊε
454 5177 676 5230 man
727 5161 880 5217 dedit
924 5164 1297 5231 Argentorato,
1351 5159 1650 5228 Morbum-9⁸⁸
1698 5163 1751 5213 et
1804 5155 2230 5226 Wittenberqae,

282 5247 466 5355 ‘mm'
359 5232 525 5354 ’Ὗ
522 5229 1013 5369 „1:....⁶⁶²⁰·..⁸.2'·.2’¹⁰⁶
1044 5230 1574 5354 32ωέἔωῖῗὲ
1619 5244 1703 5361 ἔγ.
1727 5224 2055 5351 mua
2063 5232 2230 5280 '‘⁸⁸⁰“

289 5373 415 5424 nat.
448 5371 533 5425 ut.
564 5369 632 5424 X.
674 5366 822 5434 1047,
857 5368 954 5424 XI.
989 5366 1109 5422 362.

2058 5310 2229 5349 011806·

1979 442 2138 504 1555
2184 439 2637 508 ΒΕΡΤΕΜΒ.

4173 447 4298 510 794

2366 627 2620 696 Calvino
2639 630 3027 709 doctissime,
3073 654 3113 696 a
3154 633 3392 697 iuvene
3425 632 3670 716 optimo
3691 631 3981 716 mihique
4021 634 4103 699 ob
4124 636 4300 705 vitae

2361 735 2748 801 morumque
2797 718 3240 802 integritatem
3295 719 3630 784 carissimo
3689 717 3973 802 Georgio
4020 719 4290 803 Poma,

2362 822 2591 883 passus
2648 824 2813 880 sum,
2872 811 2952 868 ut
3013 824 3162 869 cum
3229 805 3365 869 suis
3429 804 3511 869 ad
3569 815 3634 868 te
3692 804 3896 868 literis
3954 805 4296 887 epistolam

2362 887 2560 952 etiam
2596 887 2766 953 hanc
2800 909 3014 954 meam
3058 891 3537 974 coniungerem,
3575 897 3642 954 et
3682 890 3752 954 in
3798 909 3875 954 03
3916 910 3989 954 10
4032 910 4297 972 operam

2361 970 2478 1035 tibi
2538 974 2882 1055 pollicerer
2939 996 3014 1040 ac
3056 973 3376 1041 deferrem
3421 995 3652 1040 meam.
3742 975 4005 1039 Etenim
4049 976 4119 1040 in
4162 999 4297 1044 me-

2361 1058 2570 1122 moria
2613 1060 2812 1123 etiam
2858 1081 3030 1124 nune
3065 1059 3270 1124 habeo
3312 1082 3437 1143 qua
3471 1059 3600 1126 fide
3651 1081 3902 1142 quaque
3960 1059 4300 1145 diligentia

2361 1142 2428 1206 in
2474 1164 2578 1207 me
2614 1143 2696 1208 ad
2740 1146 3045 1227 pietatem
3071 1146 3674 1227 humanitatemque
3712 1144 4124 1212 informando
4166 1170 4299 1215 una

2359 1246 2507 1291 cum
2562 1228 2938 1296 clarissimis
2994 1232 3150 1295 viris
3210 1231 3292 1295 D.
3344 1230 3650 1311 Capitone,
3694 1228 3954 1309 Bucam,
4004 1231 4298 1316 Stamio,

2359 1312 2638 1379 Hedione
2675 1325 2874 1398 atque
2916 1314 3186 1382 Bodroto
3230 1317 3633 1399 Argentinae
3692 1314 3928 1380 abhinc
3963 1338 4170 1384 annos
4221 1323 4297 1386 16

2356 1421 2515 1465 usus
2569 1401 2676 1476 313,
2722 1422 2956 1485 meque
3009 1422 3126 1483 pro
3184 1401 3305 1467 hoc
3360 1409 3546 1465 tanto
3586 1401 4019 1467 institutionis
4055 1403 4298 1472 benefl-

2355 1485 2472 1561 cio,
2544 1507 2673 1550 non
2740 1486 2883 1551 dico
2950 1486 3202 1551 nullam
3267 1487 3584 1552 hactenus
3650 1487 3949 1552 retulisse
4005 1493 4288 1572 gratiam

2354 1571 2530 1653 (fieri
2580 1573 2754 1636 enim
2809 1572 2894 1651 id,
2953 1591 3072 1635 nec
3123 1572 3179 1637 si
3217 1574 3418 1637 vitam
3465 1593 3582 1655 pro
3624 1582 3689 1636 te
3725 1573 4110 1655 profundam
4158 1599 4288 1645 uon

2352 1667 2622 1738 posset),
2677 1656 2789 1722 sed
2857 1678 2975 1723 nec
3028 1658 3200 1739 grati
3259 1658 3461 1722 animi
3510 1658 4052 1739 significationem
4089 1663 4287 1728 etiam

2353 1742 2555 1808 ullam
2645 1743 2918 1809 dedisse.
3007 1741 3199 1822 Quod
3256 1765 3457 1826 quum
3511 1744 3676 1808 mihi
3742 1744 4040 1826 inprimis
4096 1754 4289 1831 turpe
4352 1780 4359 1786 ’

2350 1850 2492 1894 0330
2528 1828 2851 1906 ducerem,
2893 1829 3063 1893 hanc
3106 1828 3426 1894 scribendi
3463 1829 3545 1893 ad
3582 1840 3665 1907 10,
3700 1829 4025 1912 3111111Ιο110
4068 1832 4295 1899 eluen-

2348 1913 2469 1978 dae
2505 1916 2693 1980 istius
2737 1914 3052 1991 maculae,
3090 1916 3488 1980 occasionem
3525 1917 4047 1998 praetermittere
4091 1920 4289 2000 nolui,

2347 2010 2638 2082 optatam
2681 2001 2843 2066 mihi
2888 1999 3166 2083 quidem,
3211 2000 3324 2065 sed
3346 2001 3697 2083 gratiorem
3740 2001 3950 2067 multo
3983 2004 4289 2085 futuram,

2347 2085 2404 2148 si
2448 2084 2760 2168 postridie
2805 2108 2996 2169 quam
3043 2085 3205 2151 haec
3240 2086 3469 2167 scripsi
3523 2086 3752 2151 fuisset
3795 2087 4028 2153 oblata.
4118 2091 4290 2158 Nam

2348 2181 2496 2237 acta
2538 2174 2968 2250 comitiorum,
3004 2193 3168 2254 quae
3202 2170 3601 2254 publicatum
3645 2172 3725 2235 iri
3771 2194 3845 2236 eo
3883 2173 3987 2238 die
4030 2186 4289 2243 consta-

2345 2257 2477 2336 bat,
2524 2257 2607 2322 ad
2651 2270 2715 2323 te
2757 2260 3115 2323 misissem:
3161 2278 3324 2340 quae
3369 2279 3492 2336 res,
3536 2259 3591 2322 si
3629 2257 3792 2321 nihil
3826 2259 4021 2338 aliud,
4064 2271 4286 2330 tamen

2343 2342 2571 2408 literas
2646 2354 2822 2410 certe
2902 2344 3022 2409 has
3067 2363 3248 2407 meas
3312 2342 3431 2406 tibi
3500 2342 3890 2408 reddidisset
3943 2348 4280 2427 gratiores.

2343 2428 2525 2511 Quas
2570 2439 2787 2495 tamen
2833 2451 2917 2494 ne
2961 2431 3053 2495 sic
3086 2428 3367 2510 quidem,
3405 2449 3568 2512 quae
3614 2440 3723 2493 tua
3767 2441 3866 2494 est
3888 2430 4278 2513 humanitas,

2341 2516 2461 2579 tibi
2505 2516 2801 2599 ingratas
2842 2515 2984 2581 fore
3026 2514 3299 2592 confido,
3337 2516 3573 2598 quippe
3611 2515 3737 2579 mei
3792 2535 3949 2598 erga
3993 2526 4057 2581 te
4100 2539 4280 2584 atno-

2339 2603 2433 2666 ris
2469 2608 2682 2677 103103,
2710 2612 2775 2665 01
2797 2621 3006 2666 11103111
3044 2601 3160 2666 tibi
3200 2602 3270 2664 in
3294 2601 3473 2664 omni
3496 2601 3851 2665 officiorum
3877 2622 4112 2683 genere
4134 2625 4282 2686 ope-

2340 2708 2483 2752 ram
2534 2686 2914 2753 deferentes.
3005 2687 3187 2752 Bene
3234 2686 3394 2764 vale,
3431 2686 3522 2750 mi
3568 2685 3650 2750 D.
3696 2684 3953 2753 Calvino
3996 2690 4274 2755 ornatis-

2339 2775 2520 2850 sime,
2580 2783 2647 2838 et
2699 2772 3009 2856 Spartam
3059 2794 3257 2855 quam
3301 2783 3532 2838 nactus
3578 2792 3665 2851 es,
3711 2773 4051 2837 ecclesiam
4095 2774 4274 2841 vide-

2336 2858 2488 2923 licet
2543 2879 2847 2940 sponsam
2912 2856 3181 2937 Christi,
3246 2878 3583 2937 exornare,
3643 2868 3716 2921 ut
3773 2856 3951 2936 facis,
4019 2862 4274 2927 fortiter

2336 2965 2569 3028 perge,
2629 2943 2978 3010 auditurus
3034 2944 3191 3008 olim
3245 2946 3475 3026 quavis
3531 2944 3782 3009 musica
3826 2945 4275 3011 iucundiorem

2337 3051 2594 3096 vocem:
2667 3031 2856 3116 Euge
2914 3052 3100 3095 serve
3150 3031 3317 3094 bone
3370 3042 3485 3094 010.
3565 3029 3676 3094 Me
3735 3028 3850 3093 tibi
3896 3030 4274 3098 commendo

2337 3117 2538 3181 etiam
2574 3127 2767 3200 atque
2810 3118 3026 3181 etiam.
3114 3117 3444 3200 Rogarem
3479 3118 3632 3181 item
3680 3124 3752 3179 ut
3810 3115 3892 3180 ad
3936 3137 4042 3182 me
4087 3120 4282 3185 vicis-

2337 3203 2462 3267 sim
2505 3202 2752 3285 aliquid
2789 3203 3124 3279 scriberes,
3169 3201 3283 3267 sed
3328 3204 3481 3267 novi
3525 3203 3979 3284 occupationes
4023 3210 4167 3269 tuas
4210 3215 4280 3271 et

2337 3309 2619 3372 agnosco
2663 3288 2851 3354 facile
2894 3309 3027 3353 non
3067 3309 3145 3353 ea
3188 3309 3292 3353 me
3336 3309 3477 3353 esse
3520 3287 3890 3353 conditione
3934 3291 4110 3353 utin
4155 3312 4277 3356 nu-

2337 3396 2591 3439 merum
2650 3385 2913 3439 tuorum
2977 3375 3102 3438 sim
3158 3373 3583 3455 recipiendus.
3688 3373 3852 3438 Vale
3919 3375 4155 3440 iterum
4217 3383 4277 3441 ἐν

2338 3462 2630 3546 Χριστφῖ
2719 3464 3058 3543 Augustae
3105 3464 3158 3523 7.
3207 3458 3344 3523 Cal.
3392 3458 3620 3525 Octob.
3671 3480 3842 3523 auno
3892 3465 3987 3523 55.

3211 4005 3413 4074 2305.

2763 4157 3191 4226 ZANCHUS
3237 4157 3873 4225 RULLINGERO.

2512 4330 2741 4397 Contra
2796 4329 3262 4397 Lutherozatras
3320 4330 3569 4396 Caluini
3633 4329 3871 4396 librum
3935 4331 4011 4394 de
4065 4329 4279 4395 eucha-

2335 4420 2527 4484 ristia
2566 4418 3015 4500 impuynantes,

2337 4590 2698 4656 (Excerptum
2745 4605 2812 4641 ex
2869 4588 3204 4658 autographo
3255 4588 3416 4641 Arch.
3456 4588 3630 4642 Turio.
3681 4587 3826 4641 Plut.
3863 4587 3955 4641 VI.
4005 4587 4121 4641 Vol.
4159 4587 4279 4658 170,

2383 4658 2514 4713 olim
2550 4658 2720 4711 Scrin.
2760 4657 2817 4709 B.
2858 4657 2989 4727 Epp.
3029 4657 3179 4710 Tom.
3216 4656 3301 4720 44,
3339 4657 3425 4711 fol.
3467 4654 3582 4710 753.
3626 4684 3686 4694 —-
3728 4656 3940 4711 Simler.
3977 4657 4094 4714 Vol.
4129 4655 4243 4723 85.)

2510 4831 2673 4895 Viro
2725 4830 2968 4914 optimo
3023 4838 3090 4894 et
3144 4830 3390 4912 pastori
3425 4828 3808 4913 dignissimo
3857 4829 3936 4893 D.
3984 4829 4274 4895 Henrico

2335 4915 2725 5001 Bullingero
2769 4915 2976 4981 amico
3020 4923 3085 4980 et
3127 4915 3438 4996 compatri
3483 4912 4090 5083 Observandffizntissi'

2335 5207 4276 5224 —-·——-———-——————-——---———

2336 5257 2522 5326 Scies
2564 5260 2780 5325 libello
2827 5261 2906 5324 D.
2951 5257 3198 5326 calvini
3240 5257 3320 5323 de
3363 5279 3435 5324 re
3468 5257 3899 5323 eucharistica
3950 5280 4026 5323 eo
4068 5281 4274 5343 usque

2333 5345 2625 5411 irritatos
2659 5346 2856 5410 fuisse
2880 5342 3309 5422 adversarios,
3347 5355 3419 5408 111
3442 5345 3809 5427 pertinaces
3851 5365 3981 5409 non
4028 5344 4273 5428 pudue-
