4850 6200
520 419 638 481 331

516 602 733 681 iacuit,
793 602 1022 679 virtus,
1081 604 1147 666 et
1201 600 1271 664 in
1330 619 1401 664 re
1457 606 1594 664 tam
1653 598 1990 681 praeclara
2041 594 2466 663 memorabile

519 690 622 754 sui
665 688 1128 754 documentum
1189 683 1513 769 praebeat.
1618 684 1847 767 Neque
1892 704 2052 750 vero
2105 704 2213 747 me
2272 681 2340 747 fu
2394 683 2463 759 't,

520 784 636 840 aut
693 795 887 859 quam
932 772 1172 837 arduae
1215 772 1304 836 sit
1348 770 1536 835 molis
1576 791 1736 854 opus
1755 822 1772 848 ,
1830 778 1944 835 aut
1999 790 2192 852 quam
2236 702 2464 832 10111111-

517 861 723 947 011000
759 867 826 925 01
860 878 1134 943 magnae
1171 855 1587 923 difficultates
1619 856 1890 933 instent,
1928 875 2088 939 quas
2125 874 2245 918 suo
2281 873 2465 918 more

519 950 779 1033 ingeret
822 942 1047 1011 Satan.
1149 941 1309 1009 Sed·
1343 963 1541 1025 quum
1587 942 1695 1008 hic
1753 961 1872 1025 pro
1931 941 2141 1025 gloria
2197 939 2324 1004 Dei
2384 937 2466 1002 de

521 1033 773 1100 Christi
822 1052 893 1094 re
987 1053 1041 1107 o,
1106 1050 1221 1111 pro
1279 1048 1610 1093 sacrorum
1658 1027 1961 1111 puritate,
2017 1047 2132 1109 pro
2190 1024 2466 1090 humani

520 1119 781 1205 generis
827 1139 857 1181 s
928 1128 1036 1180 ute
1085 1122 1434 1198 pugnetur,
1490 1134 1570 1178 ea
1626 1120 1725 1177 est
1771 1132 2004 1179 causae
2060 1110 2467 1185 excellentia,

521 1225 686 1290 quae
727 1210 792 1266 et
834 1201 1165 1266 molestias
1209 1220 1433 1266 omnes
1478 1197 1820 1264 absorbeat
1854 1218 1969 1264 sua
2013 1197 2205 1263 laude
2251 1207 2318 1261 et
2352 1195 2466 1261 ob-

522 1288 770 1355 stacula
813 1286 1002 1353 facile
1046 1294 1325 1372 superet.
1425 1283 1571 1349 Imo
1627 1283 1782 1368 quid
1818 1282 2149 1369 agendum
2194 1283 2298 1360 sit,
2341 1282 2466 1364 ipsi

519 1375 822 1440 veritatis
876 1374 1100 1438 hostes
1170 1394 1288 1438 suo
1346 1371 1644 1453 exemplo
1712 1369 2179 1454 praescribant.
2294 1368 2470 1433 Nam

520 1482 647 1545 quo
698 1460 911 1525 0011110
965 1459 1050 1524 011
1108 1479 1251 1523 eam
1321 1454 1818 1540 opprimendam
1892 1456 2054 1522 eniti
2112 1475 2223 1520 eos
2289 1453 2471 1518 videt

519 1548 612 1614 M.
662 1547 922 1620 Vestra,
967 1566 1043 1609 eo
1066 1545 1322 1627 turpius
1367 1553 1539 1608 esset
1560 1544 1867 1607 insanum
1911 1562 2138 1607 eorum
2169 1539 2472 1605 ardorem

520 1655 651 1699 non
719 1631 954 1696 saltem
1035 1630 1298 1696 cordata
1363 1630 1751 1694 strenuitate
1818 1647 2112 1711 aequare.
2238 1626 2473 1690 Ruant

521 1720 726 1804 igitur
785 1736 979 1800 quam
1045 1715 1335 1781 maximo
1392 1724 1704 1798 poterunt
1773 1714 2056 1797 impetu,
2133 1711 2472 1776 machinas

521 1826 748 1871 omnes
795 1802 1203 1877 admoveant,
1247 1801 1445 1884 ignea
1487 1821 1652 1882 quae
1688 1797 1899 1866 Satan
1932 1798 2063 1863 illis
2098 1796 2478 1881 suppeditat

523 1900 592 1955 et
635 1891 964 1954 virulenta
998 1888 1210 1953 iacula
1254 1897 1619 1969 torqueant,
1665 1894 1802 1950 tam
1857 1884 2113 1949 insidiis
2174 1883 2473 1964 denique,

523 1996 722 2059 quam
767 1983 992 2058 aperto
1014 1973 1234 2038 Marte
1270 1982 1683 2055 grassentur:
1721 1969 1881 2035 adeo
1904 1970 1987 2035 ad
2029 1968 2475 2054 frangendum

523 2082 913 2146 generosum
973 2072 1199 2143 peetus
1222 2111 1235 2131 ,
1282 2068 1350 2123 et
1405 2056 1666 2123 coelesti
1721 2058 1988 2141 spiritus
2045 2056 2166 2121 Dei
2229 2055 2476 2119 virtute

523 2148 893 2232 praeditum
938 2145 1102 2209 haec
1123 2144 1342 2209 omnia
1363 2143 1582 2208 valere
1625 2164 1756 2207 non
1784 2142 2039 2217 debent,
2087 2153 2162 2205 ut
2205 2139 2476 2205 totidem

528 2235 666 2297 sint
736 2232 953 2315 potius
1026 2230 1106 2293 ad
1186 2232 1360 2312 piam
1427 2229 1733 2293 contrarii
1802 2228 2004 2292 studii
2073 2240 2139 2292 et
2204 2235 2478 2291 conatus

525 2318 1030 2385 aemulationem
1098 2315 1363 2381 stimuli.
1488 2314 1639 2380 Huc
1707 2313 1987 2390 accedit,
2045 2311 2216 2397 quod
2272 2332 2479 2394 quum

526 2405 707 2470 Deus
752 2403 1090 2488 proprium
1143 2423 1306 2486 opus
1364 2421 1552 2466 suum
1612 2420 1752 2465 esse
1810 2408 2079 2477 asserat,
2124 2398 2479 2480 collapsam

526 2491 882 2567 ecclesiam,
950 2491 1131 2553 001110
1198 2498 1300 2553 001
1377 2487 1608 2552 unicus
1690 2485 1999 2550 fundator
2028 2538 2043 2556 ,
2110 2484 2478 2562 restituere,

523 2575 699 2643 haud
749 2574 939 2640 dubie
985 2573 1402 2640 statuendum
1449 2580 1550 2638 est
1593 2593 1741 2637 eum
1787 2571 1972 2637 nobis
2026 2568 2480 2635 laborantibus

522 2663 793 2727 minime
838 2660 1074 2725 defore.

700 2747 1070 2822 Caeterum,
1123 2746 1274 2828 quia
1319 2744 1500 2809 vobis
1547 2754 1874 2809 certamen
1926 2751 2027 2808 est
2085 2764 2213 2807 non
2270 2742 2479 2807 solum

523 2856 672 2901 cum
722 2833 1092 2899 domesticis
1135 2831 1429 2896 hostibus
1473 2829 1588 2895 sed
1644 2830 1754 2912 qui
1814 2850 1884 2894 00
1926 2827 2262 2913 religionis
2307 2829 2480 2891 anti-

521 2922 728 2993 stites,
775 2917 1071 2985 custodes
1108 2936 1442 2983 sacrorum
1478 2928 1544 2980 et
1586 2914 1897 2981 ecclesiae
1933 2922 2151 2997 patres
2195 2934 2270 2981 00
2307 2920 2481 2977 tuto-

522 3028 631 3071 res
668 3026 807 3071 osse
853 3005 1129 3069 iactant:
1176 3001 1486 3085 perplexa
1507 3001 1674 3065 forte
1696 3001 1768 3064 in
1810 3000 1935 3066 hoc
1979 3009 2160 3064 metu
2184 3000 2480 3064 haerebit

523 3092 768 3157 Vestra
789 3090 1123 3168 Maiestas,
1167 3109 1252 3152 ne
1296 3087 1450 3170 quid
1496 3096 1758 3170 praeter
1780 3086 1975 3152 officii
2009 3087 2109 3152 sui
2153 3085 2480 3151 rationem

525 3189 751 3242 tentet.
863 3176 955 3239 Et
1033 3181 1210 3239 certe
1281 3173 1403 3238 hoc
1457 3172 1614 3238 filiis
1671 3171 1798 3237 Dei
1865 3174 2274 3258 propositum
2335 3192 2477 3237 esse

526 3263 717 3327 debet
764 3263 831 3325 in
879 3260 1058 3324 omni
1102 3258 1378 3336 actione,
1423 3278 1498 3325 00
1544 3258 1805 3341 penitus
1853 3260 2080 3337 fixum,
2140 3280 2223 3323 ne
2282 3278 2478 3323 voca-

525 3350 724 3414 tionis
771 3366 927 3412 suae
963 3357 1170 3410 metas
1215 3343 1641 3411 transsiliant.
1730 3345 1911 3429 Ergo
1955 3365 2037 3409 110
2079 3346 2224 3428 0010
2262 3364 2477 3408 vanus

525 3445 741 3500 terror
787 3454 904 3497 vos
963 3433 1054 3497 im
1103 3429 1280 3496 ediat
1339 3430 1445 3496 vel
1502 3439 1817 3506 moretur,
1871 3431 2096 3515 paucis
2152 3441 2477 3514 quatenus

524 3519 890 3586 timendum
938 3519 1024 3583 sit
1058 3452 1392 3583 disseram.
1451 3516 1545 3582 Ut
1586 3537 1771 3582 suam
1809 3515 2246 3584 hierarchiam
2289 3513 2478 3580 nobis

514 3606 775 3673 assidue
830 3603 1192 3670 obtrudunt
1249 3604 1576 3686 papistae:
1651 3604 1745 3666 ita
1823 3623 1954 3668 nou
2028 3600 2250 3668 dubito
2316 3600 2477 3684 quin

523 3692 754 3758 eodem
804 3690 973 3774 apud
1022 3711 1137 3754 vos
1181 3689 1409 3774 clypeo
1454 3709 1526 3753 se
1570 3688 1891 3754 muniant.
1943 3687 2117 3753 Nam
2161 3688 2314 3770 quia
2355 3705 2479 3750 nos

520 3781 595 3845 in
673 3776 949 3864 singulis
1023 3775 1358 3840 doctrinae
1435 3774 1761 3857 capitibus
1836 3774 2031 3858 longe
2108 3773 2476 3855 superiores

521 3862 771 3938 vident,
819 3861 900 3927 ad
946 3862 1118 3926 hanc
1160 3860 1469 3926 miseram
1502 3859 1820 3926 latebram
1866 3860 2020 3925 victi
2049 3859 2473 3942 confugiunt:

521 3949 823 4035 quamvis
888 3947 1414 4030 corruptissimus
1488 3947 1574 4011 sit
1655 3945 1966 4011 ecclesiae
2035 3958 2273 4022 status,
2342 3963 2479 4008 non

523 4036 721 4102 licere
766 4045 989 4098 tamen
1035 4032 1215 4098 laicis
1261 4032 1399 4097 eius
1446 4032 1609 4097 vitia
1642 4032 1980 4116 attingere.
2041 4032 2177 4096 Nec
2221 4027 2481 4095 subter-

522 4122 706 4206 fugio
751 4120 1062 4196 contenti,
1109 4119 1339 4183 cristas
1375 4118 1672 4202 erigunt:
1717 4118 1871 4201 quia
1904 4118 2095 4181 Petro
2140 4117 2334 4182 110100
2378 4128 2478 4180 001

525 4211 595 4274 10
640 4201 982 4271 ecclesiam
1023 4204 1380 4287 primatus,
1437 4216 1504 4268 et
1557 4213 1735 4269 totus
1773 4203 1987 4269 clerus
2029 4203 2278 4287 papalis
2322 4221 2480 4267 cou-

525 4297 717 4360 tinua
761 4290 1165 4356 successione
1208 4290 1289 4355 ab
1333 4289 1494 4374 ipsis
1549 4289 1855 4373 apostolis
1899 4289 2029 4354 huc
2094 4310 2297 4374 usque
2333 4285 2480 4353 des-

524 4377 777 4454 cendit,
837 4374 917 4442 ad
974 4377 1148 4460 ipsos
1203 4376 1372 4441 solos
1432 4384 1729 4460 spectare
1794 4376 1895 4440 ius
1954 4387 2021 4439 et
2087 4382 2479 4458 potestatem

523 4464 888 4552 spiritualis
936 4462 1288 4545 regiminis.
1379 4460 1606 4543 Quare
1643 4462 1804 4527 haec
1851 4460 1981 4527 duo
2012 4462 2302 4527 breviter
2347 4458 2482 4525 dis-

523 4563 747 4621 cutere
813 4569 1048 4633 operae
1113 4547 1395 4632 pretium
1463 4547 1674 4613 fuerit.
1803 4546 2030 4629 Neque
2104 4554 2325 4612 tamen
2401 4543 2482 4609 de

525 4639 816 4724 primatu
863 4636 1201 4699 Romanae
1245 4632 1418 4699 sedis
1464 4634 1646 4716 quasi
1692 4653 1775 4697 ex
1819 4633 2113 4716 professo
2160 4632 2266 4697 hie
2309 4640 2481 4696 trao-

526 4727 712 4790 1011οε
759 4723 908 4806 quia
957 4722 1125 4784 hauc
1170 4739 1427 4785 causam
1489 4720 1582 4785 010
1639 4718 1799 4783 mihi
1861 4719 2072 4802 egisse
2130 4716 2353 4782 videor
2407 4722 2484 4779 ut

526 4812 659 4876 iam
705 4830 839 4872 1100
875 4806 1018 4871 0100
1063 4827 1319 4871 summa
1359 4805 1775 4888 impudentia
1829 4804 1956 4868 sibi
2002 4816 2264 4887 arroget
2315 4821 2484 4885 papa

479 4909 486 4916 ·
526 4895 702 4976 quod
750 4902 942 4958 antea
988 4891 1263 4957 solebat:
1312 4892 1513 4957 totius
1566 4891 1813 4956 scilicet
1856 4889 2168 4955 ecclesiae
2226 4909 2296 4954 se
2340 4909 2483 4954 esse

524 4989 741 5064 caput.
831 4979 1004 5042 Nam
1048 5000 1248 5059 quum
1291 4978 1541 5043 Paulus
1586 4975 1668 5040 ad
1704 4974 2023 5039 unitatem
2069 4997 2188 5040 nos
2233 4974 2482 5039 hortari

525 5067 774 5138 volens,
816 5086 1018 5127 unum
1058 5064 1291 5140 Deum,
1329 5084 1532 5127 unam
1567 5062 1783 5138 fidem,
1823 5082 2027 5126 unum
2062 5060 2481 5144 baptismum,

525 5172 738 5216 unum
784 5150 1103 5234 spiritum,
1151 5170 1359 5215 unum
1420 5148 1758 5212 dominum
1803 5154 1872 5210 et
1914 5168 2120 5212 unum
2174 5146 2484 5214 eeclesiae

526 5259 764 5321 corpus
809 5258 949 5302 esse
991 5236 1192 5312 docet,
1240 5233 1513 5318 (Ephes.
1563 5238 1621 5308 4,
1664 5231 1728 5314 5)
1772 5232 2046 5298 minime
2088 5234 2257 5319 quod
2299 5235 2380 5299 ad
2415 5234 2484 5301 id

525 5323 939 5410 probandum
995 5322 1268 5388 maximi
1325 5316 1633 5401 ponderis
1689 5330 1861 5396 erat,
1920 5320 2221 5388 omittere
2281 5319 2482 5387 debu-

2166 404 2632 475 EPISTOLA
2673 408 2842 470 2057

4394 407 4520 469 332

2563 595 2740 674 10001,
2784 615 2992 661 00010
3013 615 3155 660 0000
3175 615 3507 660 summum
3549 594 3938 679 pontificem,
3973 595 4160 661 cuius
4203 595 4521 663 autoritas

2565 690 2774 746 totam
2860 680 3202 747 ecclesiam
3277 680 3348 745 in
3421 680 3900 746 coniunctionis
3963 678 4193 746 ordine
4257 680 4518 747 retinet.

2565 767 2838 833 Fuisset
2899 767 3105 851 igitur
3166 764 3331 833 haec
3414 767 3629 850 turpis
3694 766 3966 840 oblivio,
4055 787 4186 831 non
4251 787 4521 832 monere

2566 852 2797 920 fideles
2859 864 2932 917 ut
2987 852 3108 918 sub
3167 871 3301 917 uno
3354 853 3567 937 capite
3633 850 3954 918 divinitus
4011 852 4134 918 sibi
4193 853 4520 936 praefecto

2567 947 2913 1005 maneant:
2969 939 3027 1004 si
3086 938 3209 1002 hoc
3268 959 3497 1003 verum
3561 937 3826 1015 fuisset,
3879 938 4107 1003 datum
4165 939 4233 1002 in
4292 960 4521 1006 omnes

2568 1024 2876 1091 ecclesias
2943 1024 3062 1089 uni
3124 1023 3377 1089 homini
3440 1045 3583 1090 esse
3646 1025 4023 1108 primatum.
4147 1022 4284 1090 Sed
4363 1025 4522 1090 alibi

2569 1110 2749 1197 (Gal.
2798 1116 2855 1185 2,
2904 1109 2972 1194 7)
3016 1110 3175 1176 00110
3217 1107 3392 1175 111010
3445 1130 3517 1175 00
3568 1110 3787 1192 100010
3840 1110 4142 1193 explieat,
4187 1109 4344 1175 dum
4399 1110 4523 1177 sibi

2569 1196 2853 1262 eundem
2894 1198 3067 1261 inter
3105 1195 3386 1279 gentiles
3430 1194 3863 1278 apostolatum
3905 1215 4049 1261 esse
4093 1197 4351 1273 asserit,
4410 1197 4523 1280 qui

2571 1281 2767 1348 Petro
2797 1280 2989 1347 datus
3033 1292 3178 1346 erat
3217 1281 3393 1347 inter
3431 1281 3727 1347 Iudaeos.
3786 1281 3915 1348 Hic
3959 1289 4134 1348 certe
4156 1303 4285 1347 non
4332 1281 4523 1347 modo

2572 1369 2886 1434 statuitur
2928 1366 3288 1451 aequalitas
3333 1368 3509 1432 inter
3544 1367 3722 1445 duos,
3761 1364 3876 1432 sed
3920 1366 4071 1433 talis
4115 1369 4193 1431 fit
4235 1368 4524 1452 partitio,

2573 1462 2649 1519 ut
2690 1454 2952 1537 proprie
2993 1450 3316 1535 loquendo
3362 1454 3634 1519 minime
3676 1453 3759 1518 ad
3805 1473 3924 1518 uos
3967 1454 4294 1535 pertineat
4337 1454 4524 1519 Petri

2575 1539 2990 1624 apostolatus.
3098 1538 3405 1622 Denique
3470 1540 3541 1604 in
3606 1538 3720 1603 illo
3788 1560 3979 1621 quem
4045 1559 4260 1622 nuper
4324 1540 4524 1605 citavi

2574 1627 2715 1692 loco
2761 1625 3026 1710 (Ephes.
3086 1632 3146 1702 4,
3210 1629 3335 1703 11),
3403 1623 3666 1690 modum
3735 1624 4062 1709 regendae
4117 1625 4429 1690 ecclesiae
4485 1647 4527 1691 a

2576 1711 2845 1778 Christo
2920 1711 3247 1776 sancitum
3328 1710 3676 1787 definiens,
3758 1732 3887 1776 nou
3970 1708 4130 1776 dicit
4203 1711 4527 1776 vicarium

2575 1818 2783 1863 unum
2846 1796 2927 1860 ab
2985 1817 3061 1861 eo
3118 1807 3408 1861 creatum
3467 1817 3628 1874 esse,
3683 1798 3794 1880 qui
3850 1794 4211 1862 absentiam
4270 1797 4409 1863 eius
4452 1797 4527 1861 in

2577 1884 2770 1949 terris
2813 1881 3173 1965 suppleret:
3233 1881 3348 1947 sed
3393 1881 3738 1966 apostolos,
3793 1888 4084 1965 pastores
4127 1890 4196 1947 et
4230 1881 4527 1948 doctores

2575 1971 2778 2036 fuisse
2820 1969 3173 2045 institutos,
3233 1969 3346 2051 qui
3403 1969 3470 2033 in
3526 1989 3871 2034 commune
3927 1968 4288 2034 secundum
4344 1990 4528 2034 men-

2578 2076 2802 2121 suram
2847 2053 3098 2138 gratiae
3144 2054 3498 2138 unicuique
3541 2053 3763 2119 datam
3806 2052 4120 2118 laborent.
4225 2053 4426 2120 Certe
4470 2058 4528 2119 si

2578 2161 2784 2206 unum
2839 2140 3141 2205 omuibus
3198 2160 3499 2223 praeesse
3554 2140 3753 2205 vellet
3829 2140 4043 2218 Deus,
4110 2161 4242 2205 non
4309 2140 4531 2223 aliqua

2582 2228 2854 2311 spiritus
2908 2225 3204 2308 portione
3270 2246 3423 2291 eum
3490 2224 3764 2292 donaret
3780 2276 3795 2303 ,
3867 2225 3981 2290 sed
4049 2224 4529 2309 plenitudinem

2581 2313 2924 2378 conferret.
3016 2310 3343 2375 Cavillum
3380 2320 3600 2377 autem
3644 2311 3826 2397 illud,
3872 2310 4045 2395 quod
4089 2312 4291 2377 Petro
4335 2312 4530 2378 datae

2583 2399 2831 2463 fuerint
2869 2398 3106 2473 claves,
3150 2397 3295 2462 ideo
3338 2397 3411 2461 in
3469 2397 3841 2484 praesentia
3894 2417 4030 2462 non
4087 2398 4321 2476 refuto,
4378 2399 4533 2481 quia

2583 2484 2734 2568 plus
2778 2484 2939 2550 satis
2983 2481 3141 2547 alibi
3192 2491 3524 2548 ostensum
3579 2483 3725 2561 fuit,
3786 2504 3992 2566 papae
4048 2483 4254 2548 nihilo
4321 2484 4534 2569 magis

2583 2569 2891 2653 prodesse
2949 2591 3024 2635 00
3080 2569 3135 2633 01
3185 2565 3256 2632 111
3309 2569 3519 2634 cuivis
3561 2568 4008 2652 apostolorum
4052 2568 4300 2635 dictum
4344 2571 4531 2635 foret.

2586 2654 2775 2737 Quae
2811 2656 2989 2720 enim
3030 2654 3127 2720 illi
3173 2655 3472 2738 cognatio
3518 2655 3622 2719 vel
3668 2654 3955 2720 affinitas
3999 2675 4149 2721 cum
4195 2656 4414 2731 Petro,
4459 2666 4536 2719 ut

2586 2764 2657 2808 se
2692 2760 2814 2825 pro
2858 2738 3141 2807 haerede
3184 2739 3417 2823 gerat?
3515 2741 3686 2806 Nam
3746 2739 3915 2824 quod
3958 2740 4099 2805 loco
4142 2741 4247 2805 ius
4304 2739 4537 2807 datum

2585 2849 2726 2893 esse
2772 2825 3085 2905 obtendit,
3129 2826 3280 2911 plus
3325 2848 3518 2910 quam
3574 2827 3874 2911 ineptum
3936 2837 4052 2891 est.
4154 2825 4294 2891 Gur
4356 2829 4533 2892 enim

2583 2912 3085 2996 Hierosolymae
3126 2912 3344 2996 potius
3386 2934 3521 2977 non
3577 2922 3750 2978 esset
3792 2912 3979 2977 sedes
4023 2914 4363 2997 primatus,
4420 2913 4537 2979 ubi

2582 2999 2757 3065 filius
2804 2999 2933 3065 Dei
2978 3000 3122 3066 sine
3165 2998 3611 3065 controversia
3645 3019 3943 3067 summus
3983 2999 4283 3081 pontifex
4320 3019 4538 3064 sacer-

2584 3085 2760 3153 dotio
2804 3087 3072 3153 functus
3131 3084 3275 3150 est?
3378 3085 3633 3151 Verum
3683 3084 3864 3164 haec,
3911 3091 3986 3150 ut
4045 3084 4202 3163 dixi,
4268 3083 4538 3151 aliunde

2581 3181 2802 3256 petere
2853 3172 3060 3237 satius
3115 3181 3233 3246 est,
3282 3169 3391 3235 ubi
3436 3170 3694 3254 plenius
3739 3177 3893 3236 sunt
3935 3171 4265 3254 exposita:
4309 3192 4539 3254 quem-

2581 3256 2933 3323 admodum
2992 3265 3061 3322 et
3107 3255 3290 3334 illud,
3336 3256 3502 3322 nihil
3550 3257 3771 3323 minus
3821 3256 4089 3324 Christo
4135 3256 4339 3323 fuisse
4379 3277 4538 3341 pro·

2580 3344 2904 3428 positum,
2984 3362 3181 3426 quam
3262 3363 3466 3408 unum
3531 3342 3709 3407 inter
3787 3344 4107 3426 apostolos
4170 3343 4541 3427 principem

2582 3430 2853 3513 erigere.
2942 3428 3114 3493 Nam
3159 3449 3413 3494 summo
3455 3429 3763 3512 pontifici,
3801 3431 3915 3512 qui
3952 3428 4073 3495 sub
4112 3429 4257 3512 lege
4304 3429 4539 3514 viguit,

2581 3514 2727 3580 ideo
2795 3513 3111 3599 abrogata
3177 3511 3305 3578 fuit
3371 3512 3690 3599 dignitas,
3786 3521 3866 3580 ut
3916 3536 4094 3581 nunc
4162 3515 4341 3581 solus
4408 3515 4542 3580 Dei

2580 3600 2758 3666 filius
2793 3600 3080 3664 emineat
3124 3608 3437 3684 tanquam
3481 3609 3693 3684 caput,
3758 3601 4063 3666 omnibus
4117 3600 4190 3665 in
4236 3600 4542 3666 ordinem

2581 3686 3026 3751 membrorum
3091 3686 3347 3752 coactis.
3469 3688 3570 3750 Ac
3646 3687 3961 3772 sacrilega
4028 3685 4298 3753 audacia
4368 3684 4544 3751 illud

2580 3772 2860 3856 apostoli
2912 3770 3159 3839 dictum
3228 3772 3524 3856 papistae
3580 3772 3664 3837 ad
3770 3771 4133 3839 robandum
4194 3772 4356 3839 idoli
4434 3773 4546 3838 sui

2581 3857 3003 3943 tyrannidem
3048 3856 3462 3940 detorquent:
3504 3858 3718 3924 'l'rans
3746 3869 3863 3923 ato
3875 3857 4233 3925 sacerdotio
4270 3877 4545 3926 0000000

2582 3965 2726 4011 0000
2762 3942 3103 4009 transferri
3161 3942 3376 4029 legem
3432 3942 3656 4024 (Hebr‚
3723 3948 3780 4023 7,
3848 3949 3970 4020 12).
4072 3944 4303 4028 Neque
4358 3946 4547 4010 enim

2582 4030 2717 4095 illic
2761 4030 3090 4113 apostolus
3150 4028 3439 4115 disputat
3456 4082 3471 4108 ,
3527 4030 3844 4095 honorem
3903 4029 4142 4096 summi
4208 4031 4546 4113 pontificis

2583 4115 2666 4183 ab
2710 4114 2977 4180 homine
3031 4112 3113 4180 ad
3173 4117 3472 4200 quemvis
3527 4115 3858 4181 hominem
3927 4116 4322 4182 translatum
4371 4137 4544 4195 esse,

2583 4200 2699 4268 sed
2743 4199 3028 4267 residere
3072 4201 3144 4266 in
3180 4201 3372 4268 unico
3406 4201 3536 4267 Dei
3580 4202 3714 4268 filio
3757 4200 4110 4278 contendit,
4166 4203 4260 4267 ita
4294 4208 4368 4267 ut.
4403 4224 4547 4268 non

2582 4287 2752 4352 alius
2794 4285 3207 4369 quaerendus
3251 4289 3338 4352 sit
3379 4309 3740 4353 successor:
3806 4290 3959 4372 quia
4014 4288 4377 4354 secundum
4432 4309 4549 4352 or·

2583 4370 2806 4436 dinem
2852 4372 3335 4439 Melchisedech
3380 4373 3716 4440 ordinatus
3762 4384 3861 4439 est
3904 4374 4225 4453 sacerdos,
4287 4381 4361 4438 ut
4403 4374 4550 4440 fine

2584 4467 2804 4525 careat
2834 4458 3066 4537 (Hebr‚
3113 4462 3172 4537 7,
3218 4481 3278 4524 v.
3332 4464 3427 4524 15.
3479 4465 3601 4538 17).
3664 4461 3753 4524 Et
3772 4461 3961 4526 nobis
3985 4460 4249 4543 quidem
4273 4458 4549 4525 abunde

2584 4543 2885 4610 sufficere
2929 4544 3196 4610 deberet
3235 4566 3368 4610 una
3409 4547 3536 4612 Dei
3593 4547 3917 4625 voluntas,
3974 4545 4166 4611 sicuti
4224 4566 4384 4611 vera
4437 4555 4551 4611 est

2587 4630 2919 4714 legitimae
2975 4630 3465 4715 gubernationis
3510 4632 3758 4716 regula,
3827 4639 3895 4697 et
3951 4633 4058 4698 lex
4115 4630 4547 4697 inviolabilis.

2586 4714 2720 4782 Sed
2764 4715 3014 4783 00001111
3054 4717 3276 4796 011010,
3338 4717 3509 4802 00011
3551 4738 3766 4801 00000
3809 4717 4115 4801 0000111110
4172 4727 4273 4783 001
4326 4737 4551 4801 neque

2587 4803 2855 4885 expedit
2896 4824 3107 4868 unum
3152 4825 3295 4870 esse
3335 4805 3404 4869 in
3448 4805 3639 4867 terris
3685 4804 3887 4870 totius
3931 4804 4241 4871 ecclesiae
4300 4815 4544 4886 caput:

2584 4890 2739 4972 quia
2781 4897 2847 4953 et
2889 4888 3012 4955 hoc
3054 4889 3385 4956 humanae
3427 4889 3831 4954 infirmitatis
3867 4889 4136 4956 modum
4179 4889 4374 4974 longe
4420 4910 4551 4954 ex-

2585 4973 2864 5053 cederet,
2919 4997 3129 5059 neque
3174 4977 3386 5059 aptari
3441 4985 3662 5057 posset
3715 4976 3799 5040 ad
3855 4997 4267 5042 communem
4325 4997 4550 5043 usum.

2582 5061 2891 5145 Denique
2934 5061 3073 5127 sola
3116 5061 3386 5127 ambitio
3429 5070 3499 5125 et
3563 5062 3867 5144 superbia
3921 5064 4282 5145 primatum
4338 5062 4549 5140 hune,

2586 5168 2780 5231 quem
2877 5146 3069 5213 nobis
3155 5156 3494 5231 opponunt
3578 5148 4066 5227 Romanenses,
4167 5148 4550 5214 fabricavit.

2584 5235 2796 5300 Vetus
2841 5232 3104 5316 quidem
3148 5233 3421 5299 ecclesia
3464 5233 3897 5316 patriarchiae
3940 5234 4247 5311 instituit,
4293 5241 4360 5300 et
4399 5233 4558 5301 sin-

2584 5319 2757 5405 gulis
2814 5320 3013 5384 etiam
3076 5319 3433 5402 provinciis
3470 5320 3784 5404 quosdam
3832 5321 4133 5387 attribuit
4193 5321 4557 5404 primatus,
