4850 6200
342 399 454 463 309

1198 586 1398 657 2078.

711 758 1208 828 PARELLUS
1244 759 1884 828 BULLINGERO.

499 929 1708 1012 Gratulaturoiipsiusasmatus
1782 931 2139 1000 Tnmcem‘
2093 933 2273 999 ’in

330 1037 517 1082 causo
563 1016 1050 1082 Locarnensium
1087 1016 1337 1099 fortiter
1365 1018 1744 1099 praeditum
1787 1019 2124 1085 anxium.

329 1189 434 1251 (Ex
489 1185 827 1257 autographo
888 1187 1020 1241 Cod.
1078 1187 1216 1242 Bibl.
1271 1188 1447 1242 Carol.
1500 1188 1679 1245 Turio.
1743 1190 1966 1244 Archiv.
2021 1191 2271 1263 Hotting.

328 1257 469 1310 Tem.
513 1255 631 1309 vn.
666 1273 806 1311 nune
861 1256 998 1310 Bibl.
1035 1257 1185 1311 civic.
1222 1256 1282 1311 F.
1317 1255 1403 1323 42,
1441 1273 1493 1326 p.
1528 1255 1612 1312 96.
1652 1286 1711 1296 -
1749 1258 1963 1314 Simler.
2001 1261 2268 1328 v0t184.)

327 1447 540 1528 Quam
637 1447 1192 1528 praestantissimo
1279 1445 1528 1512 Christi
1624 1468 1814 1514 servo
1903 1449 2268 1516 Heinricho

325 1532 709 1616 Bullingero
763 1533 1009 1616 pastori
1075 1531 1383 1598 ecclesiae
1451 1533 1812 1618 Tigurinae
1870 1535 2132 1619 pietatis
2191 1555 2269 1601 ac

325 1619 684 1685 affectionis
741 1636 935 1700 quam
982 1616 1486 1770 stogissirsegrtngo
1516 1621 1584 1685 in
1643 1618 1933 1686 Domino
1982 1622 2266 1687 multum

487 1877 758 1942 Gratias
799 1896 924 1960 ago
982 1875 1150 1959 patri
1198 1876 1788 1942 misericordiarum
1833 1878 2266 1961 omnipotenti

321 1964 453 2029 Deo
520 1963 630 2045 qui
697 1970 763 2026 te
827 1974 892 2026 et
953 1962 1155 2027 istum
1221 1971 1516 2028 sanctum
1596 1976 1899 2030 senatum
1967 1970 2267 2047 potenter

320 2048 763 2116 corroboravit
805 2048 873 2112 in
920 2048 1164 2113 tuenda
1207 2047 1532 2131 evangelii
1578 2049 1810 2134 gratia,
1855 2047 2027 2132 quod
2083 2049 2266 2115 nullo

319 2143 514 2209 metu,
554 2132 751 2199 nullis
794 2133 1011 2211 minis,
1048 2132 1249 2199 nullis
1293 2131 1571 2217 denique
1617 2134 1977 2201 rationibus
2030 2132 2266 2202 adduci

396 2220 617 2285 tuistis
653 2233 728 2285 ιιι
768 2218 1264 2285 subscriberetis
1308 2228 1443 2284 tam
1490 2220 1790 2286 nefandis
1834 2221 2263 2299 contumeliis,

318 2306 553 2389 quibus
574 2305 771 2370 facies
794 2304 1225 2387 redemptoris
1245 2304 1726 2389 fulgentissima
1759 2313 1828 2372 et
1849 2305 2264 2391 evangelium

317 2393 543 2459 salutis
587 2389 990 2474 conspuitur,
1036 2411 1120 2456 ox
1164 2400 1300 2456 tam
1356 2390 1561 2458 foedis
1616 2401 1685 2457 et
1745 2393 2002 2458 foetidis
2061 2392 2264 2475 ipsius

316 2477 708 2544 Antichristi
751 2476 1152 2553 humoribus,
1212 2477 1320 2559 qui
1389 2488 1522 2542 tam
1580 2478 1764 2544 abest
1817 2490 1894 2543 ut
1947 2479 2258 2561 concoqui

315 2583 608 2647 unquam
630 2562 885 2646 possint
912 2560 1086 2644 quod
1108 2563 1326 2646 potius
1349 2571 1685 2629 aeternum
1710 2564 1847 2629 sint
1868 2565 2258 2629 alimentum

319 2652 334 2664 ‘
432 2650 488 2714 ‘s
532 2650 783 2714 aeterni
828 2648 936 2730 qni
982 2668 1239 2731 semper
1274 2647 1597 2714 horrende
1641 2648 1960 2717 cruciabit
2001 2650 2256 2733 impios.

466 2756 533 2799 m
578 2746 646 2799 te
691 2733 1048 2817 amplexor,
1122 2734 1209 2798 mi
1255 2735 1496 2816 optime
1539 2734 1926 2819 Bullinqera
1987 2744 2054 2800 et
2111 2744 2259 2801 tuos

312 2821 614 2904 collegas,
659 2832 728 2885 et
769 2820 949 2903 pium
985 2830 1302 2884 senatum.
1403 2820 1673 2886 Utinam
1728 2821 1777 2886 ii
1821 2822 1930 2904 qui
1975 2821 2130 2886 olim
2177 2821 2259 2886 ad

312 2928 414 2973 me
465 2906 845 2973 scribebant
907 2906 1115 2987 pressi
1175 2926 1304 2970 non
1360 2927 1627 2989 prorsus
1701 2906 2001 2972 dissimili
2065 2928 2261 2973 causa

311 2993 570 3076 (quibus
635 2989 975 3074 respondi:
1051 2989 1160 3056 ubi
1224 2991 1550 3058 Dominus
1604 2991 1913 3076 loquutus
1965 2999 2065 3058 est
2129 3013 2258 3057 non

312 3101 450 3146 esse
501 3098 668 3164 opus
723 3076 1023 3156 consilio,
1080 3076 1443 3161 parendum
1515 3098 1655 3145 esse
1713 3086 1969 3144 tantum
2026 3077 2257 3163 verbo)

308 3167 522 3243 fortia,
567 3175 644 3230 nt
698 3161 958 3247 qnidam
1019 3162 1294 3238 dicebat,
1350 3167 1605 3248 sequuti
1658 3165 1934 3231 fuissent
1987 3164 2260 3230 consilia

309 3254 522 3335 magis
566 3270 762 3332 quam
804 3258 950 3314 tuta
991 3251 1177 3314 iuxta
1218 3271 1482 3315 sensnm
1529 3251 1911 3316 humanum.
2014 3250 2260 3317 Precor

309 3351 566 3421 patrem
617 3335 882 3401 Domini
950 3336 1157 3402 nostri
1223 3334 1370 3401 Iesu
1415 3334 1664 3402 Christi
1732 3349 1808 3402 ut
1870 3336 1984 3402 det
2048 3336 2256 3414 vobis,

308 3442 453 3488 cum
500 3421 681 3487 omni
725 3420 1044 3486 modestia
1070 3428 1137 3486 et
1178 3430 1555 3506 contemptu
1577 3423 1868 3488 omnium
1913 3442 2077 3507 quae
2101 3433 2259 3487 sunt

308 3509 621 3586 humana,
665 3526 1089 3591 perseverare
1131 3527 1324 3591 quam
1368 3509 1892 3574 constantissime
1935 3507 2002 3573 in
2048 3507 2258 3592 gloria

307 3593 562 3660 Christi
607 3591 955 3659 asserenda
999 3613 1254 3677 semper
1299 3613 1407 3657 ma
1456 3595 1510 3660 's
1551 3602 1620 3660 et
1676 3595 1902 3679 tnagis,
1968 3593 2257 3677 faxitque

305 3689 381 3745 nt
418 3678 634 3746 solida
677 3678 805 3744 fide
850 3679 1007 3758 nixi,
1052 3699 1202 3744 cum
1250 3679 1428 3744 Abra
1477 3700 1622 3745 amo
1657 3701 1772 3764 spe
1814 3687 2042 3745 contra
2073 3700 2256 3763 spem

306 3766 512 3842 fulcti,
559 3764 752 3849 plene
796 3763 1150 3829 obtineatis
1187 3764 1522 3830 victoriam
1568 3787 1691 3849 ope
1725 3766 2258 3850 praesentissima

307 3851 578 3918 victoris
666 3850 913 3917 Christi
982 3848 1204 3915 adiuti.
1329 3851 1426 3916 Mi
1491 3851 1889 3937 Bullinyere,
1967 3871 2100 3916 non
2160 3857 2258 3916 est

307 3936 474 4021 quod
525 3945 590 4002 te
628 3937 931 4002 conficias
965 3956 1162 4019 super
1197 3943 1330 4001 tam
1353 3938 1539 4022 gravi
1562 3937 1951 4003 contritione
1970 3937 2256 4014 Israelis,

307 4043 472 4107 quae
520 4043 678 4089 sane
722 4022 879 4087 satis
923 4020 1149 4087 defleri
1195 4042 1326 4087 non
1386 4033 1616 4108 potest.
1718 4022 2058 4107 Deplorati
2101 4031 2259 4088 sunt

305 4129 516 4193 paene
551 4128 782 4174 omnes
826 4118 892 4173 et
926 4107 1096 4172 ultro
1131 4108 1297 4172 iram
1332 4108 1606 4174 Domini
1653 4115 2032 4194 provocant.
2123 4105 2257 4174 Sed

306 4195 476 4260 vivit
524 4193 832 4261 Christus
876 4193 1063 4260 cuius
1104 4213 1300 4259 causa
1341 4195 1587 4279 agitur:
1636 4216 1803 4278 quae
1846 4195 1903 4261 si
1947 4192 2259 4278 prodatur

308 4301 349 4345 a
389 4279 640 4359 multis,
686 4289 906 4346 tamen
950 4279 1024 4344 in
1062 4279 1285 4364 paucis
1330 4302 1517 4346 suam
1562 4285 1823 4347 exseret
1879 4280 2035 4359 vim,
2090 4280 2261 4346 e‘xci-

305 4367 562 4433 tabitur
605 4366 685 4432 ob
728 4366 1145 4431 insolentiam
1191 4365 1478 4432 hostium
1521 4377 1658 4432 tam
1699 4378 2132 4452 arrogantem.

479 4452 585 4518 'I'u
640 4449 1088 4517 valetudinem
1145 4461 1324 4517 tuam
1382 4474 1542 4519 cura
1607 4460 1674 4517 et
1725 4462 1793 4517 te
1850 4451 2066 4530 nobis,
2125 4453 2258 4516 imo

305 4538 621 4606 ecclesiae
664 4536 917 4604 Christi
961 4558 1167 4604 serva.
1267 4536 1587 4618 Calvinus,
1643 4539 1755 4623 qui
1812 4545 2069 4603 tantum
2129 4558 2262 4603 non

305 4624 721 4709 crucifigitur
762 4635 831 4690 et
873 4622 1049 4690 domi
1093 4633 1159 4690 et
1202 4624 1360 4692 foris
1417 4634 1580 4700 (tam
1672 4624 1718 4689 ii
1760 4635 1915 4691 sunt
1968 4622 2262 4707 plerique

308 4719 380 4776 et
421 4721 564 4776 tam
606 4720 904 4775 amantes
938 4708 1207 4789 Christi,
1253 4720 1330 4776 ut
1368 4710 1538 4776 nihil
1571 4708 1838 4777 videant
1880 4709 2153 4775 audiant
2194 4716 2264 4775 et

305 4794 526 4861 ierant
564 4794 881 4862 libentius
923 4816 1118 4879 quam
1161 4805 1419 4862 tantum
1463 4817 1730 4863 servum
1772 4794 2023 4862 Christi
2064 4815 2263 4878 quam

307 4881 851 4948 ⁴venenatissimis
895 4883 1125 4965 impeti
1170 4882 1429 4950 iaculis:
1493 4882 1618 4948 hoc
1676 4891 1778 4948 est
1825 4880 2261 4966 evangelium,

309 4967 477 5033 haec
522 4974 626 5034 est
656 4968 870 5051 pietas
910 4975 1244 5050 pastorum
1295 4979 1363 5034 et
1413 4967 1792 5047 iudicuml),
1848 4968 1926 5046 is,
1972 4967 2261 5049 inquam,

484 5054 496 5066 '
662 5073 863 5136 supra
901 5052 1171 5120 modum
1213 5075 1318 5120 me
1353 5056 1694 5133 recreavit,
1737 5051 2036 5120 indicans
2079 5061 2260 5116 tuam

310 5147 381 5204 et
423 5138 672 5205 cordati
715 5147 984 5205 senatus
1025 5140 1459 5206 constantiam
1515 5149 1583 5206 et
1637 5141 1816 5223 pium
1860 5140 1931 5204 in
1991 5159 2262 5205 consen·

307 5223 499 5290 sione
544 5224 791 5290 tuenda
832 5225 1138 5291 affectum
1175 5238 1242 5292 et
1282 5224 1676 5292 defensionis
1711 5223 2261 5309 approbationem.

310 5307 396 5375 In
465 5325 562 5375 tot
627 5321 696 5375 et
771 5311 974 5377 tantis
1048 5312 1235 5378 malis
1309 5323 1625 5396 quantum
1703 5312 2074 5379 consolatur
2141 5330 2261 5376 nos

528 5411 751 5468 Gabini
777 5427 959 5481 opera.
1043 5413 1154 5471 Vol.
1192 5412 1327 5470 IV.

2028 404 2192 467 1555
2234 399 2615 470 IANUAR.

4200 410 4333 476 3⁷0

2380 590 2740 657 Dominus!
2842 588 2998 659 Scio
3039 611 3159 660 vos
3214 600 3625 678 perrecturos
3677 600 3746 659 et
3799 602 4341 678 perseveraturos

2378 678 2451 741 in
2474 674 2600 743 hac
2617 685 2757 742 tam
2786 686 3016 780 sancta
3035 679 3383 745 concordia
3400 688 3468 779 et
3485 699 3648 781 yera
3666 680 3966 780 caritate:
4001 681 4326 765 siquidem

2376 781 2605 914 me
2636 762 4216 950 fflgffinmpegliuffosselssliffimgoerdteagnmt
4254 775 4343 921 ἕξ

2374 933 2757 1020 loquuntur,
2814 934 2930 1002 sed
2995 956 3247 1004 sincere
3304 957 3543 1016 omma,
3588 946 3664 1002 ut
3714 936 3899 1004 decet
3952 959 4139 1006 veros
4191 940 4329 1006 Dei

2374 1039 2622 1086 servos.
2709 1019 2984 1089 Utinam
3029 1042 3258 1090 omnes
3301 1022 3397 1088 ita
3451 1030 3805 1109 pergerent
3859 1032 3929 1089 et
3981 1024 4319 1092 sentirent.

2374 1103 2513 1205 Sed
2555 1116 2844 1189 praestat
2885 1128 3122 1208 paucos
3164 1131 3307 1175 esse
3349 1130 3544 1210 quam
3588 1108 3821 1176 nullos.
3908 1109 4073 1196 Ego,
4117 1132 4321 1195 quum

2366 1190 2556 1363 ἓξὲξ)
2587 1212 2676 1343 ἓξ
2674 1214 2893 1365 1rlnagis
2917 1193 3953 1365 magilzgunffltssopffiflffi
3993 1203 4211 1348 mett
4242 1203 4322 1347 iii

2372 1363 2678 1463 omnibus
2719 1385 2885 1465 qnae
2927 1366 3232 1431 serviunt
3285 1366 3531 1451 pietati.
3634 1365 3821 1446 Vale,
3878 1366 3986 1432 vir
4036 1368 4321 1453 integer-

2369 1470 2556 1551 rime.
2682 1450 3008 1551 Dominus
3031 1535 3046 1550 .
3076 1458 3142 1516 te
3200 1460 3269 1516 et
3325 1462 3471 1518 tuos
3537 1460 3754 1517 servet
3818 1452 4176 1554 incolumes
4241 1452 4316 1519 in

2368 1533 2776 1695 ἓὲἲίιιᾶεξι
2797 1556 3101 1602 nominis.
3148 1536 3325 1622 Opto
3348 1538 3631 1622 collegas
3643 1538 3880 1618 salvos,
3904 1547 3973 1604 et
3992 1545 4315 1622 optimum

3130 1918 3225 1926 --η
3268 1919 3323 1925 -.-.
3360 1920 3371 1923 -
3394 1920 3413 1925 ι
3466 1919 3531 1925 -n

3241 2168 3437 2240 2077.

2367 2318 2931 2388 'PINO'I'ERIUS
2957 2326 3007 2399 ¹)
3052 2321 3524 2392 MINIS'PRIS
3570 2323 4310 2393 GENEVENSIBUS.

2538 2491 2782 2559 Eorum
2824 2493 3154 2560 consilium
3194 2493 3320 2560 sibi
3351 2495 3805 2579 expetitquoad
3836 2496 4314 2563 controversiam

2371 2577 2866 2660 francofordiae
2920 2580 3081 2646 inter
3117 2578 3423 2665 profuyos
3476 2582 3718 2666 Anylos
3783 2584 3860 2649 de
3925 2583 4190 2667 lituo-qia
4254 2588 4313 2649 et

2364 2665 2770 2731 mermi-s
2813 2663 3102 2732 obortam.

2363 2836 2475 2903 (Ex
2511 2835 2826 2905 apographo
2861 2835 3059 2891 codicis
3094 2837 3609 2972 Ῑὶὧὴίἓὸῗίῗιῗξω.
3645 2844 3756 2892 nat.
3792 2838 3911 2892 coll.
3948 2838 4143 2908 anny
4182 2837 4314 2893 vol.

2536 3075 2619 3144 G.
2668 3085 2734 3144 et
2780 3078 2857 3145 P.
2941 3077 3135 3161 Quod
3191 3076 3409 3144 studia
3451 3092 3673 3146 vestra
3717 3076 3894 3145 hisce
3942 3077 4103 3146 meis
4161 3077 4308 3147 lite·

2360 3163 2522 3229 rulis
2578 3163 3040 3245 intertui-bem,
3096 3165 3495 3232 ornatissimi
3552 3164 3677 3231 viri
3695 3211 3712 3240 ‚
3758 3174 3949 3249 urget
3990 3186 4121 3231 non
4163 3187 4313 3234 mea

2360 3249 2564 3315 solius
2629 3247 2744 3317 sed
2819 3250 3175 3317 multorum
3239 3251 3605 3317 necessitas.
3731 3248 3899 3316 Orta
3961 3262 4061 3318 est
4137 3252 4311 3320 inter

2359 3341 2701 3414 vestrates,
2732 3341 2766 3376 ⁴¹
2821 3335 3076 3422 Anglos
3118 3337 3445 3422 intelligo,
3507 3356 3702 3419 super
3752 3338 4310 3404 caeremoniarum

2358 3421 2815 3489 observatione
2862 3443 2996 3488 non
3063 3422 3225 3489 levis
3282 3423 3695 3490 concertatio.
3715 3422 3773 3496 2)
3884 3421 4310 3489 Contendunt

2358 3507 2535 3574 enim
2600 3528 2735 3573 non
2802 3509 2990 3592 pauci
3063 3508 3221 3574 litur
3269 3509 3399 3574 iam
3462 3508 3533 3573 in
3613 3506 3883 3573 ecclesia
3962 3528 4048 3573 an
4095 3508 4308 3575 licana

2357 3592 2553 3677 paulo
2611 3602 2767 3659 ante
2824 3601 3100 3660 mortem
3155 3530 3450 3659 Effuardi
3505 3594 3677 3677 regis
3725 3591 3999 3674 publicis
4079 3595 4305 3679 egibus

2358 3687 2686 3763 receptam
2756 3677 2975 3746 deberi
2998 3682 3034 3717 ⁶
3105 3680 3304 3744 etiam
3384 3680 3454 3744 in
3533 3678 3871 3745 ecclesiola
3953 3699 4122 3761 qnae
4198 3680 4305 3746 hic

2357 3764 2864 3830 Francofordiae
2906 3765 3071 3851 erigi
3114 3774 3342 3849 coepta
3384 3773 3484 3831 est
3524 3763 3859 3830 observari
3902 3785 4020 3846 per
4062 3766 4297 3832 omnia.

2358 3849 2627 3916 Habent
2670 3849 2740 3915 hi
2785 3859 3010 3934 (prout
3054 3851 3219 3916 varii
3260 3850 3448 3934 sunt)
3490 3849 3726 3934 quibus
3770 3847 3834 3914 id
3871 3850 4308 3932 persuadeant

2359 3943 2753 4021 argumenta
2793 3936 3006 4003 varia:
3072 3936 3607 4003 Aestimationem
3650 3945 3718 4002 et
3758 3936 3999 4001 famam
4041 3954 4306 4037 patrum

2357 4022 2628 4088 illorum
2684 4043 2804 4107 per
2861 4044 3020 4107 quos
3090 4021 3265 4088 edita
3317 4032 3477 4087 sunt
3498 4026 3532 4061 ⁴¹
3580 4021 3951 4088 huiusmodi
4011 4023 4299 4108 liturgia,

2359 4129 2479 4192 pro
2557 4108 2742 4175 cuius
2810 4127 2987 4173 nuno
3054 4106 3426 4174 defensione
3504 4108 3605 4195 (ut
3686 4109 4028 4185 asseritur)
4091 4108 4308 4177 vincla

2359 4195 2716 4278 patiuntur,
2763 4201 3156 4278 praetexunt
3196 4192 3511 4260 nonnulli.
3616 4191 3796 4260 Sunt
3836 4193 3949 4277 qui
3993 4194 4301 4262 ecclesiae

2360 4280 2743 4364 anglicanae
2786 4278 3021 4347 faciem
3078 4280 3204 4346 nisi
3248 4280 3477 4364 patriis
3543 4279 3967 4346 caeremoniis
4023 4281 4305 4346 fucatam

2361 4385 2714 4450 agnoscere
2761 4386 2892 4431 non
2936 4372 3229 4450 possunt.
3328 4367 3423 4432 At
3465 4375 3622 4432 sunt
3675 4365 3787 4449 qui
3832 4375 4143 4432 verentur
4195 4386 4300 4445 ne,

2364 4638 2552 4693 20⁷6.
2572 4638 2628 4700 1)
2667 4638 2869 4694 comat
2912 4637 3222 4694 surices-sis
3265 4639 3396 4694 inde
3439 4640 3508 4694 ab
3552 4653 3605 4696 a.
3643 4636 3780 4692 1542
3818 4653 3939 4692 cun
3985 4639 4187 4707 collove
4223 4640 4304 4694 Io.

2369 4707 2517 4762 Rea.
2567 4707 2869 4771 umere,
2921 4708 3046 4762 οῑίηι
3092 4707 3358 4778 Zminqlio
3371 4748 3384 4774 ,
3437 4723 3585 4762 nunc
3629 4707 3950 4776 Bullinqsro
4000 4710 4306 4762 maioma

2364 4775 2639 4831 audatiae
2669 4776 2887 4833 vinculo
2919 4778 3254 4832 conium.
3308 4776 3381 4830 In
3403 4783 3669 4832 convent·
3686 4774 3937 4830 Badeast'
3963 4778 4154 4843 praeci
4297 4817 4312 4831 .

2364 4859 2567 4901 causae
2605 4843 3035 4900 hemensium
3080 4862 3154 4914 pr
3380 4852 3483 4899 tor.
3555 4845 3790 4914 (Meyer,
3828 4843 3958 4899 Loc.
3993 4844 4035 4898 1.
4071 4842 4136 4897 21
4206 4849 4300 4910 ss.)

2371 4913 2521 4969 Obiit
2552 4928 2603 4968 a.
2641 4912 2771 4967 1561
2808 4914 3062 4982 monimo
3094 4861 3408 4969 comta-9
3442 4915 3534 4968 sus·
3563 4929 3728 4968 anno.
3802 4911 4080 4967 Caeterum
4114 4915 4310 4983 episto·

2364 4982 2475 5037 lan
2508 4982 2665 5050 hanc,
2699 4997 2840 5054 quae
2871 4998 2970 5037 suo
3000 4982 3110 5049 fine
3142 4998 3328 5038 carcre
3361 4983 3590 5049 videtur,
3624 4997 3790 5053 quun
3825 4981 4082 5037 Fau-ellus
4114 4984 4312 5055 utiquo

2365 5051 2507 5107 diem
2541 5059 2592 5105 et
2631 5066 2861 5107 mensem
2884 5052 3191 5107 adscribere
3224 5052 3407 5121 soleat,
3444 5052 3621 5106 eodem
3657 5056 3891 5120 tempore
3923 5051 4179 5120 scriptam
4195 5066 4335 5108 me

2355 5125 2647 5254 ’mm
2736 5121 3037 5244 3⁸:2⁰0&ss
3068 5190 3204 5270 faa..-
3228 5205 3340 5245 ω..
3358 5191 3608 5271 ...m-t,
3645 5187 4027 5270 anaqam.
4062 5193 4123 5246 ε..
4154 5198 4335 5259 m,

2364 5258 2668 5329 Aetolorum
2706 5257 3146 5324 Francorordcas
3178 5258 3481 5326 dcqenttum
3514 5256 3829 5328 quaerendo.

2570 5325 2634 5393 2)
2680 5326 2816 5382 Vide
2851 5327 2926 5382 N.
2960 5326 3114 5382 2059.
