4850 6200
512 435 631 497 155

506 626 763 703 oportet
837 628 913 684 ιιι
976 624 1250 703 pereant
1316 618 1429 702 qui
1504 638 1576 684 se
1641 618 2108 702 propriamque
2174 615 2456 701 gloriam

506 711 848 789 quaerunt.
911 701 1223 771 Christus
1264 703 1431 768 faxit
1472 713 1548 770 ut
1590 723 1849 787 semper
1890 703 2103 789 magis
2138 712 2204 768 et
2244 700 2457 801 magis

505 791 715 857 nostri
756 788 941 855 obliti
992 811 1231 856 nomen
1296 789 1502 874 ipsius
1558 789 1954 868 exaltemus,
2012 796 2270 855 tantum
2313 808 2457 854 elus

506 895 845 942 memores.
912 873 1109 956 Quod
1146 886 1215 941 et
1253 876 1449 942 faciet
1491 875 1836 959 omniaque
1880 873 2112 942 reddet
2148 872 2453 942 secunda.

506 962 727 1046 Magis
746 969 904 1028 sunt
923 959 1281 1029 miserandi
1316 963 1541 1029 miseri
1564 961 1784 1028 hostes
1820 981 2018 1045 quam
2053 958 2454 1027 detestandi:

505 1046 621 1115 sed
664 1069 866 1131 quum
911 1056 1049 1114 tam
1092 1047 1229 1115 sint
1270 1044 1655 1115 detestanda
1696 1047 1943 1114 scelera
1983 1046 2218 1130 quibus
2260 1046 2457 1112 obru-

506 1144 711 1201 untur
764 1144 832 1201 et
883 1134 957 1199 in
1011 1133 1290 1219 gloriam
1334 1131 1589 1200 Christi
1643 1134 2016 1219 insurgunt,
2070 1140 2329 1217 oportet
2383 1140 2459 1198 ut

506 1240 628 1305 pro
669 1220 904 1286 merito
948 1229 1331 1287 tractentur.
1421 1219 1607 1298 Vale,
1666 1228 1734 1286 et
1785 1238 2023 1304 quaeso
2065 1216 2358 1284 condona
2399 1220 2457 1284 si

505 1316 576 1371 te
628 1306 829 1372 obruo
842 1357 859 1383 ‚
929 1316 997 1372 et
1061 1303 1230 1371 mihi
1284 1305 1485 1371 etiam
1543 1304 1717 1372 male
1775 1304 2060 1383 consulo,
2121 1324 2326 1389 quum
2382 1312 2458 1370 ιιι

507 1393 879 1475 occupatior
922 1392 1012 1457 sis
1056 1400 1121 1457 et
1164 1411 1204 1455 a
1245 1391 1603 1475 potioribus
1647 1393 1941 1458 evoceris
1975 1399 2044 1456 et
2086 1412 2207 1475 ego
2251 1390 2455 1474 scrip·

508 1480 690 1545 tione
733 1498 992 1562 graver.
1084 1476 1428 1561 Cuperem,
1489 1476 1660 1561 quod
1708 1477 1903 1542 toties
1944 1477 2122 1561 petii,
2168 1485 2244 1541 ut
2285 1475 2459 1543 hanc

504 1565 917 1649 provinciam
959 1563 1289 1631 scribendi
1340 1563 1423 1628 ad
1465 1585 1573 1629 me
1629 1563 1775 1629 aliis
1819 1564 2285 1642 committeres,
2342 1560 2459 1627 sed

509 1652 862 1735 impetrare
904 1671 1038 1715 non
1080 1669 1365 1733 possum.
1433 1649 1761 1715 Dominus
1792 1649 1984 1714 Iesus
2022 1658 2086 1714 te
2130 1655 2349 1715 servet
2390 1656 2461 1713 et

507 1738 581 1802 in
614 1737 917 1803 omnibus
951 1735 1073 1801 tibi
1105 1734 1276 1801 adsit
1311 1744 1377 1800 et
1407 1734 1582 1818 quod
1616 1735 1821 1801 efficis
1854 1735 2171 1818 perficiat.
2230 1734 2460 1800 Nostri

509 1842 740 1887 omnes
774 1832 840 1886 te
876 1821 1187 1888 salutant.
1249 1822 1579 1888 Dominus
1612 1843 1843 1888 veram
1877 1821 2157 1887 salutem
2193 1819 2459 1904 optimis

508 1906 822 1974 fratribus
878 1929 1157 1990 quorum
1217 1908 1577 1974 meministi
1635 1906 1825 1990 plene
1866 1907 2189 1990 largiatur
2231 1918 2298 1972 et
2340 1925 2460 1971 vos

507 2004 745 2143 {ervom
792 2002 867 2059 ut
906 2015 1039 2058 non
1083 2004 1492 2076 praeteream
1534 1992 1884 2059 Pero-onum
1902 1997 1957 2077 ¹’)
2004 1993 2310 2059 Neocomi
2362 1997 2456 2056 ll.

549 2082 687 2145 unii
742 2086 917 2143 1554.

1738 2183 1919 2247 Tuus
1964 2180 2282 2247 Fal-ellus.

1384 2744 1567 2815 1965.

964 2898 1460 2968 FRECH'PUS
1504 2898 2009 2967 NEGELINO.

686 3074 1234 3140 Lutheranismum
1248 3071 1596 3156 profitetur.
1646 3069 1851 3136 Addit
1869 3070 2174 3139 nonnulla
2201 3074 2286 3139 ad
2311 3071 2457 3139 Ser-

511 3168 713 3229 vetum
746 3161 1148 3242 pertinentia.

508 3333 615 3400 (Ex
665 3332 1000 3402 autographo
1048 3330 1267 3384 Archiv.
1314 3330 1572 3385 Thoman.
1620 3331 1846 3401 Argent.
1898 3331 2039 3400 Epp.
2086 3329 2212 3383 vol.
2258 3331 2317 3396 5,
2364 3330 2458 3383 fol.

1112 3398 1200 3454 30.
1240 3428 1297 3437 —
1339 3399 1550 3454 simler.
1590 3400 1707 3455 Vol.
1742 3397 1857 3466 82.)

681 3573 871 3656 Quae
921 3572 1006 3637 D.
1054 3572 1430 3639 Ioachimus
1482 3571 1878 3655 was-&halus
1929 3570 2458 3656 Hamburgensis

511 3662 919 3730 ecclesiastes
975 3656 1055 3725 de
1116 3658 1550 3725 eucharistiae
1618 3659 1882 3742 negotio
1944 3657 2241 3742 scripsit,
2311 3678 2457 3724 meo

508 3747 751 3815 iudicio
829 3753 945 3811 tuo
1024 3745 1473 3812 subscribente
1551 3743 1761 3810 solida
1836 3745 1949 3829 pia
2020 3755 2091 3810 et
2169 3743 2376 3811 docta.
2408 3749 2457 3823 ι)

508 3835 801 3901 Tantum
845 3829 1142 3897 desidero
1198 3830 1542 3896 clariorem
1598 3832 2058 3896 tractationem
2102 3828 2183 3895 de
2226 3831 2457 3913 impio-

504 3941 658 3987 rum
699 3916 1205 3984 manducatione
1257 3917 1547 4002 corporis
1589 3916 1859 3984 Christi.
1951 3915 2237 3982 Videtur
2277 3916 2457 3982 enim

504 4027 592 4074 ex
638 4004 1001 4091 Augustino
1046 4002 1404 4070 Ioaohimus
1446 4001 1557 4069 ille
1601 4003 1957 4088 aequivoca
1993 4009 2064 4068 et
2103 4002 2458 4086 flexiloqua

502 4091 588 4159 de
630 4112 704 4157 re
745 4090 1138 4156 sacramenti
1180 4109 1557 4173 proponere.
1632 4089 1843 4156 Nemo
1886 4109 2046 4156 sane
2088 4108 2455 4154 sacramen-

500 4183 721 4243 torum
762 4177 1237 4243 institutionem
1282 4183 1351 4240 et
1390 4195 1586 4241 usum
1629 4176 1711 4242 ab
1746 4175 1944 4243 ullius
1985 4175 2270 4241 hominis
2311 4174 2454 4326 diff-

500 4264 713 4330 nitate
756 4262 860 4327 vel
903 4261 1301 4346 indignitate
1354 4262 1701 4327 aestimare
1760 4260 1969 4341 debet,
2028 4260 2145 4328 sed
2187 4283 2272 4327 ex
2314 4281 2388 4327 so
2414 4280 2455 4326 o

502 4348 757 4417 Christi
801 4347 1029 4426 verbo,
1087 4347 1259 4430 quod
1304 4368 1390 4413 an
1432 4349 1617 4431 impii
1660 4347 1862 4414 edant
1918 4367 2155 4432 eorpus
2200 4346 2456 4414 Christi

502 4457 736 4502 revera
791 4455 923 4500 non
982 4433 1230 4516 liquido
1287 4434 1689 4518 praescribit.
1778 4432 1914 4501 Sed
1967 4432 2049 4499 de
2100 4432 2233 4500 illis
2276 4452 2456 4498 nunc

504 4544 635 4588 non
690 4523 895 4605 plura.
984 4518 1244 4586 Vellem
1305 4530 1525 4586 tamen
1584 4521 1745 4587 baec
1801 4519 2259 4587 commendam
2311 4538 2456 4585 esse

502 4609 612 4688 iis,
655 4608 771 4692 qui
811 4608 1031 4674 nescio
1075 4627 1237 4690 quas
1270 4605 1751 4673 Consensiones
1786 4604 1995 4672 edunt
2025 4605 2258 4672 relicta
2299 4625 2457 4671 vera

501 4694 621 4760 illa
652 4694 1077 4761 consensione
1110 4695 1181 4758 in
1203 4712 1404 4758 causa
1422 4692 1934 4758 sacramentaria
1953 4690 2457 4776 Wittenbergae

512 4786 677 4846 1536
724 4781 887 4846 inita
889 4811 2454 4845 —————————————

686 4951 1017 5019 Masada-s
1082 4950 1394 5016 dimetros
1450 4949 1775 5016 Iambicos
1847 4951 1919 5015 in
1979 4949 2219 5016 Some·
2281 4969 2457 5015 com·

506 5128 615 5140 00—-

712 5225 773 5292 9)
812 5225 1025 5282 Nomen
1060 5226 1303 5282 Meum.

506 5295 673 5422 ²:22³
656 5297 823 5420 0012„
836 5296 1017 5418 2⁸⁶2&
1042 5293 2456 5430 fflmffssffloemwaewffil

2000 425 2526 495 EPIS'POLAE
2578 432 2994 494 1964-1967

4386 431 4506 494 156

2558 617 2926 683 bustionem
2969 619 3210 683 iustam
3244 616 3420 684 lusit
3442 618 3498 693 2)
3563 618 3883 685 Libenter
3915 619 4150 685 scirem
4192 617 4510 685 iudicium

2559 712 2933 769 vestrorum
3016 723 3216 786 super
3284 703 3732 771 combustione
3801 704 4073 771 Semeti:
4153 725 4239 770 an
4305 704 4511 790 magi-

2561 797 2807 855 stratus
2865 797 2932 855 et
2984 787 3288 856 Calvinus
3358 790 3596 857 melius
3665 788 3996 869 fecissent,
4069 792 4126 855 si
4278 799 4514 874 rpetuo

2560 873 2750 940 illum
2819 875 3064 942 carceri
3131 895 3330 960 quam
3397 876 3697 942 Vulcano
3766 875 4022 943 tradere
4100 811 4508 943 maffiissent.

2567 959 2842 1027 &atteri
2898 962 3097 1027 etiam
3155 982 3235 1027 ea
3285 961 3367 1027 de
3422 982 3496 1029 re
3537 963 3934 1029 sententiam
3977 983 4300 1047 cuperem.
4323 964 4382 1046 ⁸)
4424 999 4512 1010 —

2563 1083 2646 1093 —
2689 1085 2773 1097 -
2819 1084 2901 1095 -
2945 1084 3029 1095 -
3074 1046 3344 1133 Raptim
3385 1047 3623 1115 mmae
3674 1051 3769 1115 12.
3814 1047 3994 1115 Iunii
4045 1050 4302 1129 1554.⁴)

3851 1186 3942 1250 M.
3989 1184 4334 1251 Frechtus.

3417 1481 3478 1490 .—=-
3493 1481 3743 1490 ‘ma---

3443 1716 3633 1787 1966.

3093 1854 3496 1921 VIRETUS
3542 1853 3977 1921 CALVINO.

2738 2025 2841 2091 De
2881 2045 3171 2108 responso
3212 2032 3424 2092 contra
3481 2027 3905 2109 Westplzalum
3947 2028 4193 2107 edendo,
4251 2031 4397 2092 item
4436 2028 4522 2094 ae

2566 2110 2767 2177 libello
2834 2116 3044 2177 contra
3112 2110 3444 2177 Calvinum
3516 2113 3602 2177 ad
3673 2112 3970 2178 Senatum
4039 2114 4256 2190 delato,
4330 2114 4514 2180 acinos

2563 2202 2846 2263 autorem
2886 2198 2954 2261 in
2997 2200 3142 2280 ipsa
3184 2200 3322 2263 eius
3362 2199 3600 2264 vicinia
3638 2200 4056 2279 quaerendum
4089 2199 4384 2280 perhibet.

2855 2369 2968 2432 (Ex
3003 2370 3341 2439 autographo
3376 2369 3507 2424 Ood.
3548 2370 3750 2424 Genev.
3791 2370 3932 2435 111⁸,
3971 2372 4059 2425 fol.
4099 2370 4238 2433 108.)

2735 2540 3000 2606 Eximio
3039 2541 3193 2606 Iesu
3253 2541 3502 2608 Christi
3563 2563 3753 2609 servo
3810 2543 3895 2609 D.
3943 2544 4176 2609 Ioanni
4235 2542 4518 2611 Calvino

2564 2626 2981 2693 Genevensis
3051 2628 3363 2694 ecclesiae
3433 2630 3678 2712 pastori
3749 2629 4130 2696 fidelissimo
4201 2630 4388 2696 fratri
4449 2640 4517 2697 et

2561 2724 2963 2799 symmystae
3007 2713 3435 2780 observando.
4009 2802 4340 2869 Gemma·

2736 2935 2807 3003 S.
2877 2937 3076 3003 Mitto
3113 2935 3196 3003 ad
3240 2948 3304 3003 te
3338 2939 3563 3005 literas
3597 2960 3760 3021 quas
3796 2940 3876 3005 ab
3901 2939 4165 3005 Hallero
4199 2941 4439 3024 accepi,
4467 2946 4517 3018 ¹)

2565 3044 2649 3088 ex
2693 3022 2930 3107 quibus
2972 3044 3321 3108 cognosces
3363 3025 3683 3108 quomodo
3725 3023 3891 3090 liber
3933 3048 4118 3091 meus
4162 3026 4243 3091 de
4285 3027 4519 3092 minis-

2566 3110 2731 3173 terio
2776 3121 2845 3173 et
2888 3111 3317 3176 sacramentis
3337 3112 3393 3184 2)
3437 3120 3751 3195 exceptus
3794 3113 3882 3177 sit
3924 3112 4203 3189 Bernae,
4249 3121 4315 3178 et
4358 3112 4518 3197 quid

2564 3194 2867 3279 Tigurini
2937 3203 3166 3280 optent
3231 3197 3304 3261 in
3372 3198 3795 3278 responsione
3859 3197 3944 3263 ad
4024 3197 4443 3281 Wesphalm.
4463 3203 4520 3278 ⁸)

2563 3278 2935 3345 Videbatur
2979 3280 3391 3366 Bullinyems
3436 3282 3507 3348 in
3550 3282 3940 3366 quibusdam
3984 3285 4121 3350 suis
4165 3283 4250 3350 ad
4291 3295 4356 3352 te
4398 3295 4518 3352 aut

2563 3365 2646 3432 ad
2695 3365 2936 3432 Beeam
2977 3367 3185 3433 literis
3241 3369 3310 3432 in
3371 3389 3449 3434 ea
3492 3390 3633 3435 esse
3697 3372 4026 3436 sententia
4082 3380 4159 3436 ut
4199 3372 4368 3437 nihil
4410 3391 4516 3437 re-

2562 3451 3054 3623 ⁸s¹2⁰r¹ss¹ss¹0⁰¹3³gffir
3106 3451 3242 3605 21⁰⁶
3249 3454 3606 3606 „fflfissm
3618 3455 3857 3609 ¹¹0⁶?ssss
3899 3455 4518 3611 marma

2562 3623 2717 3708 quid
2762 3625 3102 3691 existimes
3145 3646 3287 3693 esse
3333 3626 3594 3692 Haltero
3634 3627 4182 3712 respondendum.

2566 3796 2579 3809 .
2733 3708 3054 3795 Cupimus
3111 3723 3450 3796 praeterea
3587 3735 3626 3779 o
3681 3726 3748 3780 et
3804 3714 3983 3780 Beza
4039 3726 4230 3781 tuum
4285 3714 4515 3781 audire

2560 3795 2874 3863 iudicium
2921 3807 2988 3862 et
3030 3798 3377 3865 consilium
3422 3797 3503 3864 de
3577 3800 3763 3866 ‘bello
3806 3801 4054 3867 famoso
4099 3802 4287 3868 cuius
4324 3800 4515 3868 Wan-

2559 3883 2759 3949 deam
2815 3883 2941 3950 fuit
2996 3884 3393 3951 tabellarius.
3416 3888 3473 3962 ⁴)
3574 3884 4008 3970 Suspicamur
4076 3909 4208 3953 non
4281 3887 4516 3972 procul

2560 3990 2703 4035 esse
2747 3970 3060 4055 scriptum
3103 3972 3220 4037 sed
3262 3982 3521 4037 autores
3563 3972 3749 4038 vobis
3784 3972 4139 4039 admodum
4176 3993 4319 4040 esse
4359 3993 4518 4057 pro—

2561 4055 2858 4139 pinquos.
2880 4057 2940 4131 ⁶)
3043 4057 3192 4122 Non
3245 4057 3473 4141 procul
3539 4059 3723 4124 abest
3779 4081 3821 4126 a
3876 4059 4062 4126 vobis
4129 4059 4338 4126 bonus
4402 4059 4516 4125 ille

2765 4331 2825 4396 2)
3045 4330 3318 4385 edidimus
3350 4333 3452 4386 sub
3489 4332 3566 4385 N.
3603 4331 3758 4385 1875.

2666 4537 2678 4550 ·
2762 4397 2826 4534 ἓξ
2865 4399 3165 4539 Nggeefinffi
3200 4399 3522 4539 Ῑέιςῗὲήρείι
3585 4485 3641 4524 ce
3700 4470 3880 4525 eodem
3933 4470 4023 4525 die
4088 4469 4367 4542 Dabimus
4423 4486 4515 4526 ae-

2555 4550 2824 4742 ἱῗῗὲξζ
2857 4606 3186 4689 devorem
3364 4677 3375 4689 .
3516 4677 3529 4689 .
3986 4677 3998 4690 .

2561 4742 2762 4796 ...ω
2795 4675 4320 4829 fflfflssssaezrssrffie‘ffaxssrmwaex

2558 4811 2835 4952 {hezel}
2862 4819 3398 4940 §.mfficizsttgwopae
3439 4815 3619 4939 bagme
3658 4815 3783 4870 olum
3833 4815 3967 4871 eant·
3980 4838 3996 4866 .-
4045 4816 4126 4869 De
4170 4816 4225 4868 la
4259 4821 4418 4870 ven-tu
4454 4828 4510 4870 et

2763 4949 2826 5084 ἒξ
2859 4951 2942 5075 ²13:
2971 4950 3133 5075 19»ῗέ
3159 4950 3310 5006 ¹⁹¹⁴·

2764 5088 2826 5154 5)
2867 5089 2955 5143 Er
2991 5089 3351 5171 o·Bolsectun
3397 5095 3702 5170 suspectu-3
3745 5089 3906 5144 habet
3949 5104 4061 5143 nou
4110 5087 4505 5145 Castalios-m.

2557 5154 2960 5295 mail„
3119 5158 3278 5311 ..ἐξ
3322 5156 3592 5282 awa
3632 5158 4511 5310 marcam&

2559 5293 4514 5378 deffloaltermetotalmeipoeteaaqnendacmetcalmm

2558 5379 2672 5419 non
2704 5364 3039 5424 abhorrente.
3075 5366 3220 5420 nim
3246 5370 3380 5420 coru
3415 5366 3608 5432 offena
3637 5370 3831 5435 pot-ct.

4392 4694 4510 4734 m-
