4850 6200
504 381 627 445 811

509 582 592 628 au
636 564 908 647 besoing
951 586 1078 648 que
1123 582 1281 631 vous
1325 574 1495 631 estes
1538 564 1699 630 bons
1743 576 1808 630 81
1861 565 2086 630 fideles
2130 565 2444 649 gensdar-

508 670 647 714 mes
705 649 785 715 de
828 649 1018 715 Iesus
1065 649 1309 727 Christ,
1374 650 1707 733 despitans
1752 650 2012 717 Sathan
2057 672 2140 716 88
2185 660 2331 714 1881
2372 670 2445 714 88

508 735 643 817 (1811
688 755 929 818 pourra
972 735 1307 801 machiner
1329 748 1550 802 contre
1594 758 1774 815 vous,
1818 745 1886 801 et
1929 759 2052 819 que
2094 759 2168 803 88
2211 734 2446 801 8188(18

509 841 594 885 88
642 842 798 885 vous
842 823 1134 887 retienne
1170 822 1355 904 point
1398 844 1561 906 pour
1608 844 1765 888 vous
1823 823 2146 906 esloigner
2182 822 2260 886 de
2305 822 2444 885 lhe-

509 907 718 989 ritage
783 906 896 971 (188
960 909 1165 973 818811.
1256 908 1344 972 Et
1409 920 1593 973 tenez
1654 930 1818 991 pour
1862 919 2003 973 tout
2045 908 2273 974 conclu
2321 929 2446 991 que

512 992 686 1056 Dieu
734 991 915 1057 veult
960 1014 1083 1076 que
1131 1016 1288 1058 vous
1333 995 1502 1059 soiez
1526 993 1914 1060 descouvers
1957 1016 2076 1076 par
2110 1004 2246 1059 cest
2289 1015 2444 1057 exa-

509 1097 685 1155 men,
723 1077 882 1143 affin
908 1077 988 1143 de
1009 1100 1175 1144 vous
1208 1080 1438 1145 cacher
1464 1079 1659 1144 soubz
1699 1101 1802 1144 888
1830 1079 2030 1158 811188,
2067 1082 2445 1143 1881888881

507 1183 633 1245 (188
677 1185 841 1228 vous
885 1163 1250 1229 demeuriez
1293 1167 1621 1230 tonsiours
1666 1167 1901 1230 formes
1957 1165 2153 1230 soubz
2194 1165 2328 1249 luy,
2378 1176 2447 1229 et

510 1269 638 1331 que
702 1270 865 1314 vous
910 1272 991 1314 88
1055 1249 1391 1316 cherchiez
1459 1251 1641 1333 point
1704 1271 1775 1315 ce
1833 1251 2176 1316 miserable
2220 1252 2446 1334 refuge

509 1335 738 1418 auquel
786 1334 1038 1401 Sathan
1083 1358 1245 1401 vous
1289 1337 1541 1419 appelle
1584 1359 1703 1419 par
1746 1358 1848 1403 ses
1892 1346 2216 1420 supposta.

680 1420 1012 1506 Sui-quoy,
1081 1422 1405 1488 treschers
1463 1422 1820 1505 Seigneurs
1864 1434 1929 1485 ct
1984 1424 2208 1501 freres,
2254 1443 2446 1505 apres

508 1516 750 1571 mestre
788 1506 868 1571 de
903 1506 1031 1572 bon
1068 1528 1261 1573 88881
1282 1508 1732 1573 recommande
1776 1530 1815 1572 a
1838 1528 2020 1585 vous,
2057 1511 2115 1572 ie
2161 1509 2444 1591 supplie-

510 1611 631 1675 ray
675 1604 899 1657 nostre
942 1593 1067 1658 bon
1107 1595 1276 1658 Dieu
1322 1593 1402 1657 de
1440 1616 1596 1658 vous
1661 1595 2017 1658 maintenir
2061 1616 2144 1658 88
2185 1616 2258 1658 sa
2301 1614 2447 1677 pro·

509 1679 764 1754 tection,
811 1700 973 1743 vous
1018 1692 1399 1762 augmentet
1442 1700 1522 1744 88
1565 1688 1743 1745 18818
1789 1690 1997 1757 vertu,
2043 1700 2210 1763 pour
2252 1681 2445 1745 resis-

507 1770 611 1827 ter
667 1784 796 1828 aux
863 1765 1219 1829 tentatione
1283 1765 1394 1847 qui
1452 1786 1613 1830 vous
1650 1773 1796 1830 sont
1838 1764 2147 1844 dressees,
2185 1773 2252 1831 et
2286 1786 2447 1830 vous

510 1848 818 1914 conduire
876 1850 1209 1914 tellement
1267 1871 1384 1933 par
1422 1873 1538 1916 son
1573 1852 1803 1935 Esprit
1845 1873 1970 1933 que
2014 1853 2240 1916 iamais
2286 1872 2448 1915 vous

516 1952 598 1998 ne
643 1936 810 1999 soiez
856 1934 1250 2000 desbauchez
1295 1936 1382 2000 du
1426 1937 1553 2001 bon
1590 1938 1870 2002 chemin.

693 2021 812 2103 Iay
882 2032 1016 2084 8818
1082 2023 1228 2087 bref
1287 2042 1369 2087 88
1414 2042 1522 2086 188
1577 2022 1770 2087 181118
1814 2043 2050 2104 pource
2094 2044 2218 2104 que
2260 2022 2320 2086 18
2364 2043 2450 2086 88

517 2105 756 2170 (1881118
800 2107 985 2187 point
1020 2129 1143 2190 que
1177 2114 1399 2172 nostre
1442 2108 1599 2174 cher
1635 2119 1701 2173 81
1741 2108 1987 2173 1188818
2028 2108 2219 2185 frere,
2265 2129 2450 2171 mon·

515 2191 692 2256 sieur
758 2191 1211 2275 Martiumque,
1279 2214 1360 2257 ne
1418 2216 1576 2258 vous
1635 2195 1907 2258 exhorte
1965 2194 2110 2277 plus
2155 2215 2238 2258 au
2275 2194 2450 2276 long,

517 2277 699 2340 selon
767 2300 890 2361 que
957 2279 1128 2343 Dieu
1194 2279 1306 2363 luy
1375 2301 1456 2343 en
1513 2302 1550 2344 a
1596 2278 1807 2344 donne
1854 2279 1916 2345 18
1960 2300 2167 2364 grace.
2255 2278 2342 2344 Ce
2389 2283 2446 2345 8.

516 2360 817 2428 (188181118
871 2370 1047 2428 1555.

1395 2910 1583 2980 2317.

916 3063 1393 3133 SULZERUS
1438 3066 2068 3134 BULLINGERO.

707 3237 961 3304 Utinam
1021 3238 1242 3318 foedus
1261 3236 1545 3303 Bernam
1586 3239 1748 3304 inter
1790 3246 1846 3304 et
1884 3241 2194 3305 Genavam
2237 3259 2315 3303 ex
2357 3240 2456 3303 in-

519 3323 698 3389 vidia
740 3323 945 3388 indies
986 3329 1284 3389 crescente
1325 3344 1448 3388 non
1488 3329 1839 3406 rumpatwr.
1905 3324 2007 3391 De
2047 3324 2304 3392 Gabvino
2346 3346 2457 3391 us-

516 3430 634 3492 que
674 3409 921 3474 sinistri
963 3427 1255 3474 rumores.

519 3579 897 3661 (111881111881.
925 3598 992 3632 ex
1039 3580 1372 3702 autographo
1417 3581 1583 3634 Arch.
1620 3582 1796 3663 Turio.
1843 3583 1982 3637 Plnt.
2029 3583 2115 3637 VI.
2167 3584 2289 3638 Vol.
2343 3582 2455 3650 106,

826 3650 952 3702 ohm
995 3650 1132 3719 Epp.
1195 3650 1234 3704 1.
1271 3651 1362 3703 fol.
1395 3649 1512 3702 664.
1553 3680 1616 3689 —
1654 3651 1863 3704 Simler.
1903 3653 2019 3706 Vol.
2055 3651 2170 3716 85.)

522 3821 686 3887 Viro
726 3824 1283 3905 praestantissimo
1327 3824 1409 3889 D.
1437 3824 1724 3889 Henrico
1761 3824 2151 3909 Bullingero
2194 3824 2456 3889 domino

904 3918 968 3972 81
1014 3917 1413 3993 symmystae
1458 3909 1905 3975 colendissimo
1951 3932 2089 3975 suo.

692 4080 761 4144 S.
836 4079 940 4144 De
985 4081 1402 4146 Genevatum
1463 4090 1640 4146 statu
1705 4082 2139 4164 auspicatiora
2193 4101 2455 4165 accepe-

517 4186 680 4242 ram,
732 4166 842 4231 sed
904 4188 943 4230 a
996 4168 1133 4232 cive
1199 4168 1557 4243 Genevate,
1617 4168 1724 4250 qui
1791 4167 2059 4233 sinistra
2101 4168 2271 4232 forte
2317 4170 2458 4231 avis

520 4248 601 4316 de
678 4253 890 4334 patria
968 4273 1086 4317 sua
1165 4275 1303 4317 esse
1364 4252 1589 4318 noluit.
1700 4253 1879 4318 Satis
1937 4263 2154 4318 autem
2227 4265 2292 4318 81
2358 4254 2455 4317 81-

521 4338 727 4400 mium
772 4360 933 4402 vera
976 4359 1117 4403 8888
1160 4338 1351 4403 818(18
1396 4360 1560 4420 (1888
1594 4339 1842 4416 scribis,
1887 4339 2054 4421 quod
2101 4340 2280 4406 urbis
2316 4339 2458 4403 8188

523 4422 861 4505 ingenium
906 4424 1207 4488 nonnihil
1253 4425 1524 4489 habeam
1585 4433 2012 4508 perspectum,
2063 4446 2209 4491 acre
2254 4435 2320 4489 81
2361 4426 2458 4488 in-

525 4508 842 4574 satiabilis
901 4509 1366 4593 propemodum
1417 4509 1760 4588 vindictae,
1826 4520 1967 4576 tum
2014 4511 2095 4576 ad
2140 4511 2456 4594 suspicio·

523 4615 643 4658 nes
701 4596 1121 4660 vehementer
1178 4617 1592 4679 propensum,
1660 4598 1713 4661 si
1757 4598 2190 4678 importunius
2234 4596 2457 4680 exagi-

523 4689 717 4744 tetur.
781 4681 1066 4746 Bernam
1112 4692 1329 4746 tamen
1354 4682 1672 4746 rationem
1700 4681 2153 4748 moderationis
2196 4695 2262 4748 et
2307 4704 2457 4765 gra-

522 4765 749 4830 vitatis
802 4767 1170 4831 habituram
1219 4789 1426 4851 sper0,
1486 4789 1697 4850 neque
1741 4770 2233 4833 commissuram
2271 4768 2458 4833 facile

523 4863 597 4912 ut
641 4853 914 4916 societas
960 4853 1216 4935 utrique
1284 4851 1677 4935 reipublicae
1741 4855 2105 4919 necessaria
2162 4854 2455 4930 dissiliat,

522 4945 854 5019 utcunque
918 4937 1090 5023 apud
1146 4939 1291 5003 illos
1355 4940 1488 5002 8181
1550 4942 1660 5022 (181
1705 4938 2011 5022 irigidam
2050 4937 2457 5018 suffundant,

524 5019 698 5102 iique
762 5023 923 5089 tales
989 5025 1098 5107 qui
1154 5025 1284 5089 iam
1350 5035 1501 5089 8818
1567 5048 1700 5090 888
1758 5025 2058 5107 βερνιῖζειν
2118 5026 2239 5089 visi
2283 5035 2456 5090 8881.

527 5105 758 5172 Placet
821 5121 1042 5174 tamen
1101 5109 1269 5192 quod
1317 5123 1534 5174 vester
1575 5112 1972 5176 clarissimus
2025 5123 2292 5175 senatus
2337 5111 2459 5176 hoc

526 5191 896 5259 incendium
945 5218 1070 5260 non
1120 5197 1425 5280 negligat,
1464 5207 1845 5281 matureque
1886 5198 1965 5261 (18
1999 5195 2307 5279 sopiendo
2349 5217 2457 5261 co-

463 5347 470 5356 ,
526 5278 692 5359 gitet
759 5281 1132 5365 priusquam
1183 5282 1539 5348 invalescat
1588 5285 1867 5349 flammis
1904 5297 2073 5348 tecta
2115 5281 2458 5348 lambenti-

1999 375 2523 443 EPISTOLAE
2565 378 2987 442 2316—2319

4354 378 4481 442 812

2549 563 2670 629 1188
2747 564 3235 630 18811881188818
3303 585 3563 631 omnem
3640 573 4108 631 recusaturum.
4210 563 4483 631 Utinam

2550 671 2704 714 vero
2748 649 2984 715 falsum
3025 648 3551 734 deprehendatur
3586 648 3753 733 quod
3802 649 4060 716 Calvino
4099 658 4321 715 nostro
4361 650 4485 714 im-

2549 735 2866 819 pingitur,
2912 735 2992 801 de
3026 738 3350 819 persuasis
3377 736 3456 801 ad
3494 737 3642 802 falsi
3685 737 3973 803 criminis
4018 736 4487 801 confessionem

2549 821 2791 885 vinctis
2854 842 2973 904 per
3036 823 3423 905 promissam
3489 823 3920 888 securitatem.
4006 820 4085 886 Id
4153 823 4326 886 enim
4377 820 4486 887 hio

2550 907 2806 988 publice
2842 919 2907 970 81
2945 908 3116 990 apud
3153 908 3398 989 primos
3432 929 3549 974 ceu
3586 909 4079 972 testatissimum
4122 906 4492 972 indicatum

2549 992 2692 1056 fuit.
2768 1030 2839 1039 --
2887 1032 2962 1041 -
3017 1032 3094 1040 —
3143 1031 3225 1041 -
3390 1031 3464 1041 —
3532 993 3834 1060 Basileae
3900 1000 3957 1058 9.
4017 992 4245 1060 081811.
4312 1015 4488 1059 anno

2558 1083 2736 1142 1555.

3860 1218 3935 1281 T.
3983 1215 4312 1282 Sulcerus.

3428 1830 3619 1900 2318.

3041 1984 3510 2052 OALVINUS
3555 1985 4015 2052 FARELLO.

2741 2158 3022 2239 Undique
3052 2156 3356 2238 procellae
3387 2161 3443 2221 ct
3479 2157 3644 2223 odia.
3724 2157 3882 2223 Ecce
3918 2158 4116 2225 denuo
4174 2157 4498 2243 westpha-

2558 2247 2677 2321 lus,
2723 2245 2827 2311 cui
2880 2265 2967 2310 an
3006 2243 3500 2324 respondendum
3542 2242 3858 2308 Dominus
3909 2245 4238 2310 consilium
4278 2266 4500 2330 88998-

2555 2337 2661 2397 ret.
2755 2331 2897 2395 Alii
2954 2329 3189 2395 labores
3244 2329 3630 2411 suscipiendi
3683 2334 3741 2392 et
3784 2329 3947 2395 vitae
3986 2351 4233 2395 summa
4274 2332 4496 2398 brevia.

2558 2506 2577 2563 (
2588 2501 2751 2554 Manu
2788 2501 2992 2569 scripta
3034 2516 3140 2553 non
3187 2506 3382 2552 exstat.
3456 2501 3637 2553 Habet
3671 2501 3815 2553 Beza
3849 2500 4052 2557 GeneV.
4088 2520 4139 2571 p.
4180 2502 4296 2568 166,
4333 2504 4500 2557 Laus.

2557 2587 2609 2692 p.
2646 2568 2765 2637 358,
2813 2571 3033 2650 Hanov3
3058 2586 3111 2638 p.
3147 2566 3266 2648 490,
3314 2569 3522 2649 Ohouet
3557 2587 3610 2637 p.
3645 2567 3763 2632 225,
3810 2571 3986 2623 Amst.
4023 2588 4073 2640 p.
4115 2569 4231 2652 193.
4272 2600 4328 2610 —
4366 2572 4499 2654 921-

2582 2656 2660 2692 188
2720 2656 2874 2692 versa
2931 2640 3127 2707 legitur
3183 2655 3238 2690 18
3297 2637 3665 2774 (181ῗί1ΒέΞὲἱό
3710 2656 3760 2707 p.
3814 2637 3944 2706 214,
4014 2642 4223 2709 anglice
4282 2640 4497 2695 Philad-

2728 2880 2871 2963 Ego
2938 2898 3112 2956 vero,
3181 2878 3268 2942 mi
3337 2876 3607 2955 Famae,
3675 2878 3794 2943 etsi
3851 2879 4117 2962 gloriari
4160 2882 4499 2947 1118111818

2558 2964 2663 3029 his
2722 2965 2974 3048 probris
3004 2965 3051 3045 Ι)
3107 2962 3275 3041 11881,
3334 2985 3498 3047 (1888
3541 2964 3609 3028 18
3656 2984 3759 3028 188
3804 2977 4167 3048 congerunt
4211 2967 4500 3033 virulen-

2560 3065 2664 3116 tae
2731 3073 2806 3117 ac
2873 3048 3245 3134 petulantes
3289 3048 3574 3134 linguae,
3622 3049 3879 3134 quando
3923 3051 4089 3116 nihil
4132 3053 4201 3117 in
4245 3074 4351 3118 me
4394 3055 4499 3119 in-

2557 3137 2806 3202 famant
2858 3136 2986 3201 8181
3049 3135 3218 3218 (18οά
3278 3137 3420 3200 1)88
3464 3148 3529 3201 81
3573 3137 3821 3221 angelis
3863 3136 4125 3220 probari
4169 3140 4338 3204 scio:
4381 3162 4499 3206 cu-

2558 3244 2781 3305 perem
2842 3232 3060 3286 tamen
3117 3222 3187 3285 18
3232 3243 3494 3287 1888888
3536 3222 3752 3305 aliquo
3795 3222 4018 3300 latere,
4064 3225 4120 3289 si
4162 3224 4331 3290 forte
4371 3226 4500 3290 181-

2560 3311 2880 3392 tigaretur
2913 3308 3187 3372 istorum
3231 3307 3432 3385 furor,
3471 3329 3663 3390 quem
3706 3329 3851 3372 mea
3889 3311 4253 3391 praesentia
4274 3332 4500 3377 88888-

2561 3393 2712 3458 dere
2774 3393 3046 3457 videtur.
3136 3393 3285 3457 Non
3344 3392 3424 3456 de
3473 3393 3837 3476 quisquiliis
3880 3394 4129 3477 loquor,
4175 3418 4333 3479 quas
4366 3396 4499 3478 pri-

2560 3478 2704 3543 dem
2729 3479 3142 3557 floccifacere,
3184 3489 3257 3542 ut
3300 3490 3652 3558 merentur,
3699 3479 3909 3544 didici.
3973 3479 4108 3545 Sed
4144 3504 4183 3546 a
4217 3482 4499 3566 giganti-

2560 3566 2684 3631 bus
2704 3568 2759 3640 ²)
2818 3564 3093 3641 coelum,
3154 3563 3301 3629 odio
3368 3566 3515 3643 mei,
3562 3565 3819 3630 assidue
3864 3565 4147 3647 turbari,
4201 3589 4334 3631 non
4379 3568 4497 3633 abs

2561 3674 2632 3716 re
2660 3651 2827 3715 mihi
2875 3650 3064 3715 dolet.
3134 3649 3455 3715 Feramus
3498 3660 3736 3727 tamen,
3783 3651 4043 3733 quando
4084 3653 4326 3718 scimus
4360 3675 4496 3718 non

2560 3738 2830 3802 fortuito
2874 3736 3181 3812 accidere,
3228 3747 3302 3801 ut
3345 3737 3547 3801 tantis
3571 3736 3868 3820 procellis
3909 3737 4245 3803 iactemur.
4298 3738 4496 3803 West-

2550 3822 2787 3904 phalas
2830 3823 3025 3887 etiam
3052 3823 3289 3886 librum
3327 3822 3397 3886 in
3434 3843 3538 3886 me
3573 3822 4015 3888 truculentum
4052 3823 4271 3901 edidit,
4295 3827 4347 3895 ⁸)
4393 3824 4497 3889 cui

2562 3911 2780 3974 nescio
2842 3930 2927 3973 88
2986 3906 3375 3991 respondere
3411 3909 3733 3993 expediat.
3821 3909 4087 3992 Rogant
4121 3911 4309 3976 amici
4353 3910 4494 3993 qui-

2561 3994 2743 4060 dam:
2814 3995 2923 4059 ubi
2990 3994 3340 4078 perlegam,
3402 3994 3725 4059 Dominus
3781 3994 4117 4059 consilium
4171 4004 4495 4080 suggeret.

2561 4081 2664 4145 Tu
2724 4101 2896 4156 vero,
2955 4081 3136 4162 quasi
3194 4079 3393 4145 libros
3435 4089 3765 4144 momento
3798 4081 4135 4164 gignerem
4181 4081 4376 4146 simul
4420 4103 4496 4148 88

2560 4186 2874 4248 parerem,
2940 4166 3141 4230 velles
3203 4188 3240 4229 a
3304 4186 3410 4230 me
3475 4166 3692 4247 plures
3757 4166 3936 4231 exire
3994 4168 4496 4232 commentarios

2560 4272 2756 4333 quam
2825 4250 3182 4316 scribendis
3245 4251 3523 4317 sufficiat
3578 4251 3813 4335 longae
3901 4252 4075 4317 vitae
4133 4275 4361 4318 cursus
4423 4253 4497 4316 in

2562 4357 2821 4402 summo
2866 4338 3015 4402 oti0.
3039 4338 3095 4420 ⁴)
3162 4337 3330 4401 Mihi
3393 4359 3544 4401 vero
3587 4336 3977 4420 quantulum
4018 4338 4202 4403 vacui
4248 4349 4495 4421 tempo·

2561 4425 2656 4488 ris
2722 4437 2968 4486 restare
3035 4421 3266 4504 putas?
3344 4422 3616 4488 Utinam
3685 4422 3794 4487 alii
3849 4421 3968 4487 has
4025 4423 4202 4489 vices
4262 4425 4498 4489 obeant

2561 4509 2794 4590 potius.
2882 4508 3179 4590 Philippo
3221 4509 3576 4574 acerrimus
3619 4530 3729 4573 ero
3787 4506 4109 4573 hortator:
4147 4507 4262 4575 sed
4301 4531 4498 4593 quam

2561 4594 2777 4658 lentus
2818 4594 2923 4667 sit,
2980 4616 3111 4659 non
3156 4594 3433 4677 ignoras.
3460 4594 3512 4679 δ)
3591 4593 3773 4672 Vale,
3816 4594 4060 4677 optime
4103 4603 4170 4660 et
4211 4597 4495 4680 integer-

2562 4681 2724 4744 rime
2768 4679 2988 4744 frater.
3080 4680 3404 4745 Dominus
3447 4681 3569 4745 tibi
3624 4701 3879 4762 semper
3936 4678 4123 4760 adsit,
4168 4689 4235 4747 te
4277 4691 4497 4764 prote-

2562 4953 2736 5008 2318.
2765 4953 2821 5016 1)
2856 4955 3120 5016 factionis
3153 4953 3430 5008 adversae.

2633 5094 2643 5104 .
2764 5021 2840 5103 2).
2860 5022 3059 5077 Potius
3110 5022 3175 5076 de
3228 5022 3600 5076 Beruensibus
3651 5023 3851 5078 dictum
3907 5028 4166 5090 putamus
4217 5040 4378 5093 quam
4431 5021 4498 5076 de

2572 5092 3077 5224 Lwtg‘r'lustam
3112 5159 3511 5224 Defensionem.
3582 5160 3678 5228 (N.
3713 5158 3865 5212 2296.
3899 5159 4076 5224 2329.)

2765 5232 2828 5293 4)
2872 5229 2953 5294 Cf.
2993 5229 3067 5283 N.
3101 5227 3256 5282 2325.

2765 5299 2827 5365 5)
2864 5299 2939 5352 Ν.
2978 5296 3126 5352 2307.
3162 5296 3316 5354 2329.
