4850 6200
313 444 436 507 413

312 628 614 697 muraille
656 650 742 695 ne
781 647 1045 712 rampar-
1086 636 1313 696 contre
1354 627 1502 694 leur
1543 627 1856 705 oruaulte,
1915 648 2041 711 que
2084 626 2252 693 d’in-

313 736 595 800 vosquer
635 714 773 781 dun
827 714 1057 782 accord
1099 713 1316 799 66116]
1357 713 1469 797 qui
1512 734 1554 779 a
1602 713 1848 797 promis
1896 714 2112 780 destre
2167 733 2251 780 au

313 802 535 868 milieu
620 801 701 867 de
786 800 981 868 ceulx
1065 801 1176 885 qui
1241 801 1683 866 conviennent
1746 821 1830 864 66
1896 820 2016 865 666
2078 819 2250 865 6616.

316 887 569 955 Gardes
612 907 778 953 vous
823 886 992 953 donc
1046 887 1127 952 de
1184 906 1350 952 vous
1410 887 1635 968 priver
1699 885 1833 951 dun
1937 885 2029 951 tel
2080 884 2254 963 bien,

313 975 603 1040 ascavoir
666 972 748 1039 de
812 994 977 1039 vous
1039 980 1357 1037 remectre
1426 993 1510 1037 66
1575 971 1640 1037 16
1867 992 1905 1036 6
1968 969 2058 1036 du
2121 971 2255 1038 bon

313 1076 593 1145 poeteur,
636 1058 750 1142 qui
794 1079 879 1124 ne
914 1056 1279 1123 deffauldra
1310 1059 1513 1124 iames
1556 1078 1685 1124 aux
1729 1057 1967 1133 brebis,
2022 1058 2134 1139 qui
2186 1077 2257 1121 se

315 1156 594 1232 teng-ent
637 1166 678 1211 a
719 1164 792 1209 sa
835 1144 1008 1222 mix,
1060 1152 1130 1209 et
1169 1164 1240 1210 se
1281 1145 1580 1209 11666661
1620 1141 1815 1209 soubz
1849 1143 2255 1209 sahoulette.

312 1231 409 1298 Ne
451 1251 692 1315 penses
734 1251 870 1315 pas,
914 1251 1054 1296 mes
1087 1231 1311 1307 freres,
1354 1250 1480 1314 que
1523 1230 1584 1296 ie
1615 1229 1798 1313 parle
1834 1250 2087 1294 comme
2119 1250 2260 1313 ung

313 1318 570 1384 homme
615 1317 725 1400 qui
772 1316 1036 1382 nauroit
1076 1314 1197 1380 nul
1239 1316 1460 1401 soulcy
1507 1314 1587 1380 de
1644 1335 1826 1381 vous.
1925 1314 2003 1381 Ie
2045 1313 2255 1382 consi-

314 1402 460 1470 dere
503 1402 602 1468 les
856 1422 927 1466 rs
970 1423 1054 1467 66
1096 1422 1261 1467 vous
1304 1413 1492 1468 estes.
1579 1401 1753 1467 Mais
1795 1401 1852 1466 si
1891 1421 2057 1467 nous
2091 1399 2261 1465 fault

311 1490 358 1555 il
397 1490 561 1554 faire
602 1497 743 1554 cest
829 1508 1082 1553 onneur
1121 1507 1163 1553 a
1204 1488 1378 1553 Dieu
1421 1485 1504 1552 de
1544 1488 1834 1571 preferer
1887 1508 1961 1552 sa
2003 1498 2258 1570 protec-

315 1577 447 1641 1166
501 1596 544 1639 6
600 1582 750 1640 tout
811 1595 884 1640 ce
947 1595 1074 1657 que
1138 1573 1377 1640 sathan
1440 1580 1508 1638 et
1570 1574 1667 1639 166
1742 1573 1919 1639 61666
1983 1584 2258 1656 porront

314 1662 649 1728 machiner
700 1670 926 1726 contre
979 1681 1164 1725 nous.
1277 1662 1384 1725 Au
1443 1669 1633 1738 reste,
1692 1659 1896 1724 iames
1952 1679 2118 1725 nous
2171 1679 2257 1724 66

315 1767 535 1813 serons
574 1767 845 1831 propres
890 1768 930 1811 a
964 1745 1176 1811 servir
1220 1768 1260 1811 a
1315 1756 1533 1811 nostre
1594 1744 1784 1821 Dieu,
1830 1746 1886 1809 si
1951 1766 2118 1811 nous
2173 1765 2256 1810 ne

313 1854 580 1919 passons
621 1853 746 1982 far
784 1829 1013 1897 dessus
1057 1830 1122 1896 la
1164 1832 1452 1897 brefvete
1511 1831 1592 1896 de
1633 1842 1808 1897 ceste
1845 1832 1968 1896 vie.
2071 1831 2255 1915 Vray

314 1930 408 1986 est
493 1939 578 1984 ue
647 1939 684 1983 6
723 1925 937 2000 temps
979 1939 1145 1983 nous
1187 1917 1432 1982 semble
1464 1917 1639 2001 long,
1684 1938 1799 1982 661·
1841 1925 1984 1981 1661
2025 1937 2109 1981 66
2154 1937 2258 1982 666

313 2019 457 2071 trou
499 2004 597 2071 les
655 2014 722 2069 et
763 2003 1210 2087 persecutions
1268 2013 1411 2067 tant
1465 2002 1663 2066 rudes
1720 2001 1835 2066 des
1891 2002 2120 2068 enfans
2175 2002 2256 2068 de

311 2092 498 2156 Dieu.
589 2090 761 2155 Mais
805 2089 1025 2172 quand
1070 2109 1236 2153 nous
1279 2088 1594 2154 tendi-ons
1638 2108 1678 2152 a
1731 2087 1795 2152 la
1841 2089 1942 2153 vie
1998 2088 2253 2167 celeste,

313 2188 372 2241 et
410 2197 537 2259 que
578 2194 746 2240 6666
791 2196 1031 2240 aurons
1073 2173 1462 2240 droitement
1518 2186 1720 2258 geute
1777 2173 1992 2256 quelle
2047 2175 2252 2251 veuit,

309 2283 471 2328 6666
549 2282 792 2327 aurons
870 2282 1003 2325 666
1082 2260 1472 2326 66611616661
1564 2281 1704 2344 ung
1779 2269 1940 2342 pont
1958 2261 2012 2343 ³)
2087 2280 2255 2343 pour

309 2347 609 2414 marchei·
653 2345 966 2431 quelques
1011 2368 1145 2430 pas,
1193 2347 1359 2412 mais
1402 2367 1566 2430 pour
1588 2356 1966 2412 surmonter
2006 2345 2073 2409 la
2092 2366 2250 2423 mer,

309 2433 584 2517 quelque
626 2433 809 2517 large
853 2452 938 2498 ou
982 2431 1295 2516 profonde
1339 2432 1554 2515 quelle
1598 2432 1739 2497 soit.
1844 2431 2033 2496 Ainsi
2053 2480 2070 2508 ‚
2112 2452 2254 2497 mes

308 2520 525 2599 freres,
569 2519 952 2585 recueillons
969 2523 1022 2597 ⁴)
1090 2520 1413 2584 tousiours
1471 2539 1634 2583 nous
1688 2517 1929 2599 espritz
1985 2538 2025 2581 a
2080 2531 2252 2583 ceste

311 2606 626 2690 heritaige
670 2605 938 2684 eternel‚
983 2605 1094 2688 qui
1138 2626 1304 2670 6666
1350 2604 1491 2670 face
1533 2603 1887 2687 mespriser
1930 2614 2104 2669 ceste
2147 2604 2252 2668 vie

307 2690 548 2759 caduce
591 2712 752 2757 avec
795 2711 899 2756 ses
944 2691 1343 2756 assessoires.
1432 2691 1603 2755 Mais
1648 2710 1768 2773 por
1802 2709 1876 2755 ce
1919 2710 2043 2772 que
2089 2710 2252 2754 vous

306 2798 460 2843 aves
501 2776 1006 2843 iournellement
1045 2776 1294 2842 bonnes
1329 2785 1396 2840 et
1430 2776 1708 2841 sainctes
1751 2775 2176 2841 instructions
2201 2776 2251 2860 ⁵)

306 2883 344 2927 6
385 2885 460 2929 66
504 2884 762 2948 propos,
806 2873 873 2926 et
926 2883 1050 2944 que
1106 2862 1378 2938 chacun,
1434 2882 1685 2927 comme
1745 2861 1804 2925 ie
1851 2883 2069 2944 pense,
2133 2882 2251 2945 par

304 2947 549 3015 lecture
594 2960 662 3013 et
705 2947 950 3013 aultres
994 2950 1264 3028 moiens,
1308 2968 1378 3012 se
1414 2947 1665 3013 solicite
1711 2968 1750 3011 a
1793 2968 1910 3011 son
1957 2947 2248 3025 debvoir,

302 3035 361 3101 ie
399 3034 590 3120 feray
634 3035 727 3100 fin
771 3054 813 3098 a
844 3054 954 3098 ma
997 3032 1208 3109 lettre,
1253 3053 1506 3098 comme
1552 3033 1798 3098 aussiil
1842 3054 1947 3097 me
1983 3034 2251 3100 souffira

303 3120 452 3186 bien
497 3120 580 3185 de
625 3140 787 3185 vous
831 3122 1017 3186 avoir
1060 3121 1217 3186 faict
1251 3119 1566 3186 entendre
1616 3140 1745 3201 que
1785 3121 1896 3204 iay
1937 3123 2252 3186 memoire

304 3205 380 3272 de
424 3227 591 3273 vous
635 3226 887 3274 comme
922 3208 984 3271 ie
1029 3206 1241 3271 doibs:
1281 3215 1348 3271 et
1369 3218 1579 3289 quant
1611 3206 1880 3290 iauroye
1921 3219 2058 3271 este
2102 3206 2250 3289 plus

304 3303 508 3370 court,
555 3291 618 3356 le
673 3300 987 3375 pourteur
1044 3291 1319 3357 vauldra
1339 3297 1391 3367 θ)
1449 3311 1613 3375 pour
1671 3291 1733 3354 16
1790 3293 2048 3377 moings
2104 3293 2250 3376 plus

303 3400 521 3462 quune
564 3378 762 3443 lettre
805 3377 956 3443 bien
1000 3378 1239 3463 longue
1283 3400 1366 3442 ne
1402 3377 1695 3461 pourroit
1737 3376 2182 3461 comprendre.

474 3465 809 3548 Surquoy‚
866 3485 1006 3529 mes
1065 3463 1256 3529 chere
1311 3473 1379 3527 et
1426 3463 1710 3528 honores
1766 3464 2000 3543 freres,
2060 3484 2251 3549 apres

301 3559 544 3617 mestre
623 3549 1080 3615 recommande
1152 3571 1192 3614 a
1272 3571 1436 3614 vous
1523 3548 1769 3613 bonnes
1855 3549 2122 3632 prieres,
2186 3552 2250 3615 ie

302 3637 556 3721 supplie
613 3645 838 3701 nostre
899 3635 1025 3700 bon
1078 3635 1250 3700 Dieu
1306 3655 1472 3700 vous
1528 3636 1711 3699 avoir
1759 3655 1841 3698 66
1902 3655 1976 3700 66
2030 3635 2250 3719 garde,

304 3742 465 3788 vous
501 3730 894 3806 augmenter
935 3743 1018 3786 en
1055 3731 1194 3786 tout
1239 3721 1408 3799 bien,
1457 3741 1617 3786 vous
1639 3721 1924 3785 fortefier
1966 3742 2050 3787 en
2095 3742 2250 3787 con·

301 3817 526 3876 stance
569 3806 945 3884 invincible,
1005 3819 1072 3871 et
1116 3827 1280 3874 vous
1335 3826 1707 3890 gouverner
1762 3807 1993 3889 iusque
2050 3827 2133 3872 66
2186 3807 2252 3871 16

300 3894 390 3960 fin
435 3895 620 3960 selon
666 3914 742 3959 sa
782 3894 1070 3959 volante.
1131 3893 1279 3958 Mes
1321 3893 1526 3957 freres
1569 3892 1747 3956 aussi
1790 3893 1932 3957 font
1972 3892 2034 3958 16
2077 3913 2247 3959 sem·

298 3980 533 4046 blable.
553 3981 612 4065 ⁷)
701 3979 796 4046 Ge
832 3984 931 4044 28.
979 4001 1061 4045 66
1105 3978 1359 4044 ianvier
1409 3981 1589 4042 1555.

427 4409 440 4422 ·
508 4268 570 4406 ἒξ
604 4268 1037 4392 fflrtreBr‘eillons.
1141 4337 1223 4392 M.
1280 4337 1499 4392 Rom-et
1550 4353 1588 4391 6
1638 4337 1694 4390 111
1714 4359 1729 4387 .·
1779 4336 1998 4391 elevons
2061 4343 2247 4392 nostre

297 4413 488 4477 ΨΜ
506 4473 565 4540 5)
600 4474 978 4530 exhortatione
1016 4473 1105 4528 Bt.
1877 4449 1886 4458 “

507 4542 573 4610 G)
608 4543 838 4599 maldra
871 4544 964 4598 Bt.

507 4611 571 4681 7)
603 4630 737 4668 vom
771 4613 987 4667 66166111
1021 4610 1112 4666 Bt.

2008 443 2168 504 1555
2212 436 2594 505 LAMJAR.

4173 450 4302 512 414

3226 628 3426 700 2102.

2887 799 3294 869 VIRE'PUS
3337 801 3772 870 OALVINO.

2532 972 2813 1038 Nunoiat
2862 971 3171 1055 quaedam
3224 971 3302 1037 de
3353 971 3662 1041 zebedaeo
3725 976 3981 1059 61116966
4046 977 4306 1045 asseclis

2356 1057 2469 1121 via·
2508 1061 2719 1121 notatu
2759 1058 2976 1141 1119116,
3035 1057 3227 1124 multo
3276 1059 3492 1125 minus
3544 1062 3894 1127 coelestim
3947 1062 4303 1128 animorum

2357 1143 2482 1208 ira.
2586 1141 2877 1209 Valerius
2917 1164 3113 1226 usque
3154 1149 3447 1227 669νού61

2648 1330 2760 1397 (nx
2797 1332 3133 1401 autographo
3169 1331 3299 1387 cod.
3334 1332 3537 1387 oonev.
3581 1333 3718 1387 111⁸,
3743 1335 3833 1389 τοι.
3871 1335 4012 1400 191.)

2875 1518 3030 1584 Iesu
3117 1517 3368 1585 Christi
3455 1540 3644 1585 servo
3721 1521 3957 1588 Ioanni
4023 1523 4300 1592 Calvi-e

2359 1603 2774 1670 Genevensis
2839 1605 3148 1672 ecclesiae
3215 1605 3462 1689 pastori
3526 1606 3900 1674 fidelissimo
3971 1610 4159 1675 fratri
4236 1620 4303 1678 et

2356 1701 2762 1775 symmystae
2805 1691 3161 1775 plurimum
3205 1690 3626 1758 observando.

2529 1517 2791 1583 Eximio

3798 1795 4127 1863 Genevae.

2529 1981 2601 2048 S.
2683 1982 3035 2048 Zebedaei&
3091 1982 3209 2049 hac
3263 1983 3526 2047 transiit
3577 1981 3771 2048 valde
3823 1984 4034 2051 elatus
4090 1997 4159 2051 et
4197 1986 4300 2052 in·

2354 2070 2570 2146 flatus,
2616 2075 2693 2133 61
2735 2067 2917 2142 66161,
2963 2089 3186 2133 eorum
3229 2068 3493 2150 quidem
3538 2067 3775 2136 iudicio
3809 2072 3921 2153 qui
3964 2070 4300 2139 hominem

2356 2152 2683 2220 viderunt.
2772 2154 3034 2219 Dicit-ur
3075 2155 3314 2220 iactare
3355 2173 3627 2238 magnas
3671 2157 3993 2237 victorias,
4052 2167 4118 2222 et
4159 2157 4300 2241 glo-

2355 2241 2513 2305 riari
2556 2261 2626 2304 se
2664 2239 2951 2305 effecisse
2984 2239 3245 2304 Bernae
3289 2242 3509 2304 omnia
3565 2262 3647 2305 ex
3706 2242 3906 2306 animi
3951 2243 4297 2310 sententia.

2354 2326 2580 2391 Paene
2644 2326 3045 2408 tragoediam
3110 2325 3440 2392 transiens
3502 2328 3817 2392 excitavit
3878 2348 3954 2394 66
4031 2332 4097 2393 16
4161 2330 4301 2396 1666

2355 2413 2426 2476 16
2470 2433 2597 2496 quo
2641 2412 2975 2495 suppliciis
3019 2411 3396 2478 afficiuntur
3429 2412 3790 2478 facinorosi.
3864 2412 4084 2494 Quum
4121 2417 4299 2481 661111

2352 2497 2647 2582 Phryyio,
2680 2504 2724 2573 ¹)
2767 2519 2957 2580 quem
3002 2498 3194 2578 nosti,
3253 2497 3332 2563 de
3377 2519 3452 2563 eo
3494 2520 3725 2581 parum
3796 2499 4149 2565 honorifice
4205 2501 4298 2566 lo·

2353 2598 2681 2666 queretur,
2727 2583 2878 2666 quia
2923 2584 2993 2647 16
3039 2606 3189 2649 6661
3233 2605 3449 2650 sermo
3492 2585 3656 2649 forte
3700 2584 4036 2663 inciderat,
4082 2587 4298 2651 stabat

2355 2691 2394 2735 a
2439 2678 2627 2754 tergo
2672 2668 3022 2734 Zebedaeus
3080 2671 3149 2734 in
3205 2670 3414 2747 turba,
3476 2671 3590 2753 qui
3647 2691 3717 2736 se
3775 2670 3858 2735 ab
3916 2690 3991 2735 eo
4047 2671 4299 2737 audivit

2353 2756 2677 2821 ebriosum
2743 2754 3074 2837 appellari.
3186 2756 3358 2820 Tum
3431 2754 3541 2820 ille
3606 2757 3823 2838 erupit
3886 2765 3953 2820 et
4025 2776 4299 2840 magnas

2354 2842 2578 2907 turbas
2626 2841 2953 2907 excitavit.
3074 2839 3350 2924 Phrym'o
3406 2864 3485 2906 ex
3543 2843 3879 2925 insperata,
3925 2844 4064 2907 eius
4109 2864 4296 2927 prae-

2353 2929 2568 2993 sentia
2637 2927 2818 2993 velut
2869 2926 3189 2991 attonitus
3247 2928 3466 2992 nescio
3521 2928 3754 3010 quibus
3819 2927 4296 2995 conditionibus

2354 3015 2435 3080 ab
2481 3013 2596 3080 illo
2639 3012 2946 3078 dimissus
2990 3022 3105 3077 est.
3167 3009 3317 3094 Qua
3357 3012 3710 3079 Zebedaeus
3757 3014 4025 3080 victoria
4067 3013 4296 3080 elatior

2355 3102 2618 3166 domum
2663 3121 2968 3165 reversus
3015 3107 3132 3178 661,
3191 3098 3416 3164 relicto
3459 3098 3568 3165 hic
3611 3101 3848 3184 Anydo
3905 3121 4097 3184 quem
4162 3100 4297 3166 Ho-

2353 3186 2576 3253 lardus
2636 3185 3151 3268 Christophorus
3171 3187 3228 3260 ²)
3293 3184 3458 3251 vidit
3531 3185 3703 3269 apud
3760 3196 4053 3252 nostrum
4110 3207 4295 3269 prae-

2352 3273 2615 3338 fectum.
2696 3272 2880 3337 Haec
2922 3271 3083 3336 mihi
3129 3269 3320 3337 hodie
3344 3272 3518 3337 domi
3564 3271 3877 3338 nunciata
3920 3281 4091 3337 sunt.
4148 3272 4297 3337 Non

2354 3381 2499 3424 sum
2548 3360 2723 3424 66116
2768 3377 3088 3442 egressus,
3149 3366 3293 3421 tum
3350 3369 3613 3441 propter
3666 3355 4096 3436 raucedinem,
4158 3373 4299 3423 tum

2351 3452 2621 3528 propter
2662 3445 2987 3526 catapotia
3021 3464 3186 3525 quae
3231 3444 3499 3526 sumpsi.
3603 3443 3786 3508 Nihil
3842 3444 4121 3527 amplius
4179 3465 4296 3508 au-

2354 3530 2493 3596 divi
2536 3531 2663 3595 nisi
2706 3527 2877 3611 quod
2922 3528 3246 3594 Holardus
3291 3530 3583 3594 narravit
3622 3551 3692 3594 66
3735 3551 3775 3592 6
3813 3528 4062 3595 Gitone
4114 3528 4296 3594 audi-

2354 3617 2527 3684 visse
2573 3614 2953 3681 Zebedaeum
2986 3634 3130 3679 esse
3176 3613 3365 3681 valde
3407 3615 3823 3680 obstinatum.
3916 3614 4074 3679 Fuit
4117 3615 4292 3681 enim

2350 3702 2611 3767 Bernae
2655 3721 2858 3785 quum
2894 3713 2961 3765 et
3005 3699 3358 3766 Zebedaeus
3399 3700 3533 3766 illic
3577 3710 3765 3766 esset.
3822 3698 4113 3765 Dubium
4158 3721 4297 3765 666

2352 3799 2450 3853 est
2491 3789 2645 3871 quin
2680 3807 2906 3852 omnes
2963 3783 3402 3852 calumniandi
3446 3797 3620 3851 artes
3673 3785 4069 3868 explicuerit.
4159 3785 4293 3851 Sed

2351 3895 2501 3939 eum
2545 3883 2772 3938 manet
2813 3894 3021 3956 poena
3063 3892 3258 3955 quam
3315 3871 3607 3936 minatur
3648 3872 3969 3954 propheta
4023 3870 4292 3937 menda-

2352 3959 2534 4025 cibus
2578 3958 2897 4024 omnibus.

2525 4043 2794 4130 Collega
2838 4065 3022 4110 meus
3062 4051 3321 4107 tantum
3368 4063 3501 4107 non
3546 4041 3911 4119 revalescit,
3957 4041 4072 4108 sed
4115 4063 4289 4107 mer·

2352 4130 2477 4196 bus
2501 4130 2717 4214 potius
2764 4129 3024 4195 videtur
3058 4129 3532 4213 ingravescere.
3594 4129 3764 4194 Eum
3810 4127 4294 4194 commendabis

2354 4217 2488 4282 tuis
2548 4213 2847 4299 precibus
2906 4215 3204 4280 Domino.
3301 4214 3611 4280 Salutant
3658 4223 3723 4278 te
3787 4215 3989 4279 nostri
4046 4234 4290 4290 616666,

2351 4302 2740 4387 praesertim
2775 4322 2944 4366 uxor
2987 4309 3053 4366 et
3095 4309 3232 4365 tota
3285 4299 3548 4366 familia.
3658 4299 3845 4365 Inter
3903 4299 4065 4365 haec
4122 4298 4294 4362 mala

2351 4408 2516 4472 quae
2560 4385 2846 4468 undique
2905 4385 3304 4453 nunciantur
3359 4408 3491 4451 666
3532 4406 3768 4468 parum
3811 4405 3919 4450 me
3974 4385 4293 4449 recreavit

2348 4473 2520 4558 quod
2556 4471 2874 4556 scripsisti
2900 4475 2953 4548 8)
3000 4470 3079 4537 de
3126 4473 3324 4537 vestri
3347 4472 3712 4538 consistorii
3754 4492 3929 4536 nova
3952 4470 4292 4535 confirma-

2349 4761 2610 4829 21021)
2650 4762 2956 4817 coum
2999 4760 3143 4826 forte
3183 4778 3296 4817 11611
3341 4763 3544 4832 absque
3587 4763 3705 4816 veri
3748 4758 4105 4814 matualis-e
4148 4757 4297 4812 1111116

2344 4831 2524 4898 fuisse
2556 4832 2731 4897 filium
2771 4830 2942 4884 Pauli
2977 4829 3383 4896 Sadenstt‘eker,
3437 4831 3537 4902 qui
3583 4830 3825 4899 Phryyio
3870 4828 4166 4892 dicebatur,
4209 4826 4294 4878 vel
4310 4887 4321 4892 ⁴

2348 4902 2513 4956 etiam
2550 4900 2911 4965 0666166666,
2957 4914 2995 4953 6
3035 4901 3229 4967 patria
3281 4914 3475 4959 11661611
3520 4904 3809 4953 mutuam.
3892 4897 3958 4950 16
3989 4894 4115 4951 olim
4152 4892 4291 4949 8616-

2349 4970 2527 5024 616611·
2566 4969 3004 5035 reformationem
3055 4966 3306 5022 6611166166
3350 4968 3717 5034 inchoaverat,
3756 4972 3948 5035 poma
3992 4965 4292 5018 mammio

2349 5039 2504 5094 verbi
2552 5037 2810 5093 Bao-‘leae
2856 5037 3081 5100 functus
3130 5043 3181 5090 et
3223 5052 3275 5091 6.
3339 5034 3473 5089 1586
3514 5037 3660 5103 prof.
3714 5036 3869 5091 theol.
3934 5033 4324 5102 Mna-u·

2343 5107 2531 5173 faetus
2563 5107 2644 5162 nto·
2675 5124 2730 5161 a.
2768 5103 2903 5160 1543
2934 5106 3083 5161 obsit.
3164 5103 3398 5158 Poscant
3424 5104 3613 5169 suerat
3644 5106 3869 5159 amicus.

2552 5173 2612 5238 2)
2656 5174 3017 5232 Orbem-§hie
3048 5173 3175 5240 fuit,
3208 5179 3258 5227 ct
3292 5188 3414 5228 611111
3445 5175 3625 5240 tratre
3659 5173 3994 5229 6116166666
4028 5172 4321 5226 6611661661

2352 5243 2721 5314 Prima-qemi
2757 5244 2979 5312 patriae
3016 5242 3453 5308 rotomationem
3515 5241 3660 5296 inter
3715 5242 3932 5310 primos
3982 5246 4033 5295 et
4078 5237 4299 5309 quidm

2348 5329 2461 5368 11611
2497 5313 2596 5367 aba
2732 5315 2791 5367 61·
2819 5319 2868 5367 et
2902 5309 3159 5365 dolentia
3192 5311 3433 5365 16616611.
3505 5310 3880 5379 (Pin-ream,
3910 5311 4170 5378 passim).

2556 5379 2593 5435 8
2654 5381 2777 5437 Η66
2810 5381 2999 5435 literae
3031 5394 3142 5434 11611
3177 5384 3406 5435 auant.
