4850 6200
503 440 628 503 90⁷
2011 435 2532 505 EPISTOLAE
2575 440 2745 505 2370
2758 440 2999 503 -2372
4381 443 4508 505 908

501 631 808 709 exceptas
851 621 1061 703 video,
1120 623 1490 692 scriberem.
1580 624 1775 690 Nunc
1827 623 2084 692 liberali
2128 625 2299 709 quod
2345 646 2456 691 ac-

502 712 642 795 cepi
686 729 1002 794 responso
1019 712 1080 795 ²)
1103 711 1319 776 omnis
1361 712 1433 777 in
1457 720 1796 795 posterum
1831 711 2153 777 dubitatio
2196 712 2456 779 sublata

504 806 623 865 est.
734 795 1009 863 Gaudeo
1076 798 1275 862 etiam
1341 797 1699 880 plurimum
1765 818 1841 864 ac
1906 798 2070 863 mihi
2135 799 2454 883 gratulor,

505 904 705 968 quum
750 903 857 948 me
897 903 1106 948 unum
1142 904 1226 948 ex
1269 884 1404 949 tuis
1460 903 1727 950 censere
1770 884 1942 949 ultro
1987 904 2275 967 cuperes,
2321 886 2455 951 fac-

503 980 648 1035 tum
712 989 854 1034 esse
911 968 1280 1034 Idsmanini
1337 989 1538 1053 opera
1591 977 1669 1034 ut
1712 980 2215 1036 anteverterem.
2305 972 2457 1036 Etsi

505 1066 724 1121 autem
769 1074 873 1119 me
915 1053 1078 1120 haec
1121 1063 1236 1120 tua
1259 1055 1720 1121 benevolentia
1763 1077 1897 1120 non
1923 1056 2284 1141 vulgariter
2328 1056 2456 1122 sibi

505 1140 821 1221 devinxit,
865 1141 1155 1206 sanctius
1219 1150 1440 1206 tamen
1485 1163 1570 1208 ex
1611 1141 1819 1207 libera
1853 1141 2006 1207 fidei
2052 1143 2455 1227 professione

506 1226 779 1294 accessit
821 1226 1176 1293 vinculum.
1258 1226 1345 1291 Et
1402 1236 1581 1293 certe
1640 1249 1775 1292 non
1820 1227 2081 1294 aliunde
2125 1249 2323 1312 quam
2368 1249 2454 1294 ex

505 1314 759 1380 sincera
821 1332 980 1397 erga
1045 1312 1256 1378 Deum
1321 1314 1567 1396 pietate
1630 1314 1840 1378 oritur
1883 1316 2178 1397 privatus
2215 1315 2338 1379 iste
2381 1314 2453 1379 in

504 1420 610 1465 me
659 1418 860 1464 amor.
939 1396 1088 1479 Quo
1153 1398 1365 1483 magis
1418 1399 1579 1464 eniti
1632 1400 1926 1478 studebo,
1984 1399 2244 1484 quando
2288 1400 2454 1465 mihi

503 1485 677 1550 inter
721 1483 972 1551 Christi
1017 1504 1243 1551 servos
1299 1506 1430 1550 non
1474 1485 1782 1550 ultimum
1819 1486 2036 1552 locum
2072 1487 2333 1566 tribuis,
2380 1494 2456 1551 ut

502 1579 656 1637 tuae
722 1571 1191 1654 exspectationi
1251 1580 1532 1654 votoque
1607 1571 2052 1655 respondeam.
2162 1572 2244 1638 Id
2302 1573 2456 1655 quia

501 1667 640 1723 tam
683 1656 910 1741 procul
957 1655 1224 1722 dissitus
1268 1657 1502 1722 melius
1526 1659 1750 1723 testari
1794 1679 2047 1742 nequeo
2075 1680 2269 1742 quam
2314 1660 2457 1742 pia-

501 1762 652 1809 rum
706 1742 1235 1808 exhortationum
1293 1743 1596 1821 stimulis,
1664 1743 1838 1827 quod
1883 1764 1922 1809 a
1985 1766 2091 1811 me
2134 1745 2453 1829 postulas,

503 1837 581 1895 ut
623 1828 730 1894 his
774 1827 1070 1912 partibus
1112 1826 1428 1894 obeundis
1486 1830 1806 1910 insistam,
1851 1850 1957 1895 me
1999 1830 2279 1896 libenter
2321 1831 2454 1897 fac-

505 1928 728 1981 turum
779 1915 1033 1997 quoties
1092 1914 1351 1981 dabitur
1399 1916 1647 1982 occasio
1708 1916 2033 1999 polliceor.
2114 1916 2319 1982 Visus
2355 1925 2458 1982 est

506 2000 922 2066 Dismaninus
986 2022 1117 2065 non
1161 2001 1309 2083 plus
1353 1999 1663 2085 quiddam
1707 2010 1822 2067 tuo
1866 2002 2178 2068 mandato
2212 2016 2455 2086 petere,

502 2091 745 2169 [quam]
772 2096 847 2151 ut
869 2107 1087 2151 meum
1109 2107 1268 2170 erga
1299 2098 1752 2153 renascentem
1778 2089 2090 2154 Poloniae
2113 2088 2458 2155 ecclesiam

504 2172 795 2239 studium
834 2172 1363 2256 publico-scripto
1398 2182 1690 2240 testarer.
1749 2173 1830 2239 In
1855 2196 1982 2257 quo
2016 2177 2216 2240 etiam
2252 2175 2459 2240 liben-

504 2268 609 2324 ter
652 2257 770 2323 tibi
815 2259 1352 2342 obtemperarem,
1397 2260 1524 2325 nisi
1570 2281 1678 2326 me
1719 2261 2067 2345 ambiguus
2101 2262 2288 2345 regni
2325 2272 2457 2326 sta-

507 2352 614 2410 tus
675 2365 1068 2427 suspensum
1133 2345 1347 2410 adhuc
1428 2354 1699 2411 teneret.
1781 2347 1954 2412 Nam
2015 2349 2136 2413 etsi
2203 2348 2457 2432 Regem

508 2431 1000 2497 serenissimum
1070 2453 1275 2514 purae
1335 2432 1662 2516 evangelii
1716 2431 2053 2498 doctrinae
2111 2434 2332 2519 favere
2391 2441 2459 2498 et

507 2525 770 2583 sanctae
823 2517 1303 2583 reformationis
1359 2517 1668 2600 cupidum
1726 2540 1869 2584 esse
1913 2518 2125 2597 video,
2162 2521 2314 2602 quia
2358 2532 2456 2583 ta-

508 2624 661 2668 men
722 2602 1002 2686 digitum
1062 2604 1294 2668 tollere
1340 2604 1629 2669 nondum
1670 2605 1883 2681 audet,
1931 2618 2004 2670 ut
2049 2619 2262 2670 rectae
2307 2605 2458 2670 fidei

508 2710 578 2754 se
632 2698 981 2773 patronum
1038 2689 1324 2772 ingenue
1382 2693 1785 2773 profiteatur,
1831 2691 1986 2774 quid
2030 2690 2111 2756 de
2155 2713 2225 2758 se
2269 2712 2455 2773 prae-

508 2774 709 2841 dicari
769 2774 927 2840 velit
984 2774 1146 2840 mihi
1192 2796 1328 2839 non
1371 2785 1644 2842 constat.
1734 2775 1996 2841 Nullam
2044 2798 2235 2861 porro
2272 2799 2458 2841 men-

507 2861 752 2927 tionem
816 2861 958 2926 fieri
1015 2860 1373 2926 absurdum
1439 2871 1627 2928 esset.
1699 2862 1893 2929 Nunc
1945 2863 2206 2946 quando
2251 2872 2455 2941 tenes,

509 2946 907 3029 amplissime
961 2946 1239 3027 domine,
1290 2947 1478 3030 quale
1523 2948 1876 3014 vacillandi
1923 2951 1992 3014 in
2037 2950 2159 3016 hoc
2202 2950 2455 3015 lubrico

505 3033 869 3117 periculum
915 3040 1221 3110 metuam,
1278 3033 1436 3117 quid
1479 3032 1657 3102 factu
1697 3056 1932 3118 operae
1975 3037 2258 3120 pretium
2303 3056 2456 3101 cen-

508 3139 653 3186 seas
707 3121 1094 3202 praescribe.
1176 3119 1289 3185 Me
1333 3120 1647 3204 quidquid
1693 3122 1811 3187 tibi
1854 3122 2115 3207 placere
2158 3122 2458 3188 ostende-

505 3206 599 3271 ris
641 3206 967 3271 facturum
1012 3205 1337 3288 polliceor.
1413 3206 1606 3289 Quod
1640 3208 1697 3274 si
1732 3229 1893 3290 opus
1935 3209 2149 3287 fuerit,
2187 3229 2460 3291 sponsor

503 3292 701 3358 etiam
759 3288 1024 3357 accedet
1079 3291 1499 3359 Lismaninus
1553 3302 1796 3373 noster,
1865 3295 2051 3359 cuius
2097 3294 2458 3360 adventum

505 3399 639 3443 non
705 3378 925 3442 minus
992 3377 1223 3443 utilem
1280 3400 1477 3462 quam
1544 3379 1669 3463 piis
1736 3380 2040 3447 omnibus
2097 3379 2460 3447 iucundum

504 3461 646 3528 fore
707 3462 981 3528 confido.
1071 3464 1197 3529 Est
1252 3466 1430 3530 enim
1474 3487 1606 3530 non
1651 3466 1842 3531 modo
1895 3467 2169 3551 integer,
2223 3466 2338 3532 sed
2382 3486 2461 3531 ea

507 3570 761 3632 quoque
819 3548 1266 3616 moderatione
1334 3551 1672 3635 praeditus
1731 3562 1804 3617 ut
1890 3553 2076 3617 nulla
2135 3553 2201 3617 in
2261 3552 2459 3617 rebus

369 3635 382 3650 “
506 3635 706 3701 etiam
777 3634 1222 3718 incompositis
1301 3638 1650 3702 temeraria
1721 3639 1860 3703 eius
1936 3641 2102 3704 actio
2168 3637 2460 3703 timenda

506 3721 611 3788 sit.
700 3719 928 3802 Neque
986 3729 1205 3787 tamen
1268 3744 1345 3788 ea
1402 3732 1503 3789 est
1550 3724 1821 3790 mollitie
1856 3725 2015 3807 quin
2061 3723 2144 3790 ad
2189 3736 2458 3790 strenue

506 3805 889 3872 certandum
933 3818 1201 3890 paratus
1247 3811 1487 3876 veniat.

679 3891 1013 3975 Superest,
1051 3892 1487 3960 illustrissime
1513 3894 1813 3973 Domine,
1862 3907 1939 3960 ut
1982 3896 2061 3961 ad
2088 3905 2458 3961 extremum

506 3999 711 4061 usque
745 3978 1111 4045 indefessus
1154 4002 1423 4046 maneas
1482 3982 1752 4047 Christo
1797 3982 2004 4047 miles.
2093 3981 2325 4062 Qualis
2370 3983 2458 4048 sit

505 4064 817 4130 Poloniae
866 4074 1080 4130 status
1137 4087 1253 4148 pro
1311 4077 1430 4132 tua
1462 4066 1806 4151 prudentia
1851 4067 2048 4133 vides.
2139 4069 2336 4133 Certe
2372 4066 2456 4132 ad

507 4172 656 4216 eum
718 4161 938 4216 actum
997 4161 1264 4217 ventum
1321 4161 1421 4219 est
1477 4155 1545 4218 in
1590 4176 1716 4236 quo
1762 4154 1915 4219 data
1955 4175 2154 4237 opera
2196 4153 2458 4219 videtur

506 4237 690 4303 Deus
732 4258 1263 4321 unumquemque
1319 4238 1400 4305 ad
1451 4261 1731 4304 examen
1788 4261 2032 4306 vocare.
2131 4241 2260 4306 Hic
2319 4262 2455 4305 me-

505 4323 715 4389 moria
771 4322 1126 4389 tenendum
1192 4334 1293 4390 est
1340 4325 1508 4409 quod
1570 4325 1877 4392 docemur
1959 4327 2223 4391 Psalmo
2295 4333 2451 4391 110:

505 4408 804 4493 Populus
862 4408 975 4473 tibi
1025 4419 1426 4493 spontaneus
1484 4414 1695 4477 veniet
1761 4413 1831 4476 in
1877 4411 1980 4478 die
2035 4412 2451 4477 collectionis.

506 4493 586 4560 Si
644 4494 767 4560 1100
832 4494 898 4559 111
962 4498 1278 4579 gregariis
1325 4499 1533 4564 locum
1582 4498 1799 4577 habet,
1844 4507 2166 4581 quantum
2211 4499 2454 4581 prima-

505 4580 621 4646 riis
690 4579 979 4658 ducibus,
1046 4603 1318 4664 quorum
1379 4595 1598 4666 partes
1664 4594 1816 4649 sunt
1882 4585 2027 4649 aliis
2087 4595 2454 4648 monstrare

504 4669 695 4742 viam,
767 4664 1047 4733 dedecus
1111 4683 1281 4734 esset
1315 4691 1585 4736 cursum
1666 4671 2019 4747 reflectere,
2090 4671 2194 4734 vel
2257 4673 2454 4735 ctiam

504 4755 923 4820 cunctatione
978 4774 1098 4818 sua
1156 4755 1316 4821 alios
1367 4759 1629 4822 morari.
1719 4756 1946 4838 Neque
2018 4767 2239 4821 tamen
2293 4756 2456 4822 haec

505 4838 633 4904 alio
668 4847 970 4923 spectant
1005 4840 1130 4904 nisi
1169 4851 1241 4907 ut
1284 4852 1347 4905 te
1382 4841 1453 4905 in
1481 4842 1856 4907 voluntaria
1898 4842 2025 4908 ista
2062 4842 2455 4927 promptitu-

506 4923 678 5004 dine,
723 4925 910 4991 cuius
963 4925 1178 4991 nobile
1222 4928 1553 5010 specimen
1599 4928 1733 4993 iam
1777 4930 1894 4994 abs
1936 4939 2003 4993 te
2047 4928 2295 4994 editum
2339 4949 2454 4993 au·

509 5010 633 5089 dio,
699 5011 907 5095 magis
974 5033 1049 5078 ac
1116 5013 1326 5097 magis
1383 5015 1780 5080 confirmem.
1864 5013 2046 5080 Nihil
2114 5016 2290 5079 enim
2355 5027 2455 5080 est

511 5094 681 5179 quod
739 5117 856 5162 nos
907 5094 991 5162 ad
1042 5098 1357 5165 invictam
1422 5101 1977 5183 perseverantiam
2045 5121 2251 5184 aeque
2318 5102 2457 5167 ani-

509 5195 646 5246 met
699 5204 892 5263 quam
950 5183 1061 5249 ubi
1111 5205 1230 5250 nos
1286 5185 1655 5270 insignibus
1698 5188 1835 5254 suis
1879 5195 2075 5252 ornat
2109 5185 2469 5268 Dominus„

713 5368 771 5434 2)
810 5370 884 5425 N.
916 5369 1073 5425 2227.

2557 629 2673 712 qui
2692 632 2728 669 ⁸
2771 628 3157 694 domesticos
3191 628 3334 694 eius
3369 629 3452 695 ab
3488 629 3823 695 extraneis
3859 628 4256 694 discernant.
4314 627 4504 707 Vale,

2554 714 2998 781 illustrissime
3020 713 3321 793 Domine,
3343 719 3382 754 ⁵
3421 722 3729 781 aeternus
3771 723 3840 780 te
3883 715 4021 781 suis
4063 712 4251 781 donis
4291 713 4506 780 indies

2553 800 2925 954 ffizpffatgt,
2992 801 3238 866 virtute
3292 799 3518 867 fulciat
3570 801 3939 885 spirituque
3991 820 4111 866 suo
4163 799 4504 886 gubernet.

3442 1433 3637 1504 2371.

3012 1587 3480 1657 CALVINUS
3527 1587 4030 1656 TARNOVIO.

2734 1761 2943 1828 Multa
2985 1762 3239 1845 quidem
3281 1766 3338 1827 et
3378 1762 3704 1828 laudanda
3739 1781 3858 1844 pro
3890 1761 4152 1844 pwn‘ore
4195 1761 4509 1847 evangelio

2554 1850 2731 1932 facta
2773 1855 2830 1915 et
2870 1854 3106 1915 tentata
3139 1848 3248 1915 sed
3281 1847 3454 1914 ultra
3485 1847 4024 1933 progrediendum.

2560 2021 2673 2087 (Ex
2709 2020 2950 2075 editione
2974 2021 3151 2074 Bezae
3187 1998 3388 2074 Gener.
3423 2037 3477 2089 p.
3501 2017 3615 2086 169,
3654 2020 3898 2144 Lata-dp.
3916 2017 4038 2083 362,
4072 2018 4281 2073 Hauov,
4316 2035 4368 2088 p.
4386 2016 4508 2085 406,

2689 2090 2900 2145 Chouet
2932 2106 2988 2159 p.
3021 2087 3143 2153 228,
3179 2089 3358 2144 Amet.
3390 2106 3445 2159 p.
3484 2087 3601 2142 104.
3640 2117 3707 2127 —·
3868 2129 3880 2140 .
3919 2088 4101 2141 Berol.
4134 2105 4188 2157 p.
4223 2085 4372 2153 223.)

2561 2260 2823 2327 Illustri
2866 2262 3012 2327 viro
3067 2282 3144 2327 ac
3197 2261 3455 2326 eximiis
3527 2260 3889 2327 virtutibus
3945 2259 4512 2344 praestantissimo

2563 2345 2646 2412 D.
2694 2346 2934 2412 Ioanni
2976 2346 3219 2414 Comiti
3256 2346 3606 2425 TarnoviO,
3651 2345 4028 2412 Castellano
4069 2344 4510 2422 Craeoviensi‚

2732 2435 3142 2501 exercituum
3185 2434 3406 2517 Regni
3454 2432 3760 2498 Poloniae
3795 2453 4101 2517 supremo
4147 2432 4336 2497 Duci.

2733 2604 2907 2671 Vide
2971 2612 3293 2689 quantum
3350 2604 3512 2669 mihi
3562 2604 3842 2669 fiduciae
3898 2603 4205 2686 praebeat
4246 2604 4515 2669 virtutis

2563 2699 2715 2756 tuae
2781 2692 2975 2770 fama,
3041 2691 3495 2757 Illustrissime
3561 2690 3865 2769 Domine,
3933 2710 4130 2772 quam
4187 2689 4360 2773 apud
4404 2711 4514 2754 me

2565 2798 2694 2841 non
2763 2776 3147 2862 vulgaribus
3211 2777 3436 2860 elogiis
3493 2775 3846 2842 celebravit
3900 2774 4073 2842 fidus
4133 2783 4199 2841 et
4241 2775 4514 2841 idoneus

2564 2863 2751 2928 testis
2818 2864 2898 2928 N.
2927 2868 3000 2939 1),
3049 2884 3284 2945 nempe
3349 2871 3423 2926 ut
3488 2862 3697 2927 homo·
3748 2861 3866 2927 tibi
3933 2863 4097 2926 forte
4139 2861 4514 2944 incognitus

2562 2969 2699 3014 non
2732 2947 2927 3014 modo
2970 2949 3179 3014 literis
3221 2949 3385 3013 meis
3429 2960 3495 3012 te
3519 2948 3927 3031 compellare.
3965 2947 4078 3014 sed
4124 2947 4204 3012 de
4247 2968 4319 3012 re
4353 2967 4514 3030 quo-

2562 3056 2686 3118 que
2728 3035 3021 3101 omnium
3064 3037 3353 3101 maxima
3397 3033 3806 3101 familiariter
3846 3032 4020 3117 apud
4064 3042 4129 3098 te
4173 3033 4511 3114 disserere,

2563 3129 2632 3187 et
2689 3121 2771 3187 ad
2828 3121 3198 3188 subeundas
3236 3123 3455 3186 oneris
3502 3122 3696 3186 huius
3740 3120 3821 3186 de
3858 3141 3987 3204 quo
4030 3122 4249 3205 agitur
4290 3129 4513 3204 partes

2563 3207 2894 3273 cohortari
2952 3208 3248 3274 audeam.
3338 3207 3608 3272 Pridem
3665 3205 3745 3270 de
3802 3226 4009 3290 regno
4069 3206 4379 3272 Poloniae
4424 3205 4512 3271 ad

2563 3315 2795 3376 puram
2832 3301 2898 3359 et
2942 3295 3298 3379 genuinam
3333 3293 3588 3359 Christi
3625 3292 3818 3358 fidem
3862 3290 4228 3357 revocando
4271 3291 4513 3357 medio-

2563 3381 2692 3446 cris
2748 3401 2897 3462 spes
2949 3379 3308 3445 affulserat.
3398 3381 3545 3444 Etsi
3601 3388 3821 3444 autem
3880 3377 4163 3461 obliquis
4221 3377 4511 3444 Satanae

2564 3466 2815 3531 artibus
2858 3466 3137 3532 iniectae
3182 3475 3344 3530 sunt
3386 3465 3781 3548 multiplices
3817 3485 4130 3542 remorae,
4175 3484 4352 3528 nunc
4395 3462 4510 3529 de-

2562 3573 2747 3617 mum
2810 3551 3079 3617 ianuam
3142 3551 3277 3617 filio
3343 3573 3461 3617 8110
3525 3549 3710 3616 1)0118
3775 3549 4053 3632 aperuit,
4089 3571 4174 3614 ex
4217 3571 4347 3632 qua
4387 3570 4510 3616 vos

2561 3658 2791 3702 omnes
2836 3637 2916 3702 ad
2964 3658 3108 3702 eum
3156 3647 3537 3703 reverenter
3580 3635 4033 3719 excipiendum
4075 3636 4335 3701 invitat.
4413 3636 4510 3700 Et

2561 3724 2751 3788 multi
2810 3723 3091 3806 quidem,
3153 3732 3228 3788 ut
3284 3723 3500 3800 audio,
3556 3722 3788 3805 cupide
3831 3722 4091 3787 obviam
4135 3730 4506 3801 accurrunt,

2560 3820 2627 3874 et
2664 3830 2832 3892 quae
2877 3809 3118 3876 debent
3153 3809 3415 3894 pietatis
3456 3809 3667 3874 officia
3700 3808 3963 3873 coelesti
4004 3808 4145 3892 regi
4189 3808 4504 3872 offerunt:

2559 3907 2635 3961 ut
2692 3898 2761 3960 111
2814 3896 3041 3962 ordine
3095 3896 3411 3962 nobilium
3465 3916 3598 3959 non
3660 3896 3881 3959 minus
3922 3892 4006 3959 ad
4063 3890 4507 3976 recipiendam

2559 3980 2890 4047 doctrinae
2933 3983 3291 4065 puritatem
3325 3982 3544 4066 vigeat
3586 3989 3811 4046 sancta
3854 3979 4270 4062 conspiratae,
4306 3999 4503 4062 quam

2557 4067 2810 4134 Christi
2876 4067 3099 4133 hostes
3166 4065 3248 4132 ad
3303 4065 3792 4150 impediendum
3841 4064 4165 4150 evangelii
4236 4084 4506 4130 cursum

2557 4155 2987 4237 pervicaciter
3029 4154 3203 4218 inter
3238 4174 3308 4218 se
3360 4152 3724 4218 coniurant.
3808 4151 3901 4216 'Pe
3945 4172 4119 4230 vero,
4163 4157 4503 4235 praestan—

2557 4242 2805 4305 tissime
2842 4240 2962 4319 vir,
3002 4242 3112 4323 qui
3149 4258 3405 4304 summa
3428 4238 3779 4304 autoritate
3823 4236 4048 4321 polles,
4094 4245 4161 4301 et
4192 4237 4263 4302 in
4307 4257 4504 4321 quem

2557 4348 2688 4391 non
2733 4326 2953 4390 minus
2995 4326 3202 4408 Regis
3239 4345 3435 4409 quam
3480 4324 3759 4389 aliorum
3801 4324 4076 4391 coniecti
4118 4334 4274 4389 sunt
4312 4322 4503 4402 oculi,

2555 4412 2703 4477 aliis
2738 4420 3004 4477 strenue
3049 4410 3514 4476 festinantibus
3550 4409 3653 4475 vel
3699 4410 4051 4492 quiescere,
4095 4409 4203 4476 vel
4246 4408 4503 4475 tardius

2557 4498 2862 4582 progredi
2905 4498 3177 4562 minime
3197 4507 3709 4563 consentaneum
3755 4503 3873 4560 est.
3963 4494 4094 4562 Nec
4138 4515 4293 4561 vero
4314 4494 4505 4560 Deus

2557 4585 2686 4648 alia
2737 4584 2881 4668 lege
2930 4585 3000 4648 111
3044 4583 3219 4649 1111110
3266 4581 3608 4667 dignitatis
3648 4578 3925 4664 gradum
3961 4587 4027 4647 te
4071 4580 4325 4656 extulit,
4370 4580 4505 4645 nisi

2558 4682 2630 4734 ut
2673 4691 2708 4735 0
2744 4669 3008 4734 sublimi
3044 4669 3364 4734 vexillum
3410 4668 3554 4733 aliis
3598 4675 3940 4746 monstres,
3999 4687 4081 4731 ex
4119 4667 4303 4732 cuius
4345 4687 4499 4732 con-

2558 4763 2784 4838 spectu
2819 4764 3068 4822 crescat
3110 4755 3417 4820 omnibus
3460 4753 3659 4820 studii
3705 4753 4030 4819 alacritas.
4108 4752 4254 4819 Iam
4296 4772 4503 4836 quum

2557 4841 2908 4925 prudentia
2964 4849 3033 4907 et
3080 4840 3350 4906 consilio
3394 4861 3525 4905 non
3563 4839 3782 4905 minus
3817 4839 4100 4906 excellas
4143 4859 4339 4922 quam
4380 4838 4500 4904 ho-

2557 4949 2739 5005 nore,
2795 4927 3069 4992 minime
3126 4927 3383 4993 deceret
3439 4933 3540 4991 tot
3594 4925 3962 5008 praeclaros
4018 4925 4500 5010 antesignanos,

2556 5014 2665 5098 qui
2722 5015 2790 5079 in
2850 5023 3187 5080 certamen
3228 5011 3431 5078 libere
3476 5019 3543 5077 et
3582 5011 3917 5095 intrepide
3950 5013 4282 5096 progressi
4325 5020 4501 5091 sunt,

2556 5123 2596 5166 a
2639 5100 2802 5166 duce
2846 5120 2964 5166 suo
3019 5098 3304 5165 destitui.
3384 5098 3534 5163 Etsi
3578 5098 3751 5163 enim
3798 5119 3929 5163 non
3972 5099 4209 5183 ignoro
4249 5097 4504 5181 praeci-

2555 5209 2720 5272 puas
2785 5207 2927 5252 esse
2992 5185 3414 5252 Serenissimi
3478 5184 3685 5269 Regis
3750 5194 3988 5267 partes,
4055 5184 4208 5267 qnia
4278 5189 4504 5248 tamen

2557 5373 2734 5431 23⁷1.
2763 5373 2825 5440 1)
2865 5373 3245 5428 Lamum.
3312 5370 3509 5442 (811119.
3546 5372 3611 5426 11.
3640 5368 3790 5438 595.)
