4850 6200
472 428 597 495 671

646 618 884 683 Petrus
951 614 1316 681 Alexander
1378 616 1591 679 iturus
1657 615 2172 696 Argentoratum
2216 612 2425 677 voluit

473 704 757 769 amicum
799 703 1112 768 invisere:
1133 704 1190 784 ⁴)
1234 700 1719 767 Dommartinus
1785 719 1917 763 una
1957 700 2095 764 ivit.
2184 698 2422 764 Nescio

475 810 562 853 an
606 789 955 853 Tossanum
988 787 1353 852 inviserint.
1445 784 1768 852 Beraldus
1810 784 2186 850 missionem
2231 784 2425 867 petiit

474 887 543 938 et
585 874 889 949 obtinuit,
934 874 1148 939 nescio
1209 872 1289 936 ad
1329 872 1501 937 diem
1558 872 1783 949 Marci,
1844 877 1909 935 et
1958 868 2113 935 dicit
2154 882 2424 953 rogatus

476 962 796 1025 haesurus
839 959 972 1024 illic
1013 960 1129 1025 sit:
1175 961 1232 1024 si
1271 979 1401 1023 non
1438 955 1848 1023 commodum
1894 957 2096 1041 (quod
2141 956 2264 1022 sibi
2306 956 2425 1020 ali-

477 1047 587 1130 qui
653 1057 973 1129 quaerunt
1027 1066 1111 1110 ex
1154 1049 1256 1118 eo)
1300 1064 1436 1108 non
1478 1045 1691 1128 magis
1733 1064 1842 1108 eos
1886 1051 2185 1108 moveret
2226 1062 2425 1125 quam

475 1132 747 1198 affectus
801 1132 1034 1214 aliquis
1087 1130 1157 1194 in
1211 1131 1450 1207 virum,
1511 1151 1640 1194 non
1699 1128 2051 1194 dubitarim
2097 1150 2246 1193 eum
2290 1149 2424 1192 non

474 1219 694 1284 minus
751 1239 1097 1284 sensurum
1161 1237 1359 1299 quam
1414 1214 1688 1280 fecerint
1730 1216 1905 1279 servi
1950 1214 2221 1293 Christi,
2265 1235 2422 1297 quo-

475 1325 624 1368 rum
684 1324 947 1370 causam
1004 1302 1313 1385 suscipiat
1374 1301 1697 1366 Dominus
1740 1312 1809 1365 et
1849 1298 2191 1365 medeatur
2234 1300 2424 1365 malis

474 1390 739 1473 suisque
759 1399 1098 1456 succurrat
1126 1387 1433 1454 ecclesiis.
1459 1390 1509 1459 5)
1559 1386 1885 1469 Boquinus
1906 1407 2173 1452 coenam
2208 1386 2308 1451 bis
2344 1384 2425 1449 de

474 1496 658 1541 more
702 1477 845 1541 fieri
911 1476 1170 1541 solitam
1214 1484 1476 1539 coactus
1540 1474 1665 1536 fuit
1732 1474 2047 1549 omittere,
2107 1492 2263 1537 nam
2308 1472 2426 1537 Lo-

474 1568 693 1643 quetus
735 1564 1058 1645 particeps
1100 1581 1249 1626 cum
1295 1580 1371 1625 eo
1416 1578 1556 1623 esse
1601 1558 1832 1638 noluit,
1870 1579 2080 1642 neque
2116 1558 2425 1641 poculum

377 1693 381 1697 -
475 1650 827 1731 porrigere,
873 1658 950 1712 ut
992 1646 1309 1711 intellexi.
1377 1645 1652 1711 Utinam
1687 1645 2053 1710 Alexander
2086 1644 2424 1710 consulere

476 1735 682 1816 possit
718 1746 909 1798 recte.
968 1731 1136 1797 Vale
1168 1732 1332 1797 bene
1369 1741 1434 1795 et
1468 1745 1685 1795 tecum
1709 1732 1799 1814 pii
1834 1751 2080 1808 omnes,
2118 1729 2420 1813 collegae,

474 1821 696 1898 frater,
747 1819 1181 1884 Normandius
1222 1837 1371 1881 cum
1422 1816 1681 1894 Badais,
1742 1817 1961 1883 Trecio
2013 1825 2080 1880 et
2133 1816 2419 1899 reliquis.

494 1906 786 1984 Veretum,
817 1906 872 1969 si
908 1905 1057 1969 istic
1080 1906 1183 1980 sit,
1209 1914 1281 1968 ut
1317 1904 1563 1987 recepit
1585 1904 1944 1979 sciturum,
1969 1912 2121 1985 opto
2145 1902 2421 1966 salvum.

478 1989 748 2075 Collega
789 2004 854 2054 te
898 1990 1154 2054 salutat.
1239 1988 1617 2054 Praefectus
1662 2000 1728 2052 te
1760 1990 1832 2052 in
1878 1989 2164 2053 Domino
2197 2007 2424 2053 carum

478 2077 693 2141 habet.
775 2077 1081 2141 Neocomi
1137 2080 1228 2140 10.
1268 2075 1427 2139 Iulii
1482 2079 1660 2139 1555.

1372 2308 1377 2313 ι
1490 2214 1671 2278 Tuus
1709 2210 2013 2276 Farellus
2055 2220 2250 2275 totus,

1364 2809 1552 2883 2241.

915 2964 1425 3033 DUARENUS
1471 2962 2017 3030 HOTOMANO.

653 3141 905 3206 Acriter
967 3137 1281 3203 invehitur
1337 3140 1409 3202 in
1468 3135 1864 3202 Balduinum
1918 3136 2224 3203 hominem
2264 3159 2434 3204 mert-

483 3228 697 3294 daeem
731 3224 1238 3290 calumniatorem
1270 3227 1581 3289 versutum
1627 3227 1683 3286 et
1716 3224 2069 3289 versatilem
2101 3229 2156 3289 et
2196 3225 2292 3291 ita
2324 3224 2432 3290 de-

474 3314 685 3396 pinyit
724 3316 795 3376 ut
836 3311 1136 3392 conceptis
1168 3310 1369 3375 verbis
1401 3309 1460 3375 ei
1494 3308 1758 3390 applicet
1797 3310 2016 3375 tritum
2058 3310 2222 3376 illud
2243 3335 2262 3374 .·
2305 3308 2434 3376 Hic

482 3400 660 3482 ηὗρεν
701 3401 807 3476 est,
843 3395 1003 3462 hunc
1044 3401 1113 3460 tu
1158 3394 1443 3462 Romane
1492 3399 1712 3462 cavete.

488 3568 679 3634 (Edita
712 3575 798 3621 est
831 3568 898 3622 ab
932 3567 1051 3635 ipso
1088 3566 1312 3621 Oslvino
1348 3567 1417 3624 ad
1461 3568 1661 3621 calcem
1697 3568 2050 3637 epistolarum
2086 3567 2336 3620 Balduini
2372 3567 2431 3619 in

475 3656 573 3692 sua
617 3637 990 3706 Responsione
1036 3637 1107 3689 ad
1158 3636 1403 3690 Baldnini
1454 3637 1694 3690 convicia
1742 3633 1880 3690 1562
1926 3653 2047 3705 pag.
2081 3634 2289 3689 55—69
2321 3636 2428 3690 hoe

475 3706 666 3759 titulo:
742 3705 946 3759 stane.
1001 3704 1260 3759 Duarem'
1310 3705 1703 3762 Iurisconsulti
1751 3706 1830 3758 ad
1879 3706 2109 3759 aderam
2158 3704 2428 3773 quendam

479 3776 936 3830 Iurisconsultus»
981 3775 1212 3841 epistola
1245 3775 1312 3828 de
1347 3775 1656 3830 Franciseo
1690 3773 1989 3829 Balduiow.
2063 3775 2238 3839 Quum
2273 3775 2431 3842 plura

478 3861 618 3913 quae
654 3845 711 3897 in
757 3843 859 3896 hac
892 3843 1125 3911 epistola
1172 3855 1229 3896 at
1259 3844 1270 3854 '
1387 3851 1514 3898 ntur
1548 3845 1725 3897 minus
1770 3843 1841 3896 ad
1875 3851 2064 3896 nostra
2097 3843 2426 3912 pertineant,

477 3914 612 3966 satis
645 3912 906 3965 habemus
940 3911 1155 3964 initium
1192 3919 1248 3964 et
1282 3928 1311 3964 c
1332 3914 1575 3966 ansulam
1620 3913 1677 3965 in
1713 3917 1960 3966 nostrum
1993 3912 2308 3974 thesaurum
2344 3929 2426 3965 re-

476 3982 621 4034 ferre
658 3981 785 4050 quia
818 3980 954 4033 haec
989 3980 1060 4032 ad
1093 3980 1475 4037 illustrandum
1509 3987 1567 4034 et
1601 3981 1983 4035 vindicandum
2009 3980 2218 4034 calvini
2254 3981 2426 4044 ipsius

881 4048 1136 4102 indicium
1173 4052 1402 4104 maxime
1436 4052 1615 4104 facere
1650 4050 1953 4104 videantur.
1980 4051 2028 4117 ι)

686 4323 750 4386 4)
788 4323 1070 4388 Adsum-at
1100 4337 1228 4390 erqo
1262 4321 1528 4378 Neoeomi
1558 4330 1609 4378 et
1629 4324 2114 4391 Mombezqardiam
2151 4325 2212 4378 in
2248 4330 2428 4379 vans-

479 4399 563 4447 ἂν
607 4393 839 4460 petebat.
914 4391 1058 4445 Eius
1092 4393 1280 4447 eiectio
1326 4408 1454 4460 erqo
1500 4409 1612 4446 non
1654 4395 1882 4448 seriem
1926 4393 2318 4449 observabam·
2348 4396 2435 4449 vel

479 4464 645 4517 ouem
677 4465 911 4516 rescissa
942 4461 1141 4526 fuerat.

684 4528 743 4596 5)
792 4529 873 4582 Tu
906 4545 1060 4594 vero,
1102 4530 1349 4584 benevole
1391 4530 1555 4584 lector
1569 4568 1584 4594 ,
1634 4531 1902 4584 medearis
1947 4546 2270 4599 quaesumus
2305 4531 2433 4586 huic

478 4600 768 4653 abstrusae
798 4599 1143 4668 eloquentiae.

482 4667 667 4720 2241.
689 4667 743 4733 1)
780 4667 1096 4720 Balduinus
1129 4669 1192 4719 in
1227 4682 1331 4720 sua
1366 4667 1589 4723 lectiam
1620 4667 1948 4736 imuyurali
1974 4669 2332 4733 Ammoi-ati
2360 4685 2433 4724 ut.

485 4736 697 4791 Martio
736 4734 870 4790 1555
918 4737 1105 4789 habita
1152 4735 1324 4800 (edita
1359 4743 1437 4788 est
1472 4737 1571 4789 sub
1607 4735 1792 4790 titulo.-
1841 4737 1981 4789 Iuris
2024 4738 2197 4791 civilis
2244 4739 2432 4792 schola

481 4810 529 4859 A
596 4804 910 4858 entinensis.
984 4806 1089 4858 Per
1130 4805 1219 4858 Fr.
1258 4805 1593 4859 Balduinuin.
1668 4807 1802 4876 Arg.
1855 4803 1988 4860 1556
2033 4807 2102 4872 cf.
2156 4807 2432 4876 Hevdiny.

478 4823 603 4943 μηξ)
662 4876 804 4928 inter
838 4874 956 4928 alia
979 4875 1197 4928 diruat
1220 4875 1708 4941 Arqmtoracenses
1728 4877 2044 4945 neutiquam
2066 4890 2203 4942 opus
2236 4877 2433 4933 habere

481 4949 545 4997 ut
616 4944 718 4997 lios
753 4957 883 4998 suos
914 4943 991 4997 ad
1022 4948 1312 4997 extraneos
1344 4944 1680 5010 professores
1713 4944 2022 5011 ablegarent
2066 4961 2229 5014 quum
2260 4947 2336 5000 iis
2370 4948 2433 5001 in

477 5015 669 5080 patria
704 5014 843 5066 satis
874 5020 1216 5081 prospectum
1249 5020 1397 5067 met.
1452 5013 1801 5083 Conquerens
1835 5020 2085 5083 tempora
2107 5022 2164 5068 et
2184 5014 2432 5068 homines

484 5080 761 5149 religionis
798 5083 1148 5151 negligentes,
1193 5083 1375 5135 calore
1411 5083 1757 5152 cogitationis
1791 5082 2046 5136 incitatus
2084 5082 2264 5137 subito
2299 5084 2431 5137 ima-

482 5150 897 5272 assia
932 5151 2285 5290 ⁸assatas?{mammeam
2324 5169 2433 5221 q..

484 5287 769 5340 Duarenus
804 5288 1102 5342 orationem
1138 5290 1207 5342 ad
1254 5306 1314 5343 se
1360 5299 1611 5360 spectare
1645 5298 1904 5360 expertus
1939 5289 2171 5359 epistola
2204 5289 2274 5342 de
2311 5289 2433 5342 Bal-

484 5356 649 5410 duino
685 5355 755 5410 ad
791 5356 1153 5411 Hotomanum
1188 5357 1321 5413 data
1355 5361 1652 5429 respondit.
1723 5363 1745 5424 (
1933 5361 1945 5372 '

1988 422 2516 491 EPISTOLAE
2558 426 2977 490 2240—2241

4351 429 4475 491 672

2697 614 3052 696 Postquam
3077 613 3307 679 literas
3329 622 3473 679 tuas
3495 614 3716 696 accepi
3737 617 3971 697 quibus
3992 636 4101 680 me
4132 617 4478 681 certiorem

2524 699 2740 766 fecisti
2783 698 3103 782 collegam
3151 706 3453 764 nostrum
3508 699 3581 763 in
3626 698 3988 766 Germania
4028 723 4190 779 esse,
4250 703 4479 768 crebro

2526 794 2989 870 argumentum
3044 785 3128 850 ad
3185 792 3251 850 te
3298 784 3624 851 scribendi
3687 807 3728 851 a
3780 808 3886 852 me
3950 788 4312 872 quaesitum
4355 798 4476 852 est.

2527 871 2665 938 Sed
2704 871 2869 936 mihi
2915 872 3184 937 tandem
3227 870 3514 937 occurrit
3556 872 3722 936 forte
3764 872 4034 938 fortuna
4077 872 4365 939 odiosius
4401 894 4478 940 ac

2526 957 2868 1024 molestius
2932 978 3127 1040 quam
3195 956 3449 1037 vellem,
3515 957 3596 1022 de
3660 958 3804 1041 ipso
3847 959 4071 1024 eodem
4117 980 4353 1044 nempe
4396 958 4479 1025 de

2527 1065 2654 1128 quo
2720 1045 3098 1126 perinvitus,
3163 1044 3256 1108 ita
3320 1065 3426 1108 me
3485 1042 3671 1109 Deus
3730 1054 3923 1123 amet,
3968 1067 4147 1110 nunc
4190 1046 4363 1129 apud
4409 1060 4476 1111 te

2528 1151 2937 1196 communem
3001 1130 3283 1194 amicum
3344 1150 3580 1212 queror
3642 1140 3709 1195 et
3763 1131 4120 1214 expostulo.
4231 1132 4331 1198 Ac
4395 1154 4479 1198 ne

2529 1216 2824 1300 longiore
2850 1217 3178 1298 prooemio
3213 1224 3278 1280 te
3320 1235 3555 1291 morer,
3580 1215 3813 1281 incidit
3845 1218 3915 1281 in
3936 1237 4172 1282 manus
4214 1225 4479 1284 nostras

2530 1303 2737 1367 oratio
2796 1301 2909 1366 illa
2965 1322 3163 1384 quam
3229 1322 3443 1384 nuper
3498 1299 3734 1366 edidit:
3780 1302 4188 1385 praeclarum
4230 1304 4480 1370 scilicet

2530 1410 2783 1453 morum
2858 1387 3239 1471 ingeniique
3316 1387 3424 1452 sui
3503 1389 3865 1470 specimen,
3946 1388 4140 1471 idque
4218 1389 4479 1456 scholae

2529 1474 2736 1551 titulo,
2784 1495 2984 1556 quum
3029 1474 3248 1556 potius
3291 1471 3430 1554 χολὴ
3473 1473 3744 1539 inscribi
3789 1474 4106 1552 debuerit,
4152 1485 4231 1540 ut
4274 1475 4358 1540 ab
4401 1497 4479 1541 eo

2528 1560 2789 1626 homine
2826 1561 3070 1642 scripta
3122 1560 3234 1641 qui
3267 1560 3368 1624 ira
3410 1557 3685 1641 odioque
3729 1562 4073 1645 impotenti
4115 1571 4479 1628 commotus

2529 1669 2605 1712 ac
2628 1645 3013 1731 lymphatus
3036 1646 3327 1710 evomuit
3347 1647 3418 1710 in
3452 1665 3571 1711 nos
3610 1666 3741 1710 non
3787 1646 3958 1730 quod
3994 1648 4162 1712 ratio
4186 1647 4478 1727 dictavit,

2526 1732 2641 1798 sed
2685 1731 2857 1816 quod
2902 1732 2964 1796 ei
3006 1734 3335 1815 suggessit
3391 1730 3734 1815 splendida
3777 1733 3944 1798 bilis.
4035 1732 4160 1798 Cui
4204 1735 4481 1800 orationi

2528 1838 2655 1902 quo
2700 1816 2895 1901 paulo
2940 1817 3257 1899 prolixius
3302 1840 3378 1884 ac
3420 1818 3689 1883 liberius
3731 1818 4092 1902 respondeo
4135 1821 4288 1885 boni
4331 1841 4481 1885 con-

2528 1904 2708 1970 sulas
2750 1925 2925 1986 rog0,
2971 1903 3164 1986 idque
3207 1902 3648 1988 magnitudini
3690 1905 3788 1970 rei
3831 1916 3897 1970 et
3940 1906 4266 1971 atrocitati
4303 1907 4481 1971 iniu-

2527 1991 2665 2055 riae
2710 1987 2896 2054 nobis
2937 1989 3164 2055 illatae
3227 1992 3438 2074 magis
3488 2010 3685 2071 quam
3729 1992 3831 2058 vel
3877 1991 4257 2074 loquacitati
4296 2013 4482 2057 meae

2529 2076 2638 2141 vel
2679 2075 3016 2159 asperitati
3045 2076 3394 2142 adscribas.
3467 2075 3639 2139 Nam
3683 2092 3752 2140 et
3772 2077 3984 2142 multa
4025 2099 4190 2160 quae
4231 2080 4312 2144 ab
4355 2080 4485 2143 ini-

2530 2161 2699 2227 mico
2741 2182 2897 2227 vere
2934 2168 3202 2244 possent
3239 2162 3433 2227 obiici
3467 2162 3767 2239 reticebo,
3803 2185 4053 2229 memor
4086 2163 4483 2230 christianae

2532 2247 2906 2322 modestiae,
2967 2258 3034 2312 et
3075 2269 3152 2311 ea
3198 2258 3459 2312 tantum
3503 2248 3713 2313 dicam
3769 2270 3935 2331 quae
3979 2268 4213 2315 causae
4255 2270 4482 2314 neces-

2533 2335 2706 2398 saria
2747 2348 2947 2398 erunt
2987 2342 3057 2397 et
3097 2354 3265 2417 quae
3308 2334 3584 2415 proferri
3628 2353 3705 2399 ac
3758 2335 3977 2419 detegi
4019 2357 4056 2402 e
4099 2357 4172 2401 re
4222 2335 4484 2419 publica

2533 2419 3017 2501 christianaque
3072 2441 3214 2485 esse
3257 2420 3601 2485 videbitur.

2704 2509 2807 2570 Ac
2851 2527 2932 2571 ne
2976 2506 3240 2589 singula
3303 2505 3424 2570 tibi
3487 2506 3766 2571 referam
3833 2527 4026 2589 quem
4086 2528 4218 2572 non
4262 2506 4486 2573 dubito

2535 2592 2895 2657 orationem
2953 2590 3219 2657 rabulae
3275 2592 3465 2657 istius
3524 2592 3777 2675 legisse,
3824 2593 4004 2658 hunc
4046 2593 4171 2659 sibi
4215 2615 4486 2677 scopum

2534 2678 2941 2762 propositum
2963 2677 3163 2743 habet
3204 2685 3280 2742 ut
3322 2678 3710 2760 persuadeat
3732 2678 4105 2758 Germanis,
4150 2701 4222 2745 se
4266 2683 4487 2746 virum

2534 2764 2781 2829 bonum
2805 2762 3168 2848 simplicem
3190 2764 3636 2829 verecundum
3673 2764 3858 2846 pium
3899 2763 4279 2850 religiosum
4324 2787 4485 2841 esse,

2536 2851 2617 2915 ab
2661 2850 2841 2914 omni
2883 2849 3298 2914 simulatione
3339 2850 3487 2915 fuco
3553 2850 3910 2915 ambitione
3953 2872 4153 2934 quam
4198 2853 4488 2917 maxime

2536 2934 2907 3011 abhorrere,
2969 2956 3177 3000 unum
3244 2955 3316 3000 se
3369 2934 3907 3001 iurisconsultum
3971 2958 4112 3003 esse
4148 2938 4276 3003 hac
4318 2949 4487 3003 tem-

2537 3030 2790 3104 pestate
2845 3023 2955 3105 qui
3007 3042 3241 3106 puram
3297 3022 3746 3105 sinceramque
3788 3021 4376 3106 iurisprudentiam
4421 3037 4489 3089 et

2533 3107 2717 3174 nulla
2756 3108 3095 3192 impietate
3128 3109 3637 3174 contaminatam
3669 3109 3897 3174 docere
3930 3111 4136 3192 possit
4179 3130 4254 3176 ac
4299 3111 4485 3177 velit:

2536 3215 2655 3260 nos
2679 3205 2899 3260 autem
2923 3216 3050 3259 non
3074 3194 3284 3259 solum
3308 3194 3603 3259 triviales
3631 3195 3943 3279 leguleios
3972 3216 4116 3262 esse
4149 3194 4265 3261 sed
4287 3198 4489 3262 etiam

2535 3291 2773 3364 pravos
2806 3279 3107 3344 homines
3150 3288 3401 3345 astutos
3435 3279 3816 3345 ambitiosos
3859 3279 4140 3365 denique
4183 3283 4490 3365 profanos

2533 3366 2771 3448 impios
2825 3366 3202 3448 Epicureos,
3262 3367 3374 3448 qui
3429 3367 3703 3432 iuvenes
3746 3365 3830 3431 ad
3872 3368 4223 3450 impiorum
4268 3369 4492 3434 obser-

2535 3453 2867 3519 vationem
2911 3450 3321 3517 decretorum
3364 3450 3782 3517 iureiurando
3822 3452 4328 3537 obstringamus,
4374 3456 4495 3536 qui

2536 3537 2881 3602 doceamus
2923 3558 3172 3602 numen
3216 3557 3428 3616 omne,
3472 3537 3858 3622 religionem
3891 3559 4153 3605 omnem
4195 3548 4492 3605 contem·

2537 3621 2823 3689 nendam
2867 3643 3026 3689 esse.
3117 3622 3195 3688 Si
3236 3644 3368 3705 qua
3409 3622 3500 3689 sit
3541 3623 3623 3689 de
3667 3624 3979 3708 religione
4023 3627 4494 3704 controversia,

2534 3717 2835 3792 oportere
2856 3717 3289 3793 spectatorem
3323 3730 3466 3775 esse
3509 3710 3782 3789 fabulae,
3821 3720 3887 3775 et
3908 3712 4174 3776 interim
4197 3712 4495 3778 suaviter

2531 3807 2879 3877 utramque
2924 3807 3180 3879 partem
3215 3794 3462 3864 rideret
3509 3818 3579 3861 se
3625 3796 3819 3862 huius
3862 3805 4086 3863 tantae
4127 3797 4492 3882 impietatis

2532 3881 2680 3947 odio
2702 3879 2786 3947 ad
2808 3880 3178 3947 Germanos
3220 3903 3261 3946 a
3294 3882 3480 3948 nobis
3501 3881 3824 3948 defecisse.
3899 3881 4232 3964 Quorsum
4275 3882 4488 3950 haec?

2532 3967 2627 4034 Ut
2690 3965 3030 4046 Germani,
3088 3967 3161 4031 in
3239 3989 3519 4051 quorum
3582 3970 3749 4034 fines
3813 3969 4215 4035 christianus
4280 3969 4492 4035 Solon

2533 4054 2716 4136 quasi
2772 4053 2948 4118 coelo
2999 4053 3302 4136 delapsus
3345 4056 3660 4136 pervenit,
3715 4053 4099 4121 felicitatem
4139 4076 4326 4121 suam
4370 4078 4490 4141 ag·

2538 4152 2829 4218 noscant,
2888 4161 3006 4205 nec
3057 4139 3218 4204 adeo
3277 4139 3599 4223 desipiant
3640 4140 3710 4205 in
3754 4152 4091 4225 posterum
4129 4153 4208 4207 ut
4249 4142 4493 4209 liberos

2537 4246 2692 4291 suos
2726 4224 2809 4290 ad
2849 4246 2971 4290 nos
3009 4226 3364 4308 impietatis
3398 4227 3745 4310 magistros
3779 4225 4131 4306 dimittant,
4176 4229 4345 4294 sicut
4385 4228 4492 4293 fa-

2537 4332 2684 4377 cere
2760 4309 2973 4375 adhuc
3036 4323 3553 4388 consueverunt,
3620 4310 3735 4378 sed
3798 4314 4206 4380 sanctissimo
4269 4317 4494 4398 potius

2535 4396 2981 4463 iureconsulto
3047 4397 3481 4463 instituendos
3557 4399 3986 4464 committant.
4093 4400 4244 4465 Non
4308 4402 4493 4465 enim

2534 4482 2660 4548 hoc
2704 4481 2912 4547 ambit
2954 4482 3203 4566 gloriae
3260 4503 3415 4548 suae
3474 4503 3688 4564 causa,
3728 4505 3852 4550 nec
3896 4485 4138 4550 theatri
4178 4486 4492 4569 plausum

2536 4578 2758 4651 captat
2814 4569 2920 4634 vir
2972 4570 3267 4634 omnium
3325 4569 3441 4652 qui
3500 4590 3791 4652 unquam
3834 4571 4102 4637 fuerunt
4144 4573 4493 4637 hominum

2536 4654 3058 4724 modestissimus
3121 4669 3189 4720 et
3247 4655 3329 4720 ab
3392 4655 3572 4719 omni
3633 4656 3992 4721 ambitione
4029 4657 4490 4737 alienissimus,

2537 4761 2908 4824 quanquam
2943 4741 3259 4824 suspicari
3294 4741 3440 4825 quis
3474 4740 3640 4807 forte
3683 4755 3916 4826 posset,
3953 4764 4106 4809 eum
4143 4743 4304 4811 haec
4346 4766 4491 4809 mo-

2536 4826 2644 4893 liri
2686 4836 2754 4892 et
2795 4828 3203 4894 comminisci
3256 4828 3329 4891 in
3384 4848 3464 4893 ea
3517 4826 3679 4893 urbe
3735 4829 3805 4893 in
3859 4851 3993 4912 qua
4033 4850 4166 4895 non
4209 4841 4311 4895 est
4352 4832 4494 4897 usi-

2535 4923 2676 4979 tata
2730 4914 2894 4979 iuris
2959 4912 3270 4997 professio
3286 4963 3303 4991 ,
3376 4912 3549 4995 quod
3607 4915 3819 4979 famae
3885 4917 4086 4982 nimis
4147 4915 4492 4984 famelicus

2534 4999 2729 5064 homo
2766 5000 2878 5063 vix
2924 4999 3116 5064 aliter
3171 4999 3414 5063 famam
3458 4999 4136 5085 existimationemque
4177 5001 4491 5087 colligere

2535 5106 2606 5150 se
2651 5106 2838 5166 posse
2882 5083 3166 5150 confidat
3210 5104 3405 5166 quam
3441 5088 3497 5150 si
3541 5100 3682 5151 arte
3725 5086 3944 5169 aliqua
3986 5088 4306 5172 singulari
4350 5089 4492 5156 dis-

2534 5170 2785 5253 cipulos
2828 5183 3024 5252 atque
3069 5169 3399 5236 auditores
3443 5170 3527 5236 ad
3584 5194 3655 5238 se
3692 5172 4054 5254 pellexerit.
4143 5173 4280 5240 Sed
4321 5174 4491 5245 haec

2536 5257 2823 5341 cogitare
2865 5255 3095 5341 religio
3164 5267 3286 5337 est,
3341 5256 3423 5323 de
3465 5258 3730 5325 homine
3765 5271 3987 5326 tantae
4029 5259 4366 5345 religionis
4408 5284 4491 5332 ac

2534 5342 2928 5408 sanctitatis:
2964 5351 3303 5425 praeterea
3324 5344 3640 5410 acerrimo
3675 5345 4066 5431 insectatore
4108 5367 4335 5413 eorum
4370 5352 4493 5433 qui
