<?xml version="1.0" encoding="UTF-8"?>
<!DOCTYPE html PUBLIC "-//W3C//DTD XHTML 1.0 Transitional//EN"
    "http://www.w3.org/TR/xhtml1/DTD/xhtml1-transitional.dtd">
<html xmlns="http://www.w3.org/1999/xhtml" xml:lang="en" lang="en">
 <head>
  <title>
</title>
<meta http-equiv="Content-Type" content="text/html;charset=utf-8" />
  <meta name='ocr-system' content='tesseract 3.04.00' />
  <meta name='ocr-capabilities' content='ocr_page ocr_carea ocr_par ocr_line ocrx_word'/>
</head>
<body>
  <div class='ocr_page' id='page_1' title='image "./ioanniscalvinio09unkngoog_0117.png"; bbox 0 0 4850 6200; ppageno 0'>
   <div class='ocr_carea' id='block_1_1' title="bbox 27 1880 31 2773">
    <p class='ocr_par' dir='ltr' id='par_1_1' title="bbox 27 1880 31 2773">
     <span class='ocr_line' id='line_1_1' title="bbox 27 1880 31 2773; baseline 0 0"><span class='ocrx_word' id='word_1_1' title='bbox 27 1880 31 2773; x_wconf 95' lang='lat' dir='ltr'> </span> 
     </span>
    </p>
   </div>
   <div class='ocr_carea' id='block_1_2' title="bbox 30 3056 42 4498">
    <p class='ocr_par' dir='ltr' id='par_1_2' title="bbox 30 3056 42 4498">
     <span class='ocr_line' id='line_1_2' title="bbox 30 3056 42 4498; baseline 0 0"><span class='ocrx_word' id='word_1_2' title='bbox 30 3056 42 4498; x_wconf 95' lang='lat' dir='ltr'> </span> 
     </span>
    </p>
   </div>
   <div class='ocr_carea' id='block_1_3' title="bbox 325 432 4320 503">
    <p class='ocr_par' dir='ltr' id='par_1_3' title="bbox 325 432 4320 503">
     <span class='ocr_line' id='line_1_3' title="bbox 325 432 4320 503; baseline -0 0"><span class='ocrx_word' id='word_1_3' title='bbox 325 438 432 503; x_wconf 67' lang='lat'>23?</span> <span class='ocrx_word' id='word_1_4' title='bbox 1996 438 2159 499; x_wconf 76' lang='lat'>1554</span> <span class='ocrx_word' id='word_1_5' title='bbox 2205 432 2650 502; x_wconf 69' lang='lat' dir='ltr'>SEP‘I&#39;BHB.</span> <span class='ocrx_word' id='word_1_6' title='bbox 4194 440 4320 502; x_wconf 78' lang='lat'>238</span> 
     </span>
    </p>
   </div>
   <div class='ocr_carea' id='block_1_4' title="bbox 317 622 2270 2172">
    <p class='ocr_par' dir='ltr' id='par_1_4' title="bbox 317 622 2270 2172">
     <span class='ocr_line' id='line_1_4' title="bbox 321 622 2267 710; baseline -0.002 -19"><span class='ocrx_word' id='word_1_7' title='bbox 321 623 640 710; x_wconf 83' lang='lat' dir='ltr'>praebere.</span> <span class='ocrx_word' id='word_1_8' title='bbox 661 626 722 702; x_wconf 64' lang='grc' dir='ltr'>ὅ)</span> <span class='ocrx_word' id='word_1_9' title='bbox 833 622 1144 691; x_wconf 76' lang='lat' dir='ltr'>Consiliis</span> <span class='ocrx_word' id='word_1_10' title='bbox 1207 629 1499 689; x_wconf 83' lang='lat' dir='ltr'>attamen</span> <span class='ocrx_word' id='word_1_11' title='bbox 1563 630 1967 691; x_wconf 69' lang='lat' dir='ltr'>caeterorum</span> <span class='ocrx_word' id='word_1_12' title='bbox 2033 623 2267 689; x_wconf 88' lang='lat' dir='ltr'>minis-</span> 
     </span>
     <span class='ocr_line' id='line_1_5' title="bbox 325 709 2269 788; baseline -0.002 -12"><span class='ocrx_word' id='word_1_13' title='bbox 325 726 562 776; x_wconf 87' lang='lat' dir='ltr'>trorum</span> <span class='ocrx_word' id='word_1_14' title='bbox 641 712 934 775; x_wconf 91' lang='lat' dir='ltr'>omnium</span> <span class='ocrx_word' id='word_1_15' title='bbox 983 710 1054 775; x_wconf 91' lang='lat' dir='ltr'>in</span> <span class='ocrx_word' id='word_1_16' title='bbox 1123 709 1232 775; x_wconf 88' lang='lat' dir='ltr'>his</span> <span class='ocrx_word' id='word_1_17' title='bbox 1293 710 1684 788; x_wconf 88' lang='lat' dir='ltr'>actionibus,</span> <span class='ocrx_word' id='word_1_18' title='bbox 1765 720 1831 775; x_wconf 92' lang='lat' dir='ltr'>et</span> <span class='ocrx_word' id='word_1_19' title='bbox 1892 709 2136 775; x_wconf 78' lang='lat' dir='ltr'>Beatus</span> <span class='ocrx_word' id='word_1_20' title='bbox 2199 716 2269 774; x_wconf 89' lang='lat' dir='ltr'>et</span> 
     </span>
     <span class='ocr_line' id='line_1_6' title="bbox 319 795 2267 879; baseline -0.002 -16"><span class='ocrx_word' id='word_1_21' title='bbox 319 800 450 863; x_wconf 87' lang='lat' dir='ltr'>eius</span> <span class='ocrx_word' id='word_1_22' title='bbox 514 795 831 863; x_wconf 82' lang='lat' dir='ltr'>diaconus</span> <span class='ocrx_word' id='word_1_23' title='bbox 875 796 1227 862; x_wconf 86' lang='lat' dir='ltr'>noluerunt</span> <span class='ocrx_word' id='word_1_24' title='bbox 1271 817 1342 861; x_wconf 91' lang='lat' dir='ltr'>se</span> <span class='ocrx_word' id='word_1_25' title='bbox 1401 795 1799 873; x_wconf 77' lang='lat' dir='ltr'><strong>admiscere,</strong></span> <span class='ocrx_word' id='word_1_26' title='bbox 1864 796 1999 861; x_wconf 91' lang='lat' dir='ltr'>imo</span> <span class='ocrx_word' id='word_1_27' title='bbox 2050 797 2267 879; x_wconf 87' lang='lat' dir='ltr'>potius</span> 
     </span>
     <span class='ocr_line' id='line_1_7' title="bbox 324 880 2267 966; baseline -0.002 -18"><span class='ocrx_word' id='word_1_28' title='bbox 324 883 802 949; x_wconf 82' lang='lat' dir='ltr'>dissenserunt:</span> <span class='ocrx_word' id='word_1_29' title='bbox 826 886 878 957; x_wconf 82' lang='lat'>⁶)</span> <span class='ocrx_word' id='word_1_30' title='bbox 945 880 1117 965; x_wconf 90' lang='lat' dir='ltr'>quod</span> <span class='ocrx_word' id='word_1_31' title='bbox 1188 880 1347 963; x_wconf 87' lang='lat' dir='ltr'>ipsis</span> <span class='ocrx_word' id='word_1_32' title='bbox 1422 904 1617 966; x_wconf 86' lang='lat' dir='ltr'>aegro</span> <span class='ocrx_word' id='word_1_33' title='bbox 1679 883 1833 959; x_wconf 82' lang='lat' dir='ltr'>fuit,</span> <span class='ocrx_word' id='word_1_34' title='bbox 1900 891 1967 947; x_wconf 90' lang='lat' dir='ltr'>et</span> <span class='ocrx_word' id='word_1_35' title='bbox 2030 881 2267 966; x_wconf 89' lang='lat' dir='ltr'>populo</span> 
     </span>
     <span class='ocr_line' id='line_1_8' title="bbox 321 966 2262 1054; baseline -0.002 -19"><span class='ocrx_word' id='word_1_36' title='bbox 321 989 588 1054; x_wconf 75' lang='lat' dir='ltr'>magnae</span> <span class='ocrx_word' id='word_1_37' title='bbox 648 968 1083 1034; x_wconf 72' lang='lat' dir='ltr'><strong>admirationi.</strong></span> <span class='ocrx_word' id='word_1_38' title='bbox 1171 966 1350 1048; x_wconf 80' lang='lat' dir='ltr'>Quid</span> <span class='ocrx_word' id='word_1_39' title='bbox 1395 969 1484 1032; x_wconf 88' lang='lat' dir='ltr'>sit</span> <span class='ocrx_word' id='word_1_40' title='bbox 1527 988 1978 1033; x_wconf 83' lang='lat' dir='ltr'>successurum</span> <span class='ocrx_word' id='word_1_41' title='bbox 2004 1020 2018 1043; x_wconf 91' lang='lat'>‚</span> <span class='ocrx_word' id='word_1_42' title='bbox 2065 989 2262 1051; x_wconf 89' lang='lat' dir='ltr'>quum</span> 
     </span>
     <span class='ocr_line' id='line_1_9' title="bbox 322 1052 2266 1131; baseline -0.002 -10"><span class='ocrx_word' id='word_1_43' title='bbox 322 1056 594 1131; x_wconf 84' lang='lat' dir='ltr'>scivero,</span> <span class='ocrx_word' id='word_1_44' title='bbox 699 1055 713 1068; x_wconf 87' lang='grc'><em>“</em></span> <span class='ocrx_word' id='word_1_45' title='bbox 810 1055 1058 1120; x_wconf 86' lang='lat' dir='ltr'>ificabo.</span> <span class='ocrx_word' id='word_1_46' title='bbox 1153 1054 1547 1127; x_wconf 57' lang='lat' dir='ltr'>Stamina-⁷)</span> <span class='ocrx_word' id='word_1_47' title='bbox 1601 1076 1733 1117; x_wconf 88' lang='lat' dir='ltr'>non</span> <span class='ocrx_word' id='word_1_48' title='bbox 1793 1063 1895 1119; x_wconf 90' lang='lat' dir='ltr'>est</span> <span class='ocrx_word' id='word_1_49' title='bbox 1951 1054 2089 1131; x_wconf 91' lang='lat' dir='ltr'>hic,</span> <span class='ocrx_word' id='word_1_50' title='bbox 2151 1052 2266 1118; x_wconf 88' lang='lat' dir='ltr'>sed</span> 
     </span>
     <span class='ocr_line' id='line_1_10' title="bbox 323 1076 2263 1224; baseline -0.003 -17"><span class='ocrx_word' id='word_1_51' title='bbox 323 1150 463 1207; x_wconf 87' lang='lat' dir='ltr'>ante</span> <span class='ocrx_word' id='word_1_52' title='bbox 507 1076 849 1207; x_wconf 56' lang='lat' dir='ltr'>octofflffites</span> <span class='ocrx_word' id='word_1_53' title='bbox 907 1162 992 1206; x_wconf 83' lang='lat' dir='ltr'>ex</span> <span class='ocrx_word' id='word_1_54' title='bbox 1047 1140 1211 1205; x_wconf 89' lang='lat' dir='ltr'>urbe</span> <span class='ocrx_word' id='word_1_55' title='bbox 1271 1141 1825 1224; x_wconf 88' lang='lat' dir='ltr'>proficiscebatur:</span> <span class='ocrx_word' id='word_1_56' title='bbox 1884 1161 2075 1223; x_wconf 81' lang='lat' dir='ltr'>spero</span> <span class='ocrx_word' id='word_1_57' title='bbox 2133 1161 2263 1203; x_wconf 90' lang='lat' dir='ltr'>non</span> 
     </span>
     <span class='ocr_line' id='line_1_11' title="bbox 323 1226 2267 1309; baseline -0.002 -17"><span class='ocrx_word' id='word_1_58' title='bbox 323 1228 422 1293; x_wconf 88' lang='lat' dir='ltr'>diu</span> <span class='ocrx_word' id='word_1_59' title='bbox 445 1228 847 1293; x_wconf 84' lang='lat' dir='ltr'>abfuturum.</span> <span class='ocrx_word' id='word_1_60' title='bbox 895 1226 1279 1292; x_wconf 77' lang='lat' dir='ltr'>Zanchuste</span> <span class='ocrx_word' id='word_1_61' title='bbox 1314 1226 1576 1302; x_wconf 85' lang='lat' dir='ltr'>salutat,</span> <span class='ocrx_word' id='word_1_62' title='bbox 1622 1238 1689 1290; x_wconf 88' lang='lat' dir='ltr'>ct</span> <span class='ocrx_word' id='word_1_63' title='bbox 1711 1248 1849 1309; x_wconf 78' lang='lat' dir='ltr'>eg0.</span> <span class='ocrx_word' id='word_1_64' title='bbox 1918 1228 2267 1309; x_wconf 73' lang='lat' dir='ltr'>Svmmys·</span> 
     </span>
     <span class='ocr_line' id='line_1_12' title="bbox 319 1293 2270 1378; baseline -0.003 0"><span class='ocrx_word' id='word_1_65' title='bbox 319 1314 400 1378; x_wconf 87' lang='lat' dir='ltr'>tis</span> <span class='ocrx_word' id='word_1_66' title='bbox 439 1314 574 1377; x_wconf 87' lang='lat' dir='ltr'>tuis</span> <span class='ocrx_word' id='word_1_67' title='bbox 619 1333 764 1378; x_wconf 91' lang='lat' dir='ltr'>meo</span> <span class='ocrx_word' id='word_1_68' title='bbox 824 1314 1090 1378; x_wconf 88' lang='lat' dir='ltr'>nomine</span> <span class='ocrx_word' id='word_1_69' title='bbox 1143 1311 1420 1376; x_wconf 85' lang='lat' dir='ltr'>salutem</span> <span class='ocrx_word' id='word_1_70' title='bbox 1479 1312 1604 1375; x_wconf 92' lang='lat' dir='ltr'>dici</span> <span class='ocrx_word' id='word_1_71' title='bbox 1660 1312 1882 1376; x_wconf 80' lang='lat' dir='ltr'>velim.</span> <span class='ocrx_word' id='word_1_72' title='bbox 1970 1293 2270 1375; x_wconf 79' lang='lat' dir='ltr'>Historia</span> 
     </span>
     <span class='ocr_line' id='line_1_13' title="bbox 325 1395 2268 1481; baseline -0.001 -18"><span class='ocrx_word' id='word_1_73' title='bbox 325 1398 624 1476; x_wconf 77' lang='lat' dir='ltr'>Sleidani,</span> <span class='ocrx_word' id='word_1_74' title='bbox 670 1408 746 1463; x_wconf 87' lang='lat' dir='ltr'>ut</span> <span class='ocrx_word' id='word_1_75' title='bbox 791 1419 1009 1481; x_wconf 91' lang='lat' dir='ltr'>spero,</span> <span class='ocrx_word' id='word_1_76' title='bbox 1066 1398 1195 1462; x_wconf 88' lang='lat' dir='ltr'>iam</span> <span class='ocrx_word' id='word_1_77' title='bbox 1253 1399 1683 1480; x_wconf 75' lang='lat' dir='ltr'><strong>imprimetur.</strong></span> <span class='ocrx_word' id='word_1_78' title='bbox 1787 1395 1923 1461; x_wconf 91' lang='lat' dir='ltr'>Diu</span> <span class='ocrx_word' id='word_1_79' title='bbox 1969 1408 2036 1460; x_wconf 87' lang='lat' dir='ltr'>te</span> <span class='ocrx_word' id='word_1_80' title='bbox 2082 1395 2268 1462; x_wconf 81' lang='lat' dir='ltr'>nobis</span> 
     </span>
     <span class='ocr_line' id='line_1_14' title="bbox 321 1483 2269 1550; baseline -0.002 0"><span class='ocrx_word' id='word_1_81' title='bbox 321 1484 536 1550; x_wconf 78' lang='lat' dir='ltr'>divina</span> <span class='ocrx_word' id='word_1_82' title='bbox 570 1485 830 1550; x_wconf 83' lang='lat' dir='ltr'>bonitas</span> <span class='ocrx_word' id='word_1_83' title='bbox 866 1492 1212 1550; x_wconf 81' lang='lat' dir='ltr'>conservet</span> <span class='ocrx_word' id='word_1_84' title='bbox 1245 1484 1657 1549; x_wconf 84' lang='lat' dir='ltr'>incolumem.</span> <span class='ocrx_word' id='word_1_85' title='bbox 1713 1483 1957 1548; x_wconf 78' lang='lat' dir='ltr'>Petrus</span> <span class='ocrx_word' id='word_1_86' title='bbox 1981 1483 2269 1548; x_wconf 71' lang='lat' dir='ltr'>Alexan-</span> 
     </span>
     <span class='ocr_line' id='line_1_15' title="bbox 318 1569 2266 1649; baseline -0.003 -14"><span class='ocrx_word' id='word_1_87' title='bbox 318 1571 435 1649; x_wconf 86' lang='lat' dir='ltr'>der,</span> <span class='ocrx_word' id='word_1_88' title='bbox 461 1575 516 1645; x_wconf 78' lang='lat'>⁸)</span> <span class='ocrx_word' id='word_1_89' title='bbox 585 1580 663 1635; x_wconf 87' lang='lat' dir='ltr'>ut</span> <span class='ocrx_word' id='word_1_90' title='bbox 715 1570 796 1636; x_wconf 89' lang='lat' dir='ltr'>ad</span> <span class='ocrx_word' id='word_1_91' title='bbox 862 1592 969 1635; x_wconf 91' lang='lat' dir='ltr'>me</span> <span class='ocrx_word' id='word_1_92' title='bbox 1024 1569 1283 1646; x_wconf 87' lang='lat' dir='ltr'>scribit,</span> <span class='ocrx_word' id='word_1_93' title='bbox 1351 1580 1452 1634; x_wconf 88' lang='lat' dir='ltr'>est</span> <span class='ocrx_word' id='word_1_94' title='bbox 1517 1569 1700 1635; x_wconf 81' lang='lat' dir='ltr'>brevi</span> <span class='ocrx_word' id='word_1_95' title='bbox 1767 1578 1834 1633; x_wconf 87' lang='lat' dir='ltr'>te</span> <span class='ocrx_word' id='word_1_96' title='bbox 1899 1569 2266 1634; x_wconf 81' lang='lat' dir='ltr'>invisurus:</span> 
     </span>
     <span class='ocr_line' id='line_1_16' title="bbox 320 1655 2268 1741; baseline -0.003 -19"><span class='ocrx_word' id='word_1_97' title='bbox 320 1678 550 1741; x_wconf 85' lang='lat' dir='ltr'>quaeso</span> <span class='ocrx_word' id='word_1_98' title='bbox 593 1655 778 1721; x_wconf 89' lang='lat' dir='ltr'>illum</span> <span class='ocrx_word' id='word_1_99' title='bbox 827 1676 1034 1739; x_wconf 84' lang='lat' dir='ltr'>aequo</span> <span class='ocrx_word' id='word_1_100' title='bbox 1080 1676 1156 1721; x_wconf 89' lang='lat' dir='ltr'>ac</span> <span class='ocrx_word' id='word_1_101' title='bbox 1209 1656 1442 1720; x_wconf 81' lang='lat' dir='ltr'>libenti</span> <span class='ocrx_word' id='word_1_102' title='bbox 1497 1658 1715 1720; x_wconf 87' lang='lat' dir='ltr'>animo</span> <span class='ocrx_word' id='word_1_103' title='bbox 1758 1655 2002 1721; x_wconf 81' lang='lat' dir='ltr'>videas.</span> <span class='ocrx_word' id='word_1_104' title='bbox 2095 1655 2268 1718; x_wconf 86' lang='lat' dir='ltr'>Nam</span> 
     </span>
     <span class='ocr_line' id='line_1_17' title="bbox 319 1740 2267 1809; baseline -0.002 -2"><span class='ocrx_word' id='word_1_105' title='bbox 319 1743 459 1809; x_wconf 89' lang='lat' dir='ltr'>licet</span> <span class='ocrx_word' id='word_1_106' title='bbox 501 1742 828 1808; x_wconf 86' lang='lat' dir='ltr'>hactenus</span> <span class='ocrx_word' id='word_1_107' title='bbox 873 1742 954 1808; x_wconf 90' lang='lat' dir='ltr'>de</span> <span class='ocrx_word' id='word_1_108' title='bbox 997 1764 1068 1807; x_wconf 88' lang='lat' dir='ltr'>re</span> <span class='ocrx_word' id='word_1_109' title='bbox 1111 1742 1619 1807; x_wconf 85' lang='lat' dir='ltr'>sacramentaria</span> <span class='ocrx_word' id='word_1_110' title='bbox 1676 1743 1762 1806; x_wconf 89' lang='lat' dir='ltr'>sit</span> <span class='ocrx_word' id='word_1_111' title='bbox 1805 1740 1989 1804; x_wconf 91' lang='lat' dir='ltr'>nobis</span> <span class='ocrx_word' id='word_1_112' title='bbox 2033 1740 2267 1805; x_wconf 84' lang='lat' dir='ltr'>adver-</span> 
     </span>
     <span class='ocr_line' id='line_1_18' title="bbox 321 1828 2268 1911; baseline -0.003 -17"><span class='ocrx_word' id='word_1_113' title='bbox 321 1838 517 1908; x_wconf 73' lang='lat' dir='ltr'>satae,</span> <span class='ocrx_word' id='word_1_114' title='bbox 580 1838 871 1893; x_wconf 78' lang='lat' dir='ltr'><strong>attamen</strong></span> <span class='ocrx_word' id='word_1_115' title='bbox 926 1830 996 1892; x_wconf 92' lang='lat' dir='ltr'>in</span> <span class='ocrx_word' id='word_1_116' title='bbox 1041 1829 1409 1911; x_wconf 88' lang='lat' dir='ltr'>praesentia</span> <span class='ocrx_word' id='word_1_117' title='bbox 1452 1828 1596 1892; x_wconf 91' lang='lat' dir='ltr'>Deo</span> <span class='ocrx_word' id='word_1_118' title='bbox 1639 1837 2046 1892; x_wconf 80' lang='lat' dir='ltr'>monstrante</span> <span class='ocrx_word' id='word_1_119' title='bbox 2091 1836 2268 1890; x_wconf 86' lang='lat' dir='ltr'>totus</span> 
     </span>
     <span class='ocr_line' id='line_1_19' title="bbox 320 1912 2268 1998; baseline -0.004 -17"><span class='ocrx_word' id='word_1_120' title='bbox 320 1925 411 1981; x_wconf 86' lang='lat' dir='ltr'>est</span> <span class='ocrx_word' id='word_1_121' title='bbox 448 1926 695 1995; x_wconf 83' lang='lat' dir='ltr'>noster,</span> <span class='ocrx_word' id='word_1_122' title='bbox 740 1926 935 1997; x_wconf 91' lang='lat' dir='ltr'>atque</span> <span class='ocrx_word' id='word_1_123' title='bbox 979 1926 1193 1998; x_wconf 87' lang='lat' dir='ltr'>potest</span> <span class='ocrx_word' id='word_1_124' title='bbox 1236 1915 1545 1979; x_wconf 86' lang='lat' dir='ltr'>ecclesiae</span> <span class='ocrx_word' id='word_1_125' title='bbox 1591 1912 1891 1979; x_wconf 91' lang='lat' dir='ltr'>nonnihil</span> <span class='ocrx_word' id='word_1_126' title='bbox 1940 1913 2268 1996; x_wconf 81' lang='lat' dir='ltr'>prodesse.</span> 
     </span>
     <span class='ocr_line' id='line_1_20' title="bbox 317 1999 2267 2084; baseline -0.002 -18"><span class='ocrx_word' id='word_1_127' title='bbox 317 2001 570 2066; x_wconf 86' lang='lat' dir='ltr'>Rursus</span> <span class='ocrx_word' id='word_1_128' title='bbox 617 2001 796 2077; x_wconf 80' lang='lat' dir='ltr'>vale,</span> <span class='ocrx_word' id='word_1_129' title='bbox 857 2021 933 2067; x_wconf 85' lang='lat' dir='ltr'>ac</span> <span class='ocrx_word' id='word_1_130' title='bbox 991 2022 1096 2065; x_wconf 90' lang='lat' dir='ltr'>me</span> <span class='ocrx_word' id='word_1_131' title='bbox 1153 2000 1455 2082; x_wconf 84' lang='lat' dir='ltr'>precibus</span> <span class='ocrx_word' id='word_1_132' title='bbox 1513 1999 1685 2084; x_wconf 88' lang='lat' dir='ltr'>apud</span> <span class='ocrx_word' id='word_1_133' title='bbox 1749 2000 1963 2065; x_wconf 89' lang='lat' dir='ltr'>Deum</span> <span class='ocrx_word' id='word_1_134' title='bbox 2023 2000 2267 2064; x_wconf 83' lang='lat' dir='ltr'>iuvato.</span> 
     </span>
     <span class='ocr_line' id='line_1_21' title="bbox 319 2084 1359 2172; baseline -0.002 -21"><span class='ocrx_word' id='word_1_135' title='bbox 319 2087 739 2172; x_wconf 78' lang='lat' dir='ltr'>Argentinae,</span> <span class='ocrx_word' id='word_1_136' title='bbox 786 2092 887 2150; x_wconf 82' lang='lat'>24.</span> <span class='ocrx_word' id='word_1_137' title='bbox 933 2084 1359 2168; x_wconf 83' lang='lat' dir='ltr'>Septembris.</span> 
     </span>
    </p>
   </div>
   <div class='ocr_carea' id='block_1_5' title="bbox 1097 2380 1506 2391">
    <p class='ocr_par' dir='ltr' id='par_1_5' title="bbox 1097 2380 1506 2391">
     <span class='ocr_line' id='line_1_22' title="bbox 1097 2380 1506 2391; baseline -0.005 -1"><span class='ocrx_word' id='word_1_138' title='bbox 1097 2380 1506 2391; x_wconf 76' lang='lat'>——-.-——-—-</span> 
     </span>
    </p>
   </div>
   <div class='ocr_carea' id='block_1_6' title="bbox 724 2616 1834 2839">
    <p class='ocr_par' dir='ltr' id='par_1_6' title="bbox 724 2616 1834 2839">
     <span class='ocr_line' id='line_1_23' title="bbox 1191 2616 1388 2686; baseline -0.015 0"><span class='ocrx_word' id='word_1_139' title='bbox 1191 2616 1388 2686; x_wconf 76' lang='lat'>2015.</span> 
     </span>
     <span class='ocr_line' id='line_1_24' title="bbox 724 2765 1834 2839; baseline -0.005 0"><span class='ocrx_word' id='word_1_140' title='bbox 724 2769 1155 2839; x_wconf 78' lang='lat' dir='ltr'>ZANGHUS</span> <span class='ocrx_word' id='word_1_141' title='bbox 1200 2765 1834 2837; x_wconf 83' lang='lat' dir='ltr'>BULLINGERO.</span> 
     </span>
    </p>
   </div>
   <div class='ocr_carea' id='block_1_7' title="bbox 310 2938 2270 3190">
    <p class='ocr_par' dir='ltr' id='par_1_7' title="bbox 310 2938 2270 3190">
     <span class='ocr_line' id='line_1_25' title="bbox 475 2938 2270 3011; baseline -0.002 -1"><span class='ocrx_word' id='word_1_142' title='bbox 475 2944 621 3010; x_wconf 88' lang='lat' dir='ltr'>Diu</span> <span class='ocrx_word' id='word_1_143' title='bbox 676 2947 998 3011; x_wconf 71' lang='lat' dir='ltr'>cunctatus</span> <span class='ocrx_word' id='word_1_144' title='bbox 1052 2961 1217 3008; x_wconf 79' lang='lat' dir='ltr'>nunc</span> <span class='ocrx_word' id='word_1_145' title='bbox 1273 2940 1521 3007; x_wconf 67' lang='lat' dir='ltr'>tandein</span> <span class='ocrx_word' id='word_1_146' title='bbox 1575 2961 1641 3005; x_wconf 86' lang='lat' dir='ltr'>eo</span> <span class='ocrx_word' id='word_1_147' title='bbox 1696 2938 1989 3005; x_wconf 79' lang='lat' dir='ltr'>suadente</span> <span class='ocrx_word' id='word_1_148' title='bbox 2043 2945 2270 3008; x_wconf 80' lang='lat' dir='ltr'>tracta-</span> 
     </span>
     <span class='ocr_line' id='line_1_26' title="bbox 311 3025 2266 3114; baseline -0.001 -21"><span class='ocrx_word' id='word_1_149' title='bbox 311 3031 529 3098; x_wconf 76' lang='lat' dir='ltr'>tionem</span> <span class='ocrx_word' id='word_1_150' title='bbox 573 3031 859 3114; x_wconf 79' lang='lat' dir='ltr'><strong><em>aliquam</em></strong></span> <span class='ocrx_word' id='word_1_151' title='bbox 900 3049 1084 3095; x_wconf 77' lang='lat' dir='ltr'>suam</span> <span class='ocrx_word' id='word_1_152' title='bbox 1137 3029 1211 3094; x_wconf 88' lang='lat' dir='ltr'>de</span> <span class='ocrx_word' id='word_1_153' title='bbox 1265 3028 1598 3094; x_wconf 70' lang='lat' dir='ltr'>haereticis</span> <span class='ocrx_word' id='word_1_154' title='bbox 1645 3025 1992 3111; x_wconf 75' lang='lat' dir='ltr'>puniendis</span> <span class='ocrx_word' id='word_1_155' title='bbox 2034 3028 2107 3093; x_wconf 78' lang='lat' dir='ltr'>in</span> <span class='ocrx_word' id='word_1_156' title='bbox 2140 3048 2266 3112; x_wconf 78' lang='lat' dir='ltr'>pu—</span> 
     </span>
     <span class='ocr_line' id='line_1_27' title="bbox 310 3117 2262 3190; baseline 0.003 -6"><span class='ocrx_word' id='word_1_157' title='bbox 310 3117 533 3186; x_wconf 65' lang='lat' dir='ltr'>blicam</span> <span class='ocrx_word' id='word_1_158' title='bbox 575 3119 861 3185; x_wconf 73' lang='lat' dir='ltr'>editurus</span> <span class='ocrx_word' id='word_1_159' title='bbox 901 3121 1010 3184; x_wconf 74' lang='lat' dir='ltr'>est.</span> <span class='ocrx_word' id='word_1_160' title='bbox 2245 3175 2262 3190; x_wconf 85' lang='lat'>.</span> 
     </span>
    </p>
   </div>
   <div class='ocr_carea' id='block_1_8' title="bbox 309 3284 2265 3429">
    <p class='ocr_par' dir='ltr' id='par_1_8' title="bbox 309 3284 2265 3429">
     <span class='ocr_line' id='line_1_28' title="bbox 314 3284 2262 3412; baseline -0.003 -68"><span class='ocrx_word' id='word_1_161' title='bbox 314 3290 418 3354; x_wconf 73' lang='lat' dir='ltr'>(Ex</span> <span class='ocrx_word' id='word_1_162' title='bbox 463 3289 805 3412; x_wconf 49' lang='lat' dir='ltr'>sategi-ahino</span> <span class='ocrx_word' id='word_1_163' title='bbox 847 3288 1009 3342; x_wconf 79' lang='lat' dir='ltr'>Arch.</span> <span class='ocrx_word' id='word_1_164' title='bbox 1059 3288 1236 3342; x_wconf 79' lang='lat' dir='ltr'>Tui-ic.</span> <span class='ocrx_word' id='word_1_165' title='bbox 1283 3288 1430 3341; x_wconf 85' lang='lat' dir='ltr'>Plut.</span> <span class='ocrx_word' id='word_1_166' title='bbox 1481 3286 1576 3342; x_wconf 81' lang='lat' dir='ltr'>vl.</span> <span class='ocrx_word' id='word_1_167' title='bbox 1631 3284 1750 3352; x_wconf 75' lang='lat'>170,</span> <span class='ocrx_word' id='word_1_168' title='bbox 1806 3284 1938 3338; x_wconf 89' lang='lat' dir='ltr'>olim</span> <span class='ocrx_word' id='word_1_169' title='bbox 1982 3285 2150 3340; x_wconf 88' lang='lat' dir='ltr'>Scrin.</span> <span class='ocrx_word' id='word_1_170' title='bbox 2200 3284 2262 3339; x_wconf 88' lang='lat' dir='ltr'>B.</span> 
     </span>
     <span class='ocr_line' id='line_1_29' title="bbox 309 3352 2265 3429; baseline -0.002 -17"><span class='ocrx_word' id='word_1_171' title='bbox 309 3359 446 3429; x_wconf 72' lang='lat' dir='ltr'>Bpp.</span> <span class='ocrx_word' id='word_1_172' title='bbox 486 3360 644 3414; x_wconf 87' lang='lat' dir='ltr'>Tom.</span> <span class='ocrx_word' id='word_1_173' title='bbox 752 3399 766 3424; x_wconf 90' lang='lat'>‚</span> <span class='ocrx_word' id='word_1_174' title='bbox 813 3357 905 3412; x_wconf 76' lang='lat' dir='ltr'>fol.</span> <span class='ocrx_word' id='word_1_175' title='bbox 939 3355 1045 3411; x_wconf 75' lang='lat'>749</span> <span class='ocrx_word' id='word_1_176' title='bbox 1079 3357 1198 3411; x_wconf 81' lang='lat' dir='ltr'>sinc</span> <span class='ocrx_word' id='word_1_177' title='bbox 1232 3356 1606 3425; x_wconf 76' lang='lat' dir='ltr'>inscriptione.</span> <span class='ocrx_word' id='word_1_178' title='bbox 1644 3382 1706 3393; x_wconf 91' lang='lat'>—</span> <span class='ocrx_word' id='word_1_179' title='bbox 1745 3353 1955 3409; x_wconf 85' lang='lat' dir='ltr'>Simler.</span> <span class='ocrx_word' id='word_1_180' title='bbox 1993 3355 2116 3410; x_wconf 89' lang='lat' dir='ltr'>Vol.</span> <span class='ocrx_word' id='word_1_181' title='bbox 2150 3352 2265 3421; x_wconf 82' lang='lat'>82.)</span> 
     </span>
    </p>
   </div>
   <div class='ocr_carea' id='block_1_9' title="bbox 308 3526 2274 4734">
    <p class='ocr_par' dir='ltr' id='par_1_9' title="bbox 308 3526 2274 4734">
     <span class='ocr_line' id='line_1_30' title="bbox 477 3526 2267 3614; baseline -0.004 -15"><span class='ocrx_word' id='word_1_182' title='bbox 477 3533 551 3599; x_wconf 79' lang='lat' dir='ltr'>S.</span> <span class='ocrx_word' id='word_1_183' title='bbox 599 3531 945 3597; x_wconf 77' lang='lat' dir='ltr'>Hactenus</span> <span class='ocrx_word' id='word_1_184' title='bbox 987 3551 1106 3614; x_wconf 89' lang='lat' dir='ltr'>per</span> <span class='ocrx_word' id='word_1_185' title='bbox 1146 3528 1409 3614; x_wconf 88' lang='lat' dir='ltr'>negotia</span> <span class='ocrx_word' id='word_1_186' title='bbox 1442 3528 1609 3593; x_wconf 91' lang='lat' dir='ltr'>mihi</span> <span class='ocrx_word' id='word_1_187' title='bbox 1651 3549 1781 3592; x_wconf 93' lang='lat' dir='ltr'>non</span> <span class='ocrx_word' id='word_1_188' title='bbox 1824 3526 2028 3606; x_wconf 89' lang='lat' dir='ltr'>licuit,</span> <span class='ocrx_word' id='word_1_189' title='bbox 2073 3547 2267 3592; x_wconf 88' lang='lat' dir='ltr'>orna-</span> 
     </span>
     <span class='ocr_line' id='line_1_31' title="bbox 309 3612 2270 3701; baseline -0.005 -16"><span class='ocrx_word' id='word_1_190' title='bbox 309 3619 561 3685; x_wconf 89' lang='lat' dir='ltr'>tissime</span> <span class='ocrx_word' id='word_1_191' title='bbox 609 3617 1013 3701; x_wconf 75' lang='lat' dir='ltr'>Bullinqere‚</span> <span class='ocrx_word' id='word_1_192' title='bbox 1075 3615 1208 3681; x_wconf 85' lang='lat' dir='ltr'>tuis</span> <span class='ocrx_word' id='word_1_193' title='bbox 1263 3615 1397 3681; x_wconf 89' lang='lat' dir='ltr'>iam</span> <span class='ocrx_word' id='word_1_194' title='bbox 1454 3613 1704 3680; x_wconf 91' lang='lat' dir='ltr'>dudum</span> <span class='ocrx_word' id='word_1_195' title='bbox 1763 3612 1846 3678; x_wconf 89' lang='lat' dir='ltr'>ad</span> <span class='ocrx_word' id='word_1_196' title='bbox 1904 3632 2012 3677; x_wconf 89' lang='lat' dir='ltr'>me</span> <span class='ocrx_word' id='word_1_197' title='bbox 2056 3613 2270 3677; x_wconf 88' lang='lat' dir='ltr'>literis</span> 
     </span>
     <span class='ocr_line' id='line_1_32' title="bbox 308 3698 2266 3790; baseline -0.004 -19"><span class='ocrx_word' id='word_1_198' title='bbox 308 3703 724 3790; x_wconf 85' lang='lat' dir='ltr'>respondere.</span> <span class='ocrx_word' id='word_1_199' title='bbox 791 3704 985 3769; x_wconf 90' lang='lat' dir='ltr'>Nunc</span> <span class='ocrx_word' id='word_1_200' title='bbox 1022 3723 1199 3785; x_wconf 90' lang='lat' dir='ltr'>ergo,</span> <span class='ocrx_word' id='word_1_201' title='bbox 1245 3701 1470 3785; x_wconf 77' lang='lat' dir='ltr'>paucis</span> <span class='ocrx_word' id='word_1_202' title='bbox 1505 3710 1747 3779; x_wconf 87' lang='lat' dir='ltr'>tamen,</span> <span class='ocrx_word' id='word_1_203' title='bbox 1792 3698 1861 3764; x_wconf 89' lang='lat' dir='ltr'>id</span> <span class='ocrx_word' id='word_1_204' title='bbox 1904 3700 2266 3783; x_wconf 79' lang='lat' dir='ltr'>praestabo.</span> 
     </span>
     <span class='ocr_line' id='line_1_33' title="bbox 308 3785 2268 3871; baseline -0.004 -15"><span class='ocrx_word' id='word_1_205' title='bbox 308 3792 412 3856; x_wconf 91' lang='lat' dir='ltr'>De</span> <span class='ocrx_word' id='word_1_206' title='bbox 455 3791 850 3857; x_wconf 65' lang='lat' dir='ltr'>tractatione</span> <span class='ocrx_word' id='word_1_207' title='bbox 893 3810 1039 3855; x_wconf 88' lang='lat' dir='ltr'>mea</span> <span class='ocrx_word' id='word_1_208' title='bbox 1093 3788 1188 3853; x_wconf 90' lang='lat' dir='ltr'>nil</span> <span class='ocrx_word' id='word_1_209' title='bbox 1243 3786 1423 3853; x_wconf 90' lang='lat' dir='ltr'>aliud</span> <span class='ocrx_word' id='word_1_210' title='bbox 1478 3788 1554 3852; x_wconf 90' lang='lat' dir='ltr'>in</span> <span class='ocrx_word' id='word_1_211' title='bbox 1611 3787 1979 3871; x_wconf 89' lang='lat' dir='ltr'>praesentia</span> <span class='ocrx_word' id='word_1_212' title='bbox 2037 3785 2268 3864; x_wconf 89' lang='lat' dir='ltr'>dicam,</span> 
     </span>
     <span class='ocr_line' id='line_1_34' title="bbox 308 3871 2267 3957; baseline -0.005 -14"><span class='ocrx_word' id='word_1_213' title='bbox 308 3878 438 3944; x_wconf 89' lang='lat' dir='ltr'>nisi</span> <span class='ocrx_word' id='word_1_214' title='bbox 482 3898 593 3942; x_wconf 91' lang='lat' dir='ltr'>me</span> <span class='ocrx_word' id='word_1_215' title='bbox 637 3877 944 3956; x_wconf 89' lang='lat' dir='ltr'>haerere,</span> <span class='ocrx_word' id='word_1_216' title='bbox 1004 3882 1072 3939; x_wconf 90' lang='lat' dir='ltr'>et</span> <span class='ocrx_word' id='word_1_217' title='bbox 1124 3896 1242 3940; x_wconf 92' lang='lat' dir='ltr'>ceu</span> <span class='ocrx_word' id='word_1_218' title='bbox 1299 3876 1368 3938; x_wconf 94' lang='lat' dir='ltr'>in</span> <span class='ocrx_word' id='word_1_219' title='bbox 1422 3873 1598 3939; x_wconf 85' lang='lat' dir='ltr'>bivio</span> <span class='ocrx_word' id='word_1_220' title='bbox 1655 3871 1935 3957; x_wconf 89' lang='lat' dir='ltr'>quodam</span> <span class='ocrx_word' id='word_1_221' title='bbox 1994 3871 2267 3949; x_wconf 81' lang='lat' dir='ltr'>versari,</span> 
     </span>
     <span class='ocr_line' id='line_1_35' title="bbox 310 3956 2272 4038; baseline -0.004 -10"><span class='ocrx_word' id='word_1_222' title='bbox 310 3963 670 4031; x_wconf 84' lang='lat' dir='ltr'>debeamne</span> <span class='ocrx_word' id='word_1_223' title='bbox 712 3982 855 4029; x_wconf 85' lang='lat' dir='ltr'>eam</span> <span class='ocrx_word' id='word_1_224' title='bbox 902 3962 972 4025; x_wconf 92' lang='lat' dir='ltr'>in</span> <span class='ocrx_word' id='word_1_225' title='bbox 1008 3961 1222 4027; x_wconf 89' lang='lat' dir='ltr'>lucem</span> <span class='ocrx_word' id='word_1_226' title='bbox 1266 3959 1443 4038; x_wconf 89' lang='lat' dir='ltr'>dare,</span> <span class='ocrx_word' id='word_1_227' title='bbox 1489 3979 1575 4024; x_wconf 89' lang='lat' dir='ltr'>an</span> <span class='ocrx_word' id='word_1_228' title='bbox 1617 3980 1770 4024; x_wconf 92' lang='lat' dir='ltr'>non.</span> <span class='ocrx_word' id='word_1_229' title='bbox 1836 3956 1988 4022; x_wconf 86' lang='lat' dir='ltr'>Non</span> <span class='ocrx_word' id='word_1_230' title='bbox 2033 3956 2272 4022; x_wconf 80' lang='lat' dir='ltr'>desunt</span> 
     </span>
     <span class='ocr_line' id='line_1_36' title="bbox 309 4042 2272 4134; baseline -0.005 -18"><span class='ocrx_word' id='word_1_231' title='bbox 309 4048 418 4116; x_wconf 83' lang='lat' dir='ltr'>hic</span> <span class='ocrx_word' id='word_1_232' title='bbox 460 4051 576 4134; x_wconf 88' lang='lat' dir='ltr'>qui</span> <span class='ocrx_word' id='word_1_233' title='bbox 619 4070 727 4113; x_wconf 91' lang='lat' dir='ltr'>me</span> <span class='ocrx_word' id='word_1_234' title='bbox 784 4047 1242 4125; x_wconf 86' lang='lat' dir='ltr'>dehortentur,</span> <span class='ocrx_word' id='word_1_235' title='bbox 1299 4045 1494 4129; x_wconf 89' lang='lat' dir='ltr'>idque</span> <span class='ocrx_word' id='word_1_236' title='bbox 1550 4057 1895 4129; x_wconf 85' lang='lat' dir='ltr'>propterea</span> <span class='ocrx_word' id='word_1_237' title='bbox 1950 4042 2125 4126; x_wconf 88' lang='lat' dir='ltr'>quod</span> <span class='ocrx_word' id='word_1_238' title='bbox 2169 4049 2272 4120; x_wconf 91' lang='lat' dir='ltr'>(ut</span> 
     </span>
     <span class='ocr_line' id='line_1_37' title="bbox 310 4129 2272 4218; baseline -0.005 -17"><span class='ocrx_word' id='word_1_239' title='bbox 310 4143 510 4201; x_wconf 87' lang='lat' dir='ltr'>antea</span> <span class='ocrx_word' id='word_1_240' title='bbox 551 4155 812 4218; x_wconf 91' lang='lat' dir='ltr'>quoque</span> <span class='ocrx_word' id='word_1_241' title='bbox 854 4133 940 4199; x_wconf 87' lang='lat' dir='ltr'>ad</span> <span class='ocrx_word' id='word_1_242' title='bbox 982 4143 1047 4199; x_wconf 88' lang='lat' dir='ltr'>te</span> <span class='ocrx_word' id='word_1_243' title='bbox 1089 4132 1351 4217; x_wconf 81' lang='lat' dir='ltr'>scripsi)</span> <span class='ocrx_word' id='word_1_244' title='bbox 1414 4141 1732 4198; x_wconf 79' lang='lat' dir='ltr'>verentur</span> <span class='ocrx_word' id='word_1_245' title='bbox 1784 4151 1868 4194; x_wconf 90' lang='lat' dir='ltr'>ne</span> <span class='ocrx_word' id='word_1_246' title='bbox 1923 4129 2272 4211; x_wconf 86' lang='lat' dir='ltr'>permultis</span> 
     </span>
     <span class='ocr_line' id='line_1_38' title="bbox 310 4215 2272 4306; baseline -0.004 -21"><span class='ocrx_word' id='word_1_247' title='bbox 310 4222 435 4306; x_wconf 86' lang='lat' dir='ltr'>piis</span> <span class='ocrx_word' id='word_1_248' title='bbox 481 4222 826 4296; x_wconf 80' lang='lat' dir='ltr'>fratribus,</span> <span class='ocrx_word' id='word_1_249' title='bbox 882 4220 993 4302; x_wconf 91' lang='lat' dir='ltr'>qui</span> <span class='ocrx_word' id='word_1_250' title='bbox 1037 4216 1210 4303; x_wconf 88' lang='lat' dir='ltr'>apud</span> <span class='ocrx_word' id='word_1_251' title='bbox 1299 4219 1543 4303; x_wconf 87' lang='lat' dir='ltr'>apistas</span> <span class='ocrx_word' id='word_1_252' title='bbox 1600 4216 1854 4300; x_wconf 85' lang='lat' dir='ltr'>degunt</span> <span class='ocrx_word' id='word_1_253' title='bbox 1897 4215 2001 4278; x_wconf 83' lang='lat' dir='ltr'>vel</span> <span class='ocrx_word' id='word_1_254' title='bbox 2047 4235 2272 4280; x_wconf 89' lang='lat' dir='ltr'>necem</span> 
     </span>
     <span class='ocr_line' id='line_1_39' title="bbox 311 4240 2271 4388; baseline -0.006 -14"><span class='ocrx_word' id='word_1_255' title='bbox 311 4307 658 4387; x_wconf 75' lang='lat' dir='ltr'>acceleret,</span> <span class='ocrx_word' id='word_1_256' title='bbox 729 4305 834 4371; x_wconf 85' lang='lat' dir='ltr'>vel</span> <span class='ocrx_word' id='word_1_257' title='bbox 891 4303 1154 4388; x_wconf 85' lang='lat' dir='ltr'>aliquod</span> <span class='ocrx_word' id='word_1_258' title='bbox 1211 4240 1389 4370; x_wconf 59' lang='lat' dir='ltr'>assuu</span> <span class='ocrx_word' id='word_1_259' title='bbox 1462 4303 1930 4368; x_wconf 83' lang='lat' dir='ltr'>detrimentum</span> <span class='ocrx_word' id='word_1_260' title='bbox 2000 4300 2271 4365; x_wconf 86' lang='lat' dir='ltr'>adferat.</span> 
     </span>
     <span class='ocr_line' id='line_1_40' title="bbox 312 4386 2274 4474; baseline -0.005 -15"><span class='ocrx_word' id='word_1_261' title='bbox 312 4393 456 4459; x_wconf 76' lang='lat' dir='ltr'>Tua</span> <span class='ocrx_word' id='word_1_262' title='bbox 499 4414 655 4459; x_wconf 85' lang='lat' dir='ltr'>vero</span> <span class='ocrx_word' id='word_1_263' title='bbox 700 4393 1039 4468; x_wconf 79' lang='lat' dir='ltr'>autoritas,</span> <span class='ocrx_word' id='word_1_264' title='bbox 1086 4411 1252 4474; x_wconf 89' lang='lat' dir='ltr'>quae</span> <span class='ocrx_word' id='word_1_265' title='bbox 1289 4390 1462 4456; x_wconf 85' lang='lat' dir='ltr'>valet</span> <span class='ocrx_word' id='word_1_266' title='bbox 1507 4387 1680 4472; x_wconf 89' lang='lat' dir='ltr'>apud</span> <span class='ocrx_word' id='word_1_267' title='bbox 1715 4407 1822 4452; x_wconf 88' lang='lat' dir='ltr'>me</span> <span class='ocrx_word' id='word_1_268' title='bbox 1867 4386 2153 4470; x_wconf 85' lang='lat' dir='ltr'>plurimi,</span> <span class='ocrx_word' id='word_1_269' title='bbox 2198 4392 2274 4452; x_wconf 86' lang='lat' dir='ltr'>ut</span> 
     </span>
     <span class='ocr_line' id='line_1_41' title="bbox 311 4470 2271 4558; baseline -0.005 -13"><span class='ocrx_word' id='word_1_270' title='bbox 311 4482 615 4546; x_wconf 75' lang='lat' dir='ltr'>emittam</span> <span class='ocrx_word' id='word_1_271' title='bbox 656 4479 753 4543; x_wconf 87' lang='lat' dir='ltr'>ita</span> <span class='ocrx_word' id='word_1_272' title='bbox 794 4476 1048 4557; x_wconf 89' lang='lat' dir='ltr'>suadet,</span> <span class='ocrx_word' id='word_1_273' title='bbox 1093 4489 1169 4541; x_wconf 90' lang='lat' dir='ltr'>ut</span> <span class='ocrx_word' id='word_1_274' title='bbox 1201 4477 1337 4541; x_wconf 89' lang='lat' dir='ltr'>fere</span> <span class='ocrx_word' id='word_1_275' title='bbox 1380 4473 1785 4558; x_wconf 87' lang='lat' dir='ltr'>persuadeat.</span> <span class='ocrx_word' id='word_1_276' title='bbox 1877 4473 1967 4536; x_wconf 86' lang='lat' dir='ltr'>Et</span> <span class='ocrx_word' id='word_1_277' title='bbox 2008 4470 2271 4555; x_wconf 90' lang='lat' dir='ltr'>quidem</span> 
     </span>
     <span class='ocr_line' id='line_1_42' title="bbox 312 4557 2272 4632; baseline -0.004 -2"><span class='ocrx_word' id='word_1_278' title='bbox 312 4565 578 4632; x_wconf 85' lang='lat' dir='ltr'>animus</span> <span class='ocrx_word' id='word_1_279' title='bbox 629 4584 817 4629; x_wconf 90' lang='lat' dir='ltr'>meus</span> <span class='ocrx_word' id='word_1_280' title='bbox 882 4566 955 4629; x_wconf 91' lang='lat' dir='ltr'>in</span> <span class='ocrx_word' id='word_1_281' title='bbox 1011 4573 1193 4629; x_wconf 87' lang='lat' dir='ltr'>tuam</span> <span class='ocrx_word' id='word_1_282' title='bbox 1257 4561 1646 4628; x_wconf 87' lang='lat' dir='ltr'>sententiam</span> <span class='ocrx_word' id='word_1_283' title='bbox 1708 4557 2008 4624; x_wconf 89' lang='lat' dir='ltr'>inclinat:</span> <span class='ocrx_word' id='word_1_284' title='bbox 2080 4557 2272 4623; x_wconf 90' lang='lat' dir='ltr'>modo</span> 
     </span>
     <span class='ocr_line' id='line_1_43' title="bbox 311 4645 2269 4734; baseline -0.003 -20"><span class='ocrx_word' id='word_1_285' title='bbox 311 4651 404 4716; x_wconf 80' lang='lat' dir='ltr'>ita</span> <span class='ocrx_word' id='word_1_286' title='bbox 485 4659 957 4734; x_wconf 82' lang='lat' dir='ltr'>attemperetur</span> <span class='ocrx_word' id='word_1_287' title='bbox 1037 4649 1271 4728; x_wconf 89' lang='lat' dir='ltr'>oratio,</span> <span class='ocrx_word' id='word_1_288' title='bbox 1352 4655 1429 4713; x_wconf 88' lang='lat' dir='ltr'>ut</span> <span class='ocrx_word' id='word_1_289' title='bbox 1505 4645 1878 4727; x_wconf 82' lang='lat' dir='ltr'>intelligant</span> <span class='ocrx_word' id='word_1_290' title='bbox 1953 4645 2269 4727; x_wconf 88' lang='lat' dir='ltr'>papistae,</span> 
     </span>
    </p>
   </div>
   <div class='ocr_carea' id='block_1_10' title="bbox 311 4807 714 4819">
    <p class='ocr_par' dir='ltr' id='par_1_10' title="bbox 311 4807 714 4819">
     <span class='ocr_line' id='line_1_44' title="bbox 311 4807 714 4819; baseline 0 1381"><span class='ocrx_word' id='word_1_291' title='bbox 311 4807 714 4819; x_wconf 95' lang='lat' dir='ltr'> </span> 
     </span>
    </p>
   </div>
   <div class='ocr_carea' id='block_1_11' title="bbox 315 4884 2272 5027">
    <p class='ocr_par' dir='ltr' id='par_1_11' title="bbox 315 4884 2272 5027">
     <span class='ocr_line' id='line_1_45' title="bbox 524 4884 2272 4953; baseline -0.003 -10"><span class='ocrx_word' id='word_1_292' title='bbox 524 4890 580 4953; x_wconf 77' lang='lat'>5)</span> <span class='ocrx_word' id='word_1_293' title='bbox 614 4891 668 4944; x_wconf 78' lang='lat' dir='ltr'>d.</span> <span class='ocrx_word' id='word_1_294' title='bbox 717 4888 801 4943; x_wconf 78' lang='lat'>27.</span> <span class='ocrx_word' id='word_1_295' title='bbox 847 4889 980 4944; x_wconf 82' lang='lat' dir='ltr'>Dec.</span> <span class='ocrx_word' id='word_1_296' title='bbox 1065 4887 1298 4942; x_wconf 70' lang='lat' dir='ltr'>Senam</span> <span class='ocrx_word' id='word_1_297' title='bbox 1360 4886 1631 4941; x_wconf 68' lang='lat' dir='ltr'>ministris</span> <span class='ocrx_word' id='word_1_298' title='bbox 1693 4884 1962 4938; x_wconf 68' lang='lat' dir='ltr'>silentium</span> <span class='ocrx_word' id='word_1_299' title='bbox 2015 4885 2272 4951; x_wconf 71' lang='lat' dir='ltr'>imposuit</span> 
     </span>
     <span class='ocr_line' id='line_1_46' title="bbox 315 4951 2108 5027; baseline -0.004 -15"><span class='ocrx_word' id='word_1_300' title='bbox 315 4962 457 5014; x_wconf 69' lang='lat' dir='ltr'>sati-s</span> <span class='ocrx_word' id='word_1_301' title='bbox 487 4951 796 5027; x_wconf 68' lang='grc' dir='ltr'><strong><em>ἀποτόμως,</em></strong></span> <span class='ocrx_word' id='word_1_302' title='bbox 832 4964 883 5012; x_wconf 79' lang='lat' dir='ltr'>et</span> <span class='ocrx_word' id='word_1_303' title='bbox 915 4957 1086 5011; x_wconf 70' lang='lat' dir='ltr'>missu</span> <span class='ocrx_word' id='word_1_304' title='bbox 1120 4972 1234 5011; x_wconf 71' lang='lat' dir='ltr'>uon</span> <span class='ocrx_word' id='word_1_305' title='bbox 1268 4956 1476 5011; x_wconf 80' lang='lat' dir='ltr'>abolita</span> <span class='ocrx_word' id='word_1_306' title='bbox 1509 4960 1602 5010; x_wconf 75' lang='lat' dir='ltr'>eet.</span> <span class='ocrx_word' id='word_1_307' title='bbox 1660 4954 1874 5017; x_wconf 69' lang='lat' dir='ltr'>(Man-b.</span> <span class='ocrx_word' id='word_1_308' title='bbox 1917 4951 2108 5016; x_wconf 68' lang='grc' dir='ltr'>Βίαν.)</span> 
     </span>
    </p>
   </div>
   <div class='ocr_carea' id='block_1_12' title="bbox 295 5021 2272 5439">
    <p class='ocr_par' dir='ltr' id='par_1_12' title="bbox 303 5021 2272 5165">
     <span class='ocr_line' id='line_1_47' title="bbox 520 5021 2272 5095; baseline -0.003 -15"><span class='ocrx_word' id='word_1_309' title='bbox 520 5025 578 5092; x_wconf 79' lang='grc'>6)</span> <span class='ocrx_word' id='word_1_310' title='bbox 617 5028 827 5082; x_wconf 73' lang='grc' dir='ltr'>Βεαιιιε</span> <span class='ocrx_word' id='word_1_311' title='bbox 879 5026 1105 5095; x_wconf 71' lang='lat' dir='ltr'>Gema</span> <span class='ocrx_word' id='word_1_312' title='bbox 1146 5031 1340 5094; x_wconf 78' lang='lat' dir='ltr'>pastor</span> <span class='ocrx_word' id='word_1_313' title='bbox 1391 5024 1468 5080; x_wconf 77' lang='lat' dir='ltr'>ad</span> <span class='ocrx_word' id='word_1_314' title='bbox 1519 5022 1574 5078; x_wconf 79' lang='lat' dir='ltr'>S.</span> <span class='ocrx_word' id='word_1_315' title='bbox 1908 5028 1959 5077; x_wconf 78' lang='lat' dir='ltr'>et</span> <span class='ocrx_word' id='word_1_316' title='bbox 2005 5021 2272 5076; x_wconf 70' lang='lat' dir='ltr'>diaconus</span> 
     </span>
     <span class='ocr_line' id='line_1_48' title="bbox 303 5096 713 5165; baseline -0.01 -14"><span class='ocrx_word' id='word_1_317' title='bbox 303 5096 713 5165; x_wconf 67' lang='grc' dir='ltr'>Μοηύιὲκωερ.</span> 
     </span>
    </p>

    <p class='ocr_par' dir='ltr' id='par_1_13' title="bbox 520 5163 876 5230">
     <span class='ocr_line' id='line_1_49' title="bbox 520 5163 876 5230; baseline 0.003 -13"><span class='ocrx_word' id='word_1_318' title='bbox 520 5163 579 5230; x_wconf 78' lang='grc'>7)</span> <span class='ocrx_word' id='word_1_319' title='bbox 617 5166 876 5220; x_wconf 66' lang='lat' dir='ltr'>Ioannes.</span> 
     </span>
    </p>

    <p class='ocr_par' dir='ltr' id='par_1_14' title="bbox 295 5227 2272 5439">
     <span class='ocr_line' id='line_1_50' title="bbox 519 5227 2272 5300; baseline -0.004 -14"><span class='ocrx_word' id='word_1_320' title='bbox 519 5231 581 5299; x_wconf 88' lang='lat'>8)</span> <span class='ocrx_word' id='word_1_321' title='bbox 629 5235 880 5290; x_wconf 68' lang='lat' dir='ltr'>Venetiae</span> <span class='ocrx_word' id='word_1_322' title='bbox 931 5237 1077 5298; x_wconf 71' lang='lat' dir='ltr'>erat,</span> <span class='ocrx_word' id='word_1_323' title='bbox 1144 5236 1462 5300; x_wconf 64' lang='lat' dir='ltr'>exspectan·</span> <span class='ocrx_word' id='word_1_324' title='bbox 1525 5232 1857 5285; x_wconf 69' lang='lat' dir='ltr'>mutinum</span> <span class='ocrx_word' id='word_1_325' title='bbox 1915 5241 2004 5281; x_wconf 72' lang='lat' dir='ltr'>m</span> <span class='ocrx_word' id='word_1_326' title='bbox 2056 5227 2065 5238; x_wconf 86' lang='lat'>‘</span> <span class='ocrx_word' id='word_1_327' title='bbox 2112 5231 2272 5280; x_wconf 78' lang='lat' dir='ltr'>ratus</span> 
     </span>
     <span class='ocr_line' id='line_1_51' title="bbox 295 5295 2272 5439; baseline -0.005 -78"><span class='ocrx_word' id='word_1_328' title='bbox 295 5303 631 5439; x_wconf 50' lang='lat' dir='ltr'>gpemiep)</span> <span class='ocrx_word' id='word_1_329' title='bbox 654 5321 721 5360; x_wconf 77' lang='lat' dir='ltr'>m.</span> <span class='ocrx_word' id='word_1_330' title='bbox 765 5302 925 5358; x_wconf 81' lang='lat' dir='ltr'>Maio</span> <span class='ocrx_word' id='word_1_331' title='bbox 976 5304 1029 5358; x_wconf 79' lang='lat' dir='ltr'>ei</span> <span class='ocrx_word' id='word_1_332' title='bbox 1065 5305 1340 5378; x_wconf 56' lang='lat' dir='ltr'>monimo</span> <span class='ocrx_word' id='word_1_333' title='bbox 1387 5305 1520 5356; x_wconf 74' lang='lat' dir='ltr'>erat.</span> <span class='ocrx_word' id='word_1_334' title='bbox 1618 5295 1936 5364; x_wconf 61' lang='lat' dir='ltr'>(Maronea,</span> <span class='ocrx_word' id='word_1_335' title='bbox 2062 5297 2071 5307; x_wconf 83' lang='lat'>&#39;</span> <span class='ocrx_word' id='word_1_336' title='bbox 2145 5295 2272 5351; x_wconf 64' lang='grc' dir='ltr'>..ἀ</span> 
     </span>
    </p>

    <p class='ocr_par' dir='ltr' id='par_1_15' title="bbox 546 5391 602 5427">
     <span class='ocr_line' id='line_1_52' title="bbox 546 5391 602 5427; baseline 0 -1"><span class='ocrx_word' id='word_1_337' title='bbox 546 5391 602 5427; x_wconf 77' lang='lat' dir='ltr'>n.</span> 
     </span>
    </p>
   </div>
   <div class='ocr_carea' id='block_1_13' title="bbox 2315 623 2330 5396">
    <p class='ocr_par' dir='ltr' id='par_1_16' title="bbox 2315 623 2330 5396">
     <span class='ocr_line' id='line_1_53' title="bbox 2315 623 2330 5396; baseline 0 0"><span class='ocrx_word' id='word_1_338' title='bbox 2315 623 2330 5396; x_wconf 95' lang='lat' dir='ltr'> </span> 
     </span>
    </p>
   </div>
   <div class='ocr_carea' id='block_1_14' title="bbox 2367 622 4326 2085">
    <p class='ocr_par' dir='ltr' id='par_1_17' title="bbox 2367 622 4326 2085">
     <span class='ocr_line' id='line_1_54' title="bbox 2367 622 4325 707; baseline 0.001 -18"><span class='ocrx_word' id='word_1_339' title='bbox 2367 643 2566 706; x_wconf 91' lang='lat' dir='ltr'>quam</span> <span class='ocrx_word' id='word_1_340' title='bbox 2600 623 2807 707; x_wconf 90' lang='lat' dir='ltr'>iniqui</span> <span class='ocrx_word' id='word_1_341' title='bbox 2850 624 2989 688; x_wconf 88' lang='lat' dir='ltr'>sint</span> <span class='ocrx_word' id='word_1_342' title='bbox 3029 622 3291 702; x_wconf 74' lang='lat' dir='ltr'>indicae,</span> <span class='ocrx_word' id='word_1_343' title='bbox 3338 623 3449 707; x_wconf 91' lang='lat' dir='ltr'>qui</span> <span class='ocrx_word' id='word_1_344' title='bbox 3493 643 3628 687; x_wconf 89' lang='lat' dir='ltr'>non</span> <span class='ocrx_word' id='word_1_345' title='bbox 3663 643 3745 688; x_wconf 84' lang='lat' dir='ltr'>ex</span> <span class='ocrx_word' id='word_1_346' title='bbox 3790 623 3992 688; x_wconf 76' lang='lat' dir='ltr'>verbo</span> <span class='ocrx_word' id='word_1_347' title='bbox 4014 622 4160 701; x_wconf 87' lang='lat' dir='ltr'>Dei,</span> <span class='ocrx_word' id='word_1_348' title='bbox 4205 624 4325 690; x_wconf 86' lang='lat' dir='ltr'>sed</span> 
     </span>
     <span class='ocr_line' id='line_1_55' title="bbox 2369 707 4318 795; baseline 0 -20"><span class='ocrx_word' id='word_1_349' title='bbox 2369 730 2452 775; x_wconf 87' lang='lat' dir='ltr'>ex</span> <span class='ocrx_word' id='word_1_350' title='bbox 2517 708 2824 774; x_wconf 89' lang='lat' dir='ltr'>humanis</span> <span class='ocrx_word' id='word_1_351' title='bbox 2879 709 3341 776; x_wconf 85' lang='lat' dir='ltr'>traditionibus</span> <span class='ocrx_word' id='word_1_352' title='bbox 3410 719 3638 775; x_wconf 87' lang='lat' dir='ltr'>contra</span> <span class='ocrx_word' id='word_1_353' title='bbox 3696 707 3965 774; x_wconf 83' lang='lat' dir='ltr'>verbum</span> <span class='ocrx_word' id='word_1_354' title='bbox 4023 709 4178 789; x_wconf 90' lang='lat' dir='ltr'>Dei,</span> <span class='ocrx_word' id='word_1_355' title='bbox 4234 709 4318 795; x_wconf 79' lang='lat' dir='ltr'>de</span> 
     </span>
     <span class='ocr_line' id='line_1_56' title="bbox 2371 794 4318 880; baseline 0.001 -21"><span class='ocrx_word' id='word_1_356' title='bbox 2371 815 2530 860; x_wconf 82' lang='lat' dir='ltr'>vera</span> <span class='ocrx_word' id='word_1_357' title='bbox 2608 796 2900 878; x_wconf 85' lang='lat' dir='ltr'>falsaque</span> <span class='ocrx_word' id='word_1_358' title='bbox 2981 796 3299 880; x_wconf 82' lang='lat' dir='ltr'>religione</span> <span class='ocrx_word' id='word_1_359' title='bbox 3382 794 3705 874; x_wconf 89' lang='lat' dir='ltr'>iudicent,</span> <span class='ocrx_word' id='word_1_360' title='bbox 3773 805 4318 879; x_wconf 87' lang='lat' dir='ltr'>praeposteroque</span> 
     </span>
     <span class='ocr_line' id='line_1_57' title="bbox 2369 880 4322 966; baseline 0.002 -21"><span class='ocrx_word' id='word_1_361' title='bbox 2369 880 2607 947; x_wconf 90' lang='lat' dir='ltr'>iudicio</span> <span class='ocrx_word' id='word_1_362' title='bbox 2664 881 3025 948; x_wconf 88' lang='lat' dir='ltr'>haereticos</span> <span class='ocrx_word' id='word_1_363' title='bbox 3093 903 3213 966; x_wconf 93' lang='lat' dir='ltr'>pro</span> <span class='ocrx_word' id='word_1_364' title='bbox 3282 880 3612 948; x_wconf 84' lang='lat' dir='ltr'>catholicis</span> <span class='ocrx_word' id='word_1_365' title='bbox 3675 889 3743 946; x_wconf 89' lang='lat' dir='ltr'>et</span> <span class='ocrx_word' id='word_1_366' title='bbox 3797 882 4151 948; x_wconf 88' lang='lat' dir='ltr'>catholicos</span> <span class='ocrx_word' id='word_1_367' title='bbox 4200 902 4322 965; x_wconf 87' lang='lat' dir='ltr'>pro</span> 
     </span>
     <span class='ocr_line' id='line_1_58' title="bbox 2369 958 4324 1052; baseline 0.002 -21"><span class='ocrx_word' id='word_1_368' title='bbox 2369 966 2717 1033; x_wconf 86' lang='lat' dir='ltr'>haereticis</span> <span class='ocrx_word' id='word_1_369' title='bbox 2772 958 3071 1033; x_wconf 80' lang='lat' dir='ltr'>haBeant.</span> <span class='ocrx_word' id='word_1_370' title='bbox 3161 969 3359 1033; x_wconf 92' lang='lat' dir='ltr'>Nunc</span> <span class='ocrx_word' id='word_1_371' title='bbox 3407 968 3694 1052; x_wconf 89' lang='lat' dir='ltr'>primum</span> <span class='ocrx_word' id='word_1_372' title='bbox 3749 968 3820 1032; x_wconf 90' lang='lat' dir='ltr'>in</span> <span class='ocrx_word' id='word_1_373' title='bbox 3864 989 4098 1034; x_wconf 90' lang='lat' dir='ltr'>manus</span> <span class='ocrx_word' id='word_1_374' title='bbox 4138 988 4324 1034; x_wconf 87' lang='lat' dir='ltr'>meas</span> 
     </span>
     <span class='ocr_line' id='line_1_59' title="bbox 2370 1053 4322 1137; baseline 0.001 -20"><span class='ocrx_word' id='word_1_375' title='bbox 2370 1054 2558 1118; x_wconf 82' lang='lat' dir='ltr'>venit</span> <span class='ocrx_word' id='word_1_376' title='bbox 2615 1053 2877 1119; x_wconf 86' lang='lat' dir='ltr'>libellus</span> <span class='ocrx_word' id='word_1_377' title='bbox 2937 1055 3027 1137; x_wconf 89' lang='lat' dir='ltr'>pii</span> <span class='ocrx_word' id='word_1_378' title='bbox 3089 1054 3261 1120; x_wconf 89' lang='lat' dir='ltr'>docti</span> <span class='ocrx_word' id='word_1_379' title='bbox 3316 1054 3766 1136; x_wconf 88' lang='lat' dir='ltr'>carissimique</span> <span class='ocrx_word' id='word_1_380' title='bbox 3822 1054 4045 1119; x_wconf 83' lang='lat' dir='ltr'>fratris</span> <span class='ocrx_word' id='word_1_381' title='bbox 4111 1054 4322 1119; x_wconf 85' lang='lat' dir='ltr'>nostri</span> 
     </span>
     <span class='ocr_line' id='line_1_60' title="bbox 2370 1139 4324 1224; baseline 0.001 -20"><span class='ocrx_word' id='word_1_382' title='bbox 2370 1139 2597 1205; x_wconf 69' lang='lat' dir='ltr'>Reme.</span> <span class='ocrx_word' id='word_1_383' title='bbox 2628 1144 2679 1215; x_wconf 89' lang='lat'>¹)</span> <span class='ocrx_word' id='word_1_384' title='bbox 2764 1139 2913 1204; x_wconf 91' lang='lat' dir='ltr'>Non</span> <span class='ocrx_word' id='word_1_385' title='bbox 2955 1141 3193 1223; x_wconf 90' lang='lat' dir='ltr'>poterit</span> <span class='ocrx_word' id='word_1_386' title='bbox 3246 1160 3381 1205; x_wconf 90' lang='lat' dir='ltr'>non</span> <span class='ocrx_word' id='word_1_387' title='bbox 3425 1139 3685 1222; x_wconf 88' lang='lat' dir='ltr'>probari</span> <span class='ocrx_word' id='word_1_388' title='bbox 3742 1160 4153 1224; x_wconf 88' lang='lat' dir='ltr'>summopere</span> <span class='ocrx_word' id='word_1_389' title='bbox 4194 1141 4324 1223; x_wconf 89' lang='lat' dir='ltr'>piis</span> 
     </span>
     <span class='ocr_line' id='line_1_61' title="bbox 2369 1224 4325 1309; baseline 0.001 -20"><span class='ocrx_word' id='word_1_390' title='bbox 2369 1226 2692 1291; x_wconf 84' lang='lat' dir='ltr'>omnibus.</span> <span class='ocrx_word' id='word_1_391' title='bbox 2782 1225 2964 1292; x_wconf 84' lang='lat' dir='ltr'>Satis</span> <span class='ocrx_word' id='word_1_392' title='bbox 3006 1247 3331 1309; x_wconf 87' lang='lat' dir='ltr'>superque</span> <span class='ocrx_word' id='word_1_393' title='bbox 3374 1224 3708 1309; x_wconf 86' lang='lat' dir='ltr'>respondit</span> <span class='ocrx_word' id='word_1_394' title='bbox 3751 1225 4005 1307; x_wconf 88' lang='lat' dir='ltr'>quidem</span> <span class='ocrx_word' id='word_1_395' title='bbox 4054 1225 4166 1289; x_wconf 89' lang='lat' dir='ltr'>ille</span> <span class='ocrx_word' id='word_1_396' title='bbox 4207 1247 4325 1290; x_wconf 87' lang='lat' dir='ltr'>no-</span> 
     </span>
     <span class='ocr_line' id='line_1_62' title="bbox 2372 1312 4322 1394; baseline 0 -18"><span class='ocrx_word' id='word_1_397' title='bbox 2372 1314 2472 1376; x_wconf 86' lang='lat' dir='ltr'>vis</span> <span class='ocrx_word' id='word_1_398' title='bbox 2529 1312 2673 1377; x_wconf 89' lang='lat' dir='ltr'>istis</span> <span class='ocrx_word' id='word_1_399' title='bbox 2733 1312 3173 1391; x_wconf 87' lang='lat' dir='ltr'>Academicis,</span> <span class='ocrx_word' id='word_1_400' title='bbox 3249 1313 3343 1376; x_wconf 88' lang='lat' dir='ltr'>ita</span> <span class='ocrx_word' id='word_1_401' title='bbox 3386 1324 3459 1376; x_wconf 90' lang='lat' dir='ltr'>ut</span> <span class='ocrx_word' id='word_1_402' title='bbox 3514 1332 3999 1394; x_wconf 85' lang='lat' dir='ltr'>supervacanea</span> <span class='ocrx_word' id='word_1_403' title='bbox 4056 1312 4322 1376; x_wconf 89' lang='lat' dir='ltr'>omnino</span> 
     </span>
     <span class='ocr_line' id='line_1_63' title="bbox 2371 1397 4321 1481; baseline 0.001 -20"><span class='ocrx_word' id='word_1_404' title='bbox 2371 1399 2593 1462; x_wconf 87' lang='lat' dir='ltr'>futura</span> <span class='ocrx_word' id='word_1_405' title='bbox 2634 1397 2940 1463; x_wconf 81' lang='lat' dir='ltr'>videatur</span> <span class='ocrx_word' id='word_1_406' title='bbox 2996 1420 3143 1463; x_wconf 86' lang='lat' dir='ltr'>mea</span> <span class='ocrx_word' id='word_1_407' title='bbox 3202 1399 3536 1476; x_wconf 88' lang='lat' dir='ltr'>tractatio,</span> <span class='ocrx_word' id='word_1_408' title='bbox 3592 1399 3662 1462; x_wconf 89' lang='lat' dir='ltr'>in</span> <span class='ocrx_word' id='word_1_409' title='bbox 3722 1418 3853 1481; x_wconf 82' lang='lat' dir='ltr'>qua</span> <span class='ocrx_word' id='word_1_410' title='bbox 3900 1397 4063 1463; x_wconf 90' lang='lat' dir='ltr'>nihil</span> <span class='ocrx_word' id='word_1_411' title='bbox 4123 1419 4164 1462; x_wconf 89' lang='lat' dir='ltr'>a</span> <span class='ocrx_word' id='word_1_412' title='bbox 4212 1417 4321 1462; x_wconf 90' lang='lat' dir='ltr'>me</span> 
     </span>
     <span class='ocr_line' id='line_1_64' title="bbox 2372 1483 4323 1568; baseline 0 -21"><span class='ocrx_word' id='word_1_413' title='bbox 2372 1483 2667 1548; x_wconf 85' lang='lat' dir='ltr'>adfertur</span> <span class='ocrx_word' id='word_1_414' title='bbox 2710 1486 2900 1549; x_wconf 84' lang='lat' dir='ltr'>novi:</span> <span class='ocrx_word' id='word_1_415' title='bbox 2955 1494 3225 1568; x_wconf 86' lang='lat' dir='ltr'>propter</span> <span class='ocrx_word' id='word_1_416' title='bbox 3268 1486 3583 1549; x_wconf 84' lang='lat' dir='ltr'>maiorem</span> <span class='ocrx_word' id='word_1_417' title='bbox 3625 1493 3845 1549; x_wconf 89' lang='lat' dir='ltr'>tamen</span> <span class='ocrx_word' id='word_1_418' title='bbox 3901 1483 4323 1549; x_wconf 89' lang='lat' dir='ltr'>ecclesiarum</span> 
     </span>
     <span class='ocr_line' id='line_1_65' title="bbox 2372 1567 4325 1648; baseline 0.001 -16"><span class='ocrx_word' id='word_1_419' title='bbox 2372 1571 2444 1633; x_wconf 90' lang='lat' dir='ltr'>in</span> <span class='ocrx_word' id='word_1_420' title='bbox 2491 1590 2646 1635; x_wconf 84' lang='lat' dir='ltr'>vera</span> <span class='ocrx_word' id='word_1_421' title='bbox 2691 1567 2985 1635; x_wconf 87' lang='lat' dir='ltr'>doctrina</span> <span class='ocrx_word' id='word_1_422' title='bbox 3042 1572 3601 1636; x_wconf 86' lang='lat' dir='ltr'>confirmationem</span> <span class='ocrx_word' id='word_1_423' title='bbox 3656 1578 3757 1648; x_wconf 88' lang='lat' dir='ltr'>(ut</span> <span class='ocrx_word' id='word_1_424' title='bbox 3798 1581 3872 1634; x_wconf 89' lang='lat' dir='ltr'>tu</span> <span class='ocrx_word' id='word_1_425' title='bbox 3917 1570 4325 1634; x_wconf 87' lang='lat' dir='ltr'>sanctissime</span> 
     </span>
     <span class='ocr_line' id='line_1_66' title="bbox 2371 1656 4326 1740; baseline 0.001 -21"><span class='ocrx_word' id='word_1_426' title='bbox 2371 1656 2715 1735; x_wconf 87' lang='lat' dir='ltr'>admones)</span> <span class='ocrx_word' id='word_1_427' title='bbox 2773 1656 3057 1720; x_wconf 88' lang='lat' dir='ltr'>conabor</span> <span class='ocrx_word' id='word_1_428' title='bbox 3112 1665 3189 1721; x_wconf 88' lang='lat' dir='ltr'>ut</span> <span class='ocrx_word' id='word_1_429' title='bbox 3246 1659 3727 1740; x_wconf 86' lang='lat' dir='ltr'>quamprimum</span> <span class='ocrx_word' id='word_1_430' title='bbox 3781 1657 3850 1720; x_wconf 90' lang='lat' dir='ltr'>in</span> <span class='ocrx_word' id='word_1_431' title='bbox 3909 1657 4121 1721; x_wconf 91' lang='lat' dir='ltr'>lucem</span> <span class='ocrx_word' id='word_1_432' title='bbox 4176 1674 4326 1720; x_wconf 83' lang='lat' dir='ltr'>mea</span> 
     </span>
     <span class='ocr_line' id='line_1_67' title="bbox 2372 1738 4324 1825; baseline -0.001 -20"><span class='ocrx_word' id='word_1_433' title='bbox 2372 1762 2645 1824; x_wconf 91' lang='lat' dir='ltr'>quoque,</span> <span class='ocrx_word' id='word_1_434' title='bbox 2691 1742 2902 1823; x_wconf 88' lang='lat' dir='ltr'>qualis</span> <span class='ocrx_word' id='word_1_435' title='bbox 2927 1743 3138 1825; x_wconf 89' lang='lat' dir='ltr'>qualis</span> <span class='ocrx_word' id='word_1_436' title='bbox 3161 1752 3277 1824; x_wconf 87' lang='lat' dir='ltr'>est,</span> <span class='ocrx_word' id='word_1_437' title='bbox 3321 1743 3431 1807; x_wconf 89' lang='lat' dir='ltr'>illa</span> <span class='ocrx_word' id='word_1_438' title='bbox 3476 1742 3974 1807; x_wconf 83' lang='lat' dir='ltr'>tractatiuncula</span> <span class='ocrx_word' id='word_1_439' title='bbox 4005 1742 4248 1819; x_wconf 80' lang='lat' dir='ltr'>veniat,</span> <span class='ocrx_word' id='word_1_440' title='bbox 4264 1738 4324 1824; x_wconf 63' lang='grc'>2)</span> 
     </span>
     <span class='ocr_line' id='line_1_68' title="bbox 2374 1825 4326 1977; baseline 0.001 -86"><span class='ocrx_word' id='word_1_441' title='bbox 2374 1838 2487 1977; x_wconf 58' lang='lat' dir='ltr'>‘tino</span> <span class='ocrx_word' id='word_1_442' title='bbox 2531 1826 2743 1911; x_wconf 82' lang='lat' dir='ltr'>magis</span> <span class='ocrx_word' id='word_1_443' title='bbox 2790 1837 2964 1893; x_wconf 88' lang='lat' dir='ltr'>certe</span> <span class='ocrx_word' id='word_1_444' title='bbox 3009 1850 3239 1909; x_wconf 88' lang='lat' dir='ltr'>suasu,</span> <span class='ocrx_word' id='word_1_445' title='bbox 3297 1851 3493 1913; x_wconf 91' lang='lat' dir='ltr'>quam</span> <span class='ocrx_word' id='word_1_446' title='bbox 3550 1829 3686 1893; x_wconf 89' lang='lat' dir='ltr'>ulla</span> <span class='ocrx_word' id='word_1_447' title='bbox 3728 1829 3980 1894; x_wconf 87' lang='lat' dir='ltr'>ratione</span> <span class='ocrx_word' id='word_1_448' title='bbox 4038 1828 4165 1892; x_wconf 88' lang='lat' dir='ltr'>alia</span> <span class='ocrx_word' id='word_1_449' title='bbox 4208 1825 4326 1892; x_wconf 88' lang='lat' dir='ltr'>ad-</span> 
     </span>
     <span class='ocr_line' id='line_1_69' title="bbox 2419 1924 4325 1980; baseline 0 -2"><span class='ocrx_word' id='word_1_450' title='bbox 2419 1924 2626 1980; x_wconf 87' lang='lat' dir='ltr'>uctus.</span> <span class='ocrx_word' id='word_1_451' title='bbox 2674 1948 4325 1962; x_wconf 50' lang='lat'><strong>——————————————</strong></span> 
     </span>
     <span class='ocr_line' id='line_1_70' title="bbox 2375 2000 3952 2085; baseline -0.001 -19"><span class='ocrx_word' id='word_1_452' title='bbox 2375 2036 2456 2046; x_wconf 86' lang='lat'>—</span> <span class='ocrx_word' id='word_1_453' title='bbox 2512 2039 2579 2050; x_wconf 83' lang='lat'>--</span> <span class='ocrx_word' id='word_1_454' title='bbox 2629 2035 2713 2045; x_wconf 95' lang='lat'><strong>—</strong></span> <span class='ocrx_word' id='word_1_455' title='bbox 2752 2002 3120 2085; x_wconf 83' lang='lat' dir='ltr'>Argentina</span> <span class='ocrx_word' id='word_1_456' title='bbox 3165 2005 3268 2065; x_wconf 86' lang='lat'>24.</span> <span class='ocrx_word' id='word_1_457' title='bbox 3314 2000 3722 2083; x_wconf 78' lang='lat' dir='ltr'>Septembris</span> <span class='ocrx_word' id='word_1_458' title='bbox 3774 2005 3952 2064; x_wconf 80' lang='lat'>1554.</span> 
     </span>
    </p>
   </div>
   <div class='ocr_carea' id='block_1_15' title="bbox 3398 2136 4220 2324">
    <p class='ocr_par' dir='ltr' id='par_1_18' title="bbox 3398 2136 4220 2324">
     <span class='ocr_line' id='line_1_71' title="bbox 3468 2136 4151 2203; baseline 0.003 -1"><span class='ocrx_word' id='word_1_459' title='bbox 3468 2138 3593 2202; x_wconf 82' lang='lat' dir='ltr'>&#39;Pui</span> <span class='ocrx_word' id='word_1_460' title='bbox 3637 2136 4151 2203; x_wconf 85' lang='lat' dir='ltr'>studiosissimus</span> 
     </span>
     <span class='ocr_line' id='line_1_72' title="bbox 3398 2237 4220 2324; baseline -0.004 -19"><span class='ocrx_word' id='word_1_461' title='bbox 3398 2240 3849 2324; x_wconf 80' lang='lat' dir='ltr'>Hieronymus</span> <span class='ocrx_word' id='word_1_462' title='bbox 3900 2237 4220 2305; x_wconf 85' lang='lat' dir='ltr'>Zanchus.</span> 
     </span>
    </p>
   </div>
   <div class='ocr_carea' id='block_1_16' title="bbox 2751 2754 3940 2978">
    <p class='ocr_par' dir='ltr' id='par_1_19' title="bbox 2751 2754 3940 2978">
     <span class='ocr_line' id='line_1_73' title="bbox 3250 2754 3440 2825; baseline -0.021 0"><span class='ocrx_word' id='word_1_463' title='bbox 3250 2754 3440 2825; x_wconf 73' lang='lat'>2016.</span> 
     </span>
     <span class='ocr_line' id='line_1_74' title="bbox 2751 2908 3940 2978; baseline -0.003 -1"><span class='ocrx_word' id='word_1_464' title='bbox 2751 2910 3262 2978; x_wconf 81' lang='lat' dir='ltr'><strong>HALLERUS</strong></span> <span class='ocrx_word' id='word_1_465' title='bbox 3306 2908 3940 2977; x_wconf 77' lang='lat' dir='ltr'>BULLINGERO.</span> 
     </span>
    </p>
   </div>
   <div class='ocr_carea' id='block_1_17' title="bbox 2359 3079 4324 3519">
    <p class='ocr_par' dir='ltr' id='par_1_20' title="bbox 2359 3079 4324 3519">
     <span class='ocr_line' id='line_1_75' title="bbox 2550 3079 4322 3185; baseline -0.002 -31"><span class='ocrx_word' id='word_1_466' title='bbox 2550 3088 2610 3154; x_wconf 77' lang='lat' dir='ltr'><strong><em>A</em></strong></span> <span class='ocrx_word' id='word_1_467' title='bbox 2656 3084 3034 3170; x_wconf 76' lang='lat' dir='ltr'>Bullinyero</span> <span class='ocrx_word' id='word_1_468' title='bbox 3089 3087 3504 3185; x_wconf 74' lang='lat' dir='ltr'>interroyatue</span> <span class='ocrx_word' id='word_1_469' title='bbox 3557 3082 3637 3149; x_wconf 81' lang='lat' dir='ltr'>de</span> <span class='ocrx_word' id='word_1_470' title='bbox 3689 3081 3780 3147; x_wconf 74' lang='lat' dir='ltr'>iis</span> <span class='ocrx_word' id='word_1_471' title='bbox 3821 3102 3976 3164; x_wconf 77' lang='lat' dir='ltr'>quos</span> <span class='ocrx_word' id='word_1_472' title='bbox 4022 3079 4322 3151; x_wconf 69' lang='lat' dir='ltr'>Gabuim</span> 
     </span>
     <span class='ocr_line' id='line_1_76' title="bbox 2369 3171 4324 3352; baseline -0.002 -26"><span class='ocrx_word' id='word_1_473' title='bbox 2369 3195 2574 3328; x_wconf 56' lang='lat'>2325*</span> <span class='ocrx_word' id='word_1_474' title='bbox 2588 3175 2718 3326; x_wconf 68' lang='lat'>‘²22¹</span> <span class='ocrx_word' id='word_1_475' title='bbox 2765 3171 3263 3325; x_wconf 54' lang='lat' dir='ltr'>ww</span> <span class='ocrx_word' id='word_1_476' title='bbox 3106 3178 3443 3340; x_wconf 44' lang='grc' dir='ltr'>...ηπ</span> <span class='ocrx_word' id='word_1_477' title='bbox 3486 3172 3838 3352; x_wconf 46' lang='lat' dir='ltr'>aaa</span> <span class='ocrx_word' id='word_1_478' title='bbox 3878 3173 4324 3322; x_wconf 55' lang='lat' dir='ltr'>mm</span> 
     </span>
     <span class='ocr_line' id='line_1_77' title="bbox 2370 3338 4324 3427; baseline -0.005 -12"><span class='ocrx_word' id='word_1_479' title='bbox 2370 3348 2748 3423; x_wconf 48' lang='lat' dir='ltr'>autoritati&amp;</span> <span class='ocrx_word' id='word_1_480' title='bbox 2783 3352 3048 3413; x_wconf 82' lang='lat' dir='ltr'>caeteros</span> <span class='ocrx_word' id='word_1_481' title='bbox 3084 3343 3454 3427; x_wconf 75' lang='lat' dir='ltr'>tranquillos</span> <span class='ocrx_word' id='word_1_482' title='bbox 3476 3362 3620 3418; x_wconf 83' lang='lat' dir='ltr'>esse,</span> <span class='ocrx_word' id='word_1_483' title='bbox 3656 3346 3773 3406; x_wconf 58' lang='lat' dir='ltr'>etsi</span> <span class='ocrx_word' id='word_1_484' title='bbox 3800 3338 4060 3407; x_wconf 61' lang='lat' dir='ltr'>Calvino</span> <span class='ocrx_word' id='word_1_485' title='bbox 4072 3343 4324 3424; x_wconf 73' lang='lat' dir='ltr'>passim</span> 
     </span>
     <span class='ocr_line' id='line_1_78' title="bbox 2359 3434 2939 3519; baseline -0.005 -19"><span class='ocrx_word' id='word_1_486' title='bbox 2359 3455 2601 3519; x_wconf 75' lang='lat' dir='ltr'>parum</span> <span class='ocrx_word' id='word_1_487' title='bbox 2639 3434 2939 3517; x_wconf 75' lang='lat' dir='ltr'>faventes,</span> 
     </span>
    </p>
   </div>
   <div class='ocr_carea' id='block_1_18' title="bbox 2369 3597 4320 3744">
    <p class='ocr_par' dir='ltr' id='par_1_21' title="bbox 2369 3597 4320 3744">
     <span class='ocr_line' id='line_1_79' title="bbox 2369 3597 4320 3674; baseline -0.004 -13"><span class='ocrx_word' id='word_1_488' title='bbox 2369 3607 2481 3673; x_wconf 80' lang='lat' dir='ltr'>(Ex</span> <span class='ocrx_word' id='word_1_489' title='bbox 2519 3604 2855 3674; x_wconf 76' lang='lat' dir='ltr'>autographo</span> <span class='ocrx_word' id='word_1_490' title='bbox 2891 3604 3056 3658; x_wconf 84' lang='lat' dir='ltr'>Arch.</span> <span class='ocrx_word' id='word_1_491' title='bbox 3104 3603 3282 3655; x_wconf 83' lang='lat' dir='ltr'>Turio.</span> <span class='ocrx_word' id='word_1_492' title='bbox 3332 3601 3470 3654; x_wconf 85' lang='lat' dir='ltr'>Plut.</span> <span class='ocrx_word' id='word_1_493' title='bbox 3507 3599 3603 3652; x_wconf 87' lang='lat' dir='ltr'>VI.</span> <span class='ocrx_word' id='word_1_494' title='bbox 3650 3598 3777 3653; x_wconf 83' lang='lat' dir='ltr'>Vol.</span> <span class='ocrx_word' id='word_1_495' title='bbox 3820 3597 3934 3666; x_wconf 77' lang='lat'>154,</span> <span class='ocrx_word' id='word_1_496' title='bbox 3981 3599 4107 3651; x_wconf 89' lang='lat' dir='ltr'>olim</span> <span class='ocrx_word' id='word_1_497' title='bbox 4146 3600 4320 3655; x_wconf 75' lang='lat' dir='ltr'>Sci-in.</span> 
     </span>
     <span class='ocr_line' id='line_1_80' title="bbox 2618 3665 4085 3744; baseline -0.006 -16"><span class='ocrx_word' id='word_1_498' title='bbox 2618 3675 2677 3728; x_wconf 85' lang='lat' dir='ltr'>B.</span> <span class='ocrx_word' id='word_1_499' title='bbox 2711 3690 2841 3744; x_wconf 85' lang='lat' dir='ltr'>epp.</span> <span class='ocrx_word' id='word_1_500' title='bbox 2875 3673 3028 3728; x_wconf 88' lang='lat' dir='ltr'>Tom.</span> <span class='ocrx_word' id='word_1_501' title='bbox 3064 3670 3147 3737; x_wconf 81' lang='lat'>32,</span> <span class='ocrx_word' id='word_1_502' title='bbox 3184 3672 3275 3725; x_wconf 72' lang='lat' dir='ltr'>fol.</span> <span class='ocrx_word' id='word_1_503' title='bbox 3313 3668 3427 3721; x_wconf 74' lang='lat'>202.</span> <span class='ocrx_word' id='word_1_504' title='bbox 3467 3698 3527 3707; x_wconf 89' lang='lat'>—</span> <span class='ocrx_word' id='word_1_505' title='bbox 3565 3668 3775 3722; x_wconf 82' lang='lat' dir='ltr'>Simler.</span> <span class='ocrx_word' id='word_1_506' title='bbox 3814 3667 3939 3720; x_wconf 84' lang='lat' dir='ltr'>Vol.</span> <span class='ocrx_word' id='word_1_507' title='bbox 3976 3665 4085 3733; x_wconf 79' lang='lat'>82.)</span> 
     </span>
    </p>
   </div>
   <div class='ocr_carea' id='block_1_19' title="bbox 2375 3837 4323 4103">
    <p class='ocr_par' dir='ltr' id='par_1_22' title="bbox 2375 3837 4323 4103">
     <span class='ocr_line' id='line_1_81' title="bbox 2548 3837 4323 3926; baseline -0.005 -14"><span class='ocrx_word' id='word_1_508' title='bbox 2548 3845 2930 3912; x_wconf 83' lang='lat' dir='ltr'>Clarissimo</span> <span class='ocrx_word' id='word_1_509' title='bbox 2972 3845 3117 3910; x_wconf 84' lang='lat' dir='ltr'>viro</span> <span class='ocrx_word' id='word_1_510' title='bbox 3142 3841 3226 3906; x_wconf 90' lang='lat' dir='ltr'>D.</span> <span class='ocrx_word' id='word_1_511' title='bbox 3264 3839 3646 3924; x_wconf 79' lang='lat' dir='ltr'>Heinrycho</span> <span class='ocrx_word' id='word_1_512' title='bbox 3689 3837 4077 3923; x_wconf 83' lang='lat' dir='ltr'>Bullingero</span> <span class='ocrx_word' id='word_1_513' title='bbox 4123 3841 4323 3926; x_wconf 76' lang='lat' dir='ltr'>&#39;Pigu-</span> 
     </span>
     <span class='ocr_line' id='line_1_82' title="bbox 2375 3923 4323 4013; baseline -0.004 -14"><span class='ocrx_word' id='word_1_514' title='bbox 2375 3935 2561 3999; x_wconf 88' lang='lat' dir='ltr'>rinae</span> <span class='ocrx_word' id='word_1_515' title='bbox 2618 3930 2928 3997; x_wconf 89' lang='lat' dir='ltr'>ecclesiae</span> <span class='ocrx_word' id='word_1_516' title='bbox 2982 3929 3232 4013; x_wconf 85' lang='lat' dir='ltr'>pastori</span> <span class='ocrx_word' id='word_1_517' title='bbox 3288 3925 3664 3993; x_wconf 89' lang='lat' dir='ltr'>fidelissimo</span> <span class='ocrx_word' id='word_1_518' title='bbox 3721 3923 3983 3991; x_wconf 90' lang='lat' dir='ltr'>domino</span> <span class='ocrx_word' id='word_1_519' title='bbox 4042 3935 4107 3991; x_wconf 85' lang='lat' dir='ltr'>et</span> <span class='ocrx_word' id='word_1_520' title='bbox 4148 3947 4323 3994; x_wconf 91' lang='lat' dir='ltr'>com-</span> 
     </span>
     <span class='ocr_line' id='line_1_83' title="bbox 2375 4012 3819 4103; baseline -0.006 -18"><span class='ocrx_word' id='word_1_521' title='bbox 2375 4021 2547 4103; x_wconf 88' lang='lat' dir='ltr'>patri</span> <span class='ocrx_word' id='word_1_522' title='bbox 2589 4037 2706 4083; x_wconf 88' lang='lat' dir='ltr'>suo</span> <span class='ocrx_word' id='word_1_523' title='bbox 2750 4028 2816 4082; x_wconf 87' lang='lat' dir='ltr'>et</span> <span class='ocrx_word' id='word_1_524' title='bbox 2859 4015 3312 4082; x_wconf 89' lang='lat' dir='ltr'>colendissimo</span> <span class='ocrx_word' id='word_1_525' title='bbox 3354 4023 3421 4079; x_wconf 90' lang='lat' dir='ltr'>et</span> <span class='ocrx_word' id='word_1_526' title='bbox 3463 4012 3819 4078; x_wconf 88' lang='lat' dir='ltr'>carissimo.</span> 
     </span>
    </p>
   </div>
   <div class='ocr_carea' id='block_1_20' title="bbox 3895 4114 4151 4192">
    <p class='ocr_par' dir='ltr' id='par_1_23' title="bbox 3895 4114 4151 4192">
     <span class='ocr_line' id='line_1_84' title="bbox 3895 4114 4151 4192; baseline 0 -13"><span class='ocrx_word' id='word_1_527' title='bbox 3895 4114 4151 4192; x_wconf 81' lang='lat' dir='ltr'>Ziirich.</span> 
     </span>
    </p>
   </div>
   <div class='ocr_carea' id='block_1_21' title="bbox 2373 4335 4324 5016">
    <p class='ocr_par' dir='ltr' id='par_1_24' title="bbox 2373 4335 4324 5016">
     <span class='ocr_line' id='line_1_85' title="bbox 2377 4335 4323 4422; baseline -0.005 -11"><span class='ocrx_word' id='word_1_528' title='bbox 2377 4384 2461 4395; x_wconf 91' lang='lat'>--</span> <span class='ocrx_word' id='word_1_529' title='bbox 2635 4342 2817 4422; x_wconf 85' lang='lat' dir='ltr'>Quod</span> <span class='ocrx_word' id='word_1_530' title='bbox 2863 4341 3290 4409; x_wconf 80' lang='lat' dir='ltr'>Genevenses</span> <span class='ocrx_word' id='word_1_531' title='bbox 3344 4338 3711 4416; x_wconf 89' lang='lat' dir='ltr'>concernit,</span> <span class='ocrx_word' id='word_1_532' title='bbox 3768 4337 3935 4402; x_wconf 91' lang='lat' dir='ltr'>nihil</span> <span class='ocrx_word' id='word_1_533' title='bbox 3994 4336 4184 4402; x_wconf 89' lang='lat' dir='ltr'>audio</span> <span class='ocrx_word' id='word_1_534' title='bbox 4243 4335 4323 4401; x_wconf 89' lang='lat' dir='ltr'>de</span> 
     </span>
     <span class='ocr_line' id='line_1_86' title="bbox 2375 4424 4324 4514; baseline -0.006 -15"><span class='ocrx_word' id='word_1_535' title='bbox 2375 4455 2479 4512; x_wconf 89' lang='lat' dir='ltr'>eo,</span> <span class='ocrx_word' id='word_1_536' title='bbox 2543 4431 2623 4496; x_wconf 92' lang='lat' dir='ltr'>de</span> <span class='ocrx_word' id='word_1_537' title='bbox 2681 4452 2807 4514; x_wconf 92' lang='lat' dir='ltr'>quo</span> <span class='ocrx_word' id='word_1_538' title='bbox 2865 4428 3122 4504; x_wconf 89' lang='lat' dir='ltr'>scribis,</span> <span class='ocrx_word' id='word_1_539' title='bbox 3181 4424 3465 4490; x_wconf 80' lang='lat' dir='ltr'>dissidio,</span> <span class='ocrx_word' id='word_1_540' title='bbox 3553 4424 3784 4506; x_wconf 90' lang='lat' dir='ltr'>Neque</span> <span class='ocrx_word' id='word_1_541' title='bbox 3842 4424 4013 4487; x_wconf 88' lang='lat' dir='ltr'>inter</span> <span class='ocrx_word' id='word_1_542' title='bbox 4069 4431 4324 4487; x_wconf 87' lang='lat' dir='ltr'>nostros</span> 
     </span>
     <span class='ocr_line' id='line_1_87' title="bbox 2376 4508 4319 4602; baseline -0.006 -18"><span class='ocrx_word' id='word_1_543' title='bbox 2376 4538 2769 4602; x_wconf 86' lang='lat' dir='ltr'>quemquam</span> <span class='ocrx_word' id='word_1_544' title='bbox 2826 4515 2997 4592; x_wconf 88' lang='lat' dir='ltr'>novi,</span> <span class='ocrx_word' id='word_1_545' title='bbox 3069 4512 3180 4596; x_wconf 92' lang='lat' dir='ltr'>qui</span> <span class='ocrx_word' id='word_1_546' title='bbox 3244 4510 3577 4576; x_wconf 77' lang='lat' dir='ltr'>Calvinum</span> <span class='ocrx_word' id='word_1_547' title='bbox 3634 4508 3979 4573; x_wconf 78' lang='lat' dir='ltr'>haereseos</span> <span class='ocrx_word' id='word_1_548' title='bbox 4043 4519 4319 4573; x_wconf 86' lang='lat' dir='ltr'>accuset.</span> 
     </span>
     <span class='ocr_line' id='line_1_88' title="bbox 2375 4593 4318 4688; baseline -0.007 -18"><span class='ocrx_word' id='word_1_549' title='bbox 2375 4606 2500 4671; x_wconf 86' lang='lat' dir='ltr'>Est</span> <span class='ocrx_word' id='word_1_550' title='bbox 2565 4601 2830 4688; x_wconf 89' lang='lat' dir='ltr'>quidem</span> <span class='ocrx_word' id='word_1_551' title='bbox 2900 4597 3287 4684; x_wconf 87' lang='lat' dir='ltr'>quibusdam</span> <span class='ocrx_word' id='word_1_552' title='bbox 3355 4595 3756 4661; x_wconf 86' lang='lat' dir='ltr'>nostratibus</span> <span class='ocrx_word' id='word_1_553' title='bbox 3834 4593 4089 4658; x_wconf 84' lang='lat' dir='ltr'>invisus</span> <span class='ocrx_word' id='word_1_554' title='bbox 4158 4595 4318 4657; x_wconf 89' lang='lat' dir='ltr'>satis</span> 
     </span>
     <span class='ocr_line' id='line_1_89' title="bbox 2380 4682 4313 4772; baseline -0.008 -15"><span class='ocrx_word' id='word_1_555' title='bbox 2380 4691 2704 4768; x_wconf 76' lang='lat' dir='ltr'>Calvinus,</span> <span class='ocrx_word' id='word_1_556' title='bbox 2763 4688 2916 4772; x_wconf 89' lang='lat' dir='ltr'>quia</span> <span class='ocrx_word' id='word_1_557' title='bbox 2958 4685 3216 4752; x_wconf 82' lang='lat' dir='ltr'>videtur</span> <span class='ocrx_word' id='word_1_558' title='bbox 3268 4685 3428 4766; x_wconf 90' lang='lat' dir='ltr'>ipsis</span> <span class='ocrx_word' id='word_1_559' title='bbox 3472 4682 3749 4746; x_wconf 90' lang='lat' dir='ltr'>nimium</span> <span class='ocrx_word' id='word_1_560' title='bbox 3793 4682 4313 4763; x_wconf 64' lang='grc' dir='ltr'>πολυπραγμονῶ.</span> 
     </span>
     <span class='ocr_line' id='line_1_90' title="bbox 2376 4765 4320 4859; baseline -0.006 -16"><span class='ocrx_word' id='word_1_561' title='bbox 2376 4777 2721 4859; x_wconf 81' lang='lat' dir='ltr'>Quantum</span> <span class='ocrx_word' id='word_1_562' title='bbox 2758 4785 2982 4839; x_wconf 90' lang='lat' dir='ltr'>tamen</span> <span class='ocrx_word' id='word_1_563' title='bbox 3017 4773 3085 4837; x_wconf 91' lang='lat' dir='ltr'>in</span> <span class='ocrx_word' id='word_1_564' title='bbox 3122 4769 3307 4835; x_wconf 89' lang='lat' dir='ltr'>nobis</span> <span class='ocrx_word' id='word_1_565' title='bbox 3352 4779 3468 4846; x_wconf 87' lang='lat' dir='ltr'>est,</span> <span class='ocrx_word' id='word_1_566' title='bbox 3511 4766 3742 4832; x_wconf 90' lang='lat' dir='ltr'>damus</span> <span class='ocrx_word' id='word_1_567' title='bbox 3787 4785 4067 4847; x_wconf 87' lang='lat' dir='ltr'>operam,</span> <span class='ocrx_word' id='word_1_568' title='bbox 4114 4773 4187 4829; x_wconf 89' lang='lat' dir='ltr'>ut</span> <span class='ocrx_word' id='word_1_569' title='bbox 4227 4765 4320 4831; x_wconf 83' lang='lat' dir='ltr'>fe-</span> 
     </span>
     <span class='ocr_line' id='line_1_91' title="bbox 2373 4849 4323 4942; baseline -0.006 -15"><span class='ocrx_word' id='word_1_570' title='bbox 2373 4865 2618 4928; x_wconf 90' lang='lat' dir='ltr'>rociam</span> <span class='ocrx_word' id='word_1_571' title='bbox 2648 4882 2874 4927; x_wconf 90' lang='lat' dir='ltr'>eorum</span> <span class='ocrx_word' id='word_1_572' title='bbox 2909 4859 3295 4942; x_wconf 80' lang='lat' dir='ltr'>frangamus</span> <span class='ocrx_word' id='word_1_573' title='bbox 3331 4865 3399 4920; x_wconf 87' lang='lat' dir='ltr'>et</span> <span class='ocrx_word' id='word_1_574' title='bbox 3430 4854 3824 4936; x_wconf 86' lang='lat' dir='ltr'>mitigemus,</span> <span class='ocrx_word' id='word_1_575' title='bbox 3871 4863 3935 4915; x_wconf 89' lang='lat' dir='ltr'>et</span> <span class='ocrx_word' id='word_1_576' title='bbox 3970 4849 4323 4917; x_wconf 85' lang='lat' dir='ltr'>modestius</span> 
     </span>
     <span class='ocr_line' id='line_1_92' title="bbox 2376 4939 3747 5016; baseline -0.011 0"><span class='ocrx_word' id='word_1_577' title='bbox 2376 4970 2488 5016; x_wconf 90' lang='lat' dir='ltr'>eos</span> <span class='ocrx_word' id='word_1_578' title='bbox 2535 4949 2614 5014; x_wconf 91' lang='lat' dir='ltr'>de</span> <span class='ocrx_word' id='word_1_579' title='bbox 2655 4947 2853 5013; x_wconf 83' lang='lat' dir='ltr'>tantis</span> <span class='ocrx_word' id='word_1_580' title='bbox 2896 4946 3059 5009; x_wconf 84' lang='lat' dir='ltr'>viris</span> <span class='ocrx_word' id='word_1_581' title='bbox 3103 4944 3344 5008; x_wconf 85' lang='lat' dir='ltr'>sentire</span> <span class='ocrx_word' id='word_1_582' title='bbox 3388 4939 3747 5004; x_wconf 88' lang='lat' dir='ltr'>doceamus.</span> 
     </span>
    </p>
   </div>
   <div class='ocr_carea' id='block_1_22' title="bbox 2376 5125 2567 5134">
    <p class='ocr_par' dir='ltr' id='par_1_25' title="bbox 2376 5125 2567 5134">
     <span class='ocr_line' id='line_1_93' title="bbox 2376 5125 2567 5134; baseline 0 1066"><span class='ocrx_word' id='word_1_583' title='bbox 2376 5125 2567 5134; x_wconf 95' lang='lat' dir='ltr'> </span> 
     </span>
    </p>
   </div>
   <div class='ocr_carea' id='block_1_23' title="bbox 2616 5125 2681 5132">
    <p class='ocr_par' dir='ltr' id='par_1_26' title="bbox 2616 5125 2681 5132">
     <span class='ocr_line' id='line_1_94' title="bbox 2616 5125 2681 5132; baseline 0 -2"><span class='ocrx_word' id='word_1_584' title='bbox 2616 5125 2681 5132; x_wconf 57' lang='lat' dir='ltr'>..q-</span> 
     </span>
    </p>
   </div>
   <div class='ocr_carea' id='block_1_24' title="bbox 2377 5211 4318 5424">
    <p class='ocr_par' dir='ltr' id='par_1_27' title="bbox 2377 5211 4318 5424">
     <span class='ocr_line' id='line_1_95' title="bbox 2377 5211 4318 5306; baseline -0.008 -28"><span class='ocrx_word' id='word_1_585' title='bbox 2377 5224 2560 5280; x_wconf 75' lang='lat' dir='ltr'>aois.</span> <span class='ocrx_word' id='word_1_586' title='bbox 2590 5224 2649 5306; x_wconf 62' lang='grc' dir='ltr'>ι)</span> <span class='ocrx_word' id='word_1_587' title='bbox 2684 5223 2773 5305; x_wconf 69' lang='lat' dir='ltr'>cf.</span> <span class='ocrx_word' id='word_1_588' title='bbox 2816 5221 2890 5275; x_wconf 80' lang='lat' dir='ltr'>N.</span> <span class='ocrx_word' id='word_1_589' title='bbox 2926 5221 3063 5274; x_wconf 78' lang='lat'>2012</span> <span class='ocrx_word' id='word_1_590' title='bbox 3120 5218 3215 5270; x_wconf 64' lang='lat' dir='ltr'>uba·</span> <span class='ocrx_word' id='word_1_591' title='bbox 3262 5214 3422 5268; x_wconf 59' lang='lat' dir='ltr'>aaa„</span> <span class='ocrx_word' id='word_1_592' title='bbox 3466 5212 3533 5267; x_wconf 74' lang='lat' dir='ltr'>ae</span> <span class='ocrx_word' id='word_1_593' title='bbox 3575 5212 3734 5264; x_wconf 63' lang='lat' dir='ltr'>nova</span> <span class='ocrx_word' id='word_1_594' title='bbox 3778 5211 3927 5272; x_wconf 70' lang='lat' dir='ltr'>um,</span> <span class='ocrx_word' id='word_1_595' title='bbox 3973 5225 4107 5279; x_wconf 67' lang='lat' dir='ltr'>quos</span> <span class='ocrx_word' id='word_1_596' title='bbox 4150 5217 4318 5274; x_wconf 71' lang='lat' dir='ltr'>vocae,</span> 
     </span>
     <span class='ocr_line' id='line_1_96' title="bbox 2377 5295 4163 5424; baseline -0.008 -7"><span class='ocrx_word' id='word_1_597' title='bbox 2377 5295 2830 5424; x_wconf 53' lang='grc' dir='ltr'>Αωαεῖἷοῖιὶων</span> <span class='ocrx_word' id='word_1_598' title='bbox 2866 5357 3097 5413; x_wconf 64' lang='lat' dir='ltr'>mm</span> <span class='ocrx_word' id='word_1_599' title='bbox 3130 5367 3297 5423; x_wconf 71' lang='lat' dir='ltr'>opera</span> <span class='ocrx_word' id='word_1_600' title='bbox 3330 5351 3487 5408; x_wconf 70' lang='lat' dir='ltr'>nuno</span> <span class='ocrx_word' id='word_1_601' title='bbox 3518 5347 3650 5406; x_wconf 63' lang='grc' dir='ltr'>ωιὼ</span> <span class='ocrx_word' id='word_1_602' title='bbox 3680 5353 3860 5408; x_wconf 63' lang='lat' dir='ltr'>«aaa</span> <span class='ocrx_word' id='word_1_603' title='bbox 3891 5351 4163 5406; x_wconf 56' lang='lat' dir='ltr'>raucedo.</span> 
     </span>
    </p>
   </div>
  </div>
 </body>
</html>
