4850 6200
472 427 603 490 563

1354 609 1554 683 2188.

881 765 1549 837 BULLINGERUS
1584 762 2021 832 OALVINO.

655 937 1083 1006 Transeo-ibit
1125 938 1378 1005 Salem
1430 936 1743 1003 iudicium
1795 936 1874 1004 de
1929 937 2166 1020 neqotdo
2234 933 2429 1000 West-

461 1024 778 1110 photiana
818 1030 876 1089 et
913 1026 1175 1091 nunciat
1222 1024 1563 1090 novissima
1607 1043 1685 1087 ccc
1734 1021 2103 1088 Germania.

477 1196 590 1261 (Ex
626 1195 963 1266 autographo
1002 1194 1222 1251 Archiv.
1245 1194 1429 1249 Turio.
1450 1193 1594 1248 Plnt.
1629 1193 1725 1248 VI.
1763 1195 1881 1249 Vol.
1907 1191 2053 1246 11712.
2088 1194 2219 1248 clim
2254 1194 2425 1249 scrin.

712 1263 777 1322 Ο.
810 1264 953 1337 Epp.
988 1264 1140 1320 Tom.
1175 1264 1248 1321 11.
1282 1265 1374 1318 fol.
1412 1262 1534 1317 311.
1575 1292 1638 1303 ——
1673 1263 1872 1319 Simler
1907 1262 2034 1317 Vol.
2072 1260 2188 1330 84.)

642 1436 1029 1503 Clarissimo
1083 1433 1231 1501 viro
1277 1436 1362 1502 D.
1422 1436 1657 1501 Ioanni
1713 1434 1993 1503 Calvino
2049 1431 2426 1500 fidelissimo

469 1521 889 1590 Gencvensis
922 1521 1236 1589 ecclesiae
1269 1522 1519 1605 pastori
1562 1520 1827 1587 domino
1859 1541 2007 1587 meo
2042 1518 2424 1586 honorando

466 1615 538 1673 et
579 1606 770 1675 fratri
814 1607 1253 1675 dilectissimo.
2026 1690 2249 1757 Genff·

638 1862 711 1930 S.
757 1864 843 1930 D.
912 1862 1123 1946 Spero
1176 1868 1275 1943 te,
1331 1862 1787 1931 colendissimo
1859 1863 1949 1928 mi
2016 1863 2300 1929 Domine
2356 1870 2425 1927 et

460 1951 672 2015 frater
728 1948 1080 2027 carissime,
1135 1951 1461 2032 accepisse
1512 1950 1736 2016 literas
1793 1969 1955 2033 quas
2012 1970 2052 2014 a
2095 1948 2425 2014 ministris

461 2034 937 2107 Rhaeticarum
992 2033 1412 2101 ecclesiarum
1459 2036 1544 2103 D.
1608 2034 1956 2102 Comandro
2028 2041 2097 2099 et
2153 2034 2425 2101 Gallitta

458 2140 611 2188 acce
658 2129 761 2187 tas
792 2125 841 2199 ¹)
885 2118 1133 2187 dudum
1177 2120 1262 2188 ad
1306 2131 1373 2186 te
1416 2120 1604 2201 misi,
1646 2140 1779 2186 una
1820 2140 1972 2186 cnm
2016 2118 2422 2187 Defensione

459 2213 582 2272 tua
671 2206 731 2274 ic
775 2207 1094 2290 impressa
1137 2215 1205 2272 et
1248 2206 1498 2274 adiecto
1541 2227 1691 2273 meo
1734 2207 1800 2271 in
1833 2207 1966 2272 fine
1992 2205 2200 2273 libelli
2246 2227 2283 2271 e
2328 2207 2418 2271 is-

459 2292 640 2359 tolio.
744 2291 936 2375 Quod
997 2292 1111 2359 diu
1168 2292 1388 2359 nullas
1432 2314 1470 2358 a
1511 2300 1578 2359 te
1619 2293 1848 2358 literas
1906 2292 2150 2376 accipio
2205 2293 2291 2357 tri
2336 2312 2421 2357 uo

458 2379 771 2444 maximis
843 2379 975 2446 tuis
1044 2379 1596 2463 occupationibus.
1700 2378 1840 2444 Nec
1897 2398 2018 2464 ego
2083 2377 2202 2443 tibi
2256 2379 2421 2444 meis

462 2464 746 2531 libenter
789 2465 1126 2549 negotium
1169 2465 1353 2532 facio.
1412 2466 1517 2531 Ea
1560 2464 1642 2531 de
1685 2484 1884 2533 causa
1926 2465 2143 2529 rarius
2187 2462 2418 2530 scribo.

458 2550 641 2632 Quid
708 2551 1111 2618 Basilienses
1167 2563 1232 2617 et
1286 2549 1632 2617 Milhusini
1692 2549 2149 2635 responderint
2164 2552 2222 2629 2)
2301 2548 2424 2615 tibi

457 2636 683 2703 miror.
744 2638 924 2704 Dum
975 2637 1304 2703 Sulcerum
1348 2646 1650 2704 nostrum
1688 2635 2078 2703 Basiliensis
2106 2635 2421 2702 ecclesiae

455 2724 841 2790 ministrum
888 2745 1108 2809 urgeo,
1153 2724 1222 2788 in
1269 2723 1432 2788 haec
1477 2723 1677 2789 verba
1719 2721 2095 2807 respondet:
2123 2724 2178 2801 ⁸)
2224 2720 2420 2804 Quod

465 2809 767 2894 symbola
824 2811 1090 2887 attinet,
1151 2810 1242 2874 mi
1300 2808 1685 2892 Bullinyere,
1755 2829 1889 2876 non
1945 2818 2104 2893 puto
2162 2816 2421 2874 tantam

463 2916 608 2961 esse
653 2895 984 2963 doctrinae
1025 2894 1477 2961 diversitatem
1521 2896 1694 2961 inter
1736 2916 1854 2959 nos
1888 2895 2048 2979 quin
2093 2895 2420 2978 possimus

463 2982 893 3048 christianam
937 2982 1005 3047 in
1031 2980 1317 3046 Domino
1349 2980 1826 3046 fraternitatem
1863 2980 2421 3048 coniunctionem-

464 3088 591 3152 que
634 3087 1044 3134 conservare.
1110 3066 1174 3132 N
1257 3087 1337 3132 ue
1378 3064 1460 3133 de
1503 3076 1568 3132 te
1612 3088 1732 3152 ego
1775 3067 2263 3150 ministerioque
2309 3074 2421 3132 tuo

466 3162 536 3219 et
578 3153 854 3222 ecclesia
896 3174 1029 3220 non
1075 3172 1194 3218 can
1243 3152 1350 3218 ide
1393 3152 1606 3219 sentio
1650 3163 1716 3217 et
1758 3154 2006 3236 loquor.
2111 3152 2274 3219 Oolo
2333 3160 2420 3229 te,

467 3240 639 3306 sicut
682 3249 751 3304 et
798 3238 1149 3316 Calvinum,
1196 3238 1338 3321 pios
1383 3237 1731 3323 doctosque
1769 3258 2019 3305 omnes.
2071 3237 2206 3304 Sed
2249 3238 2423 3324 quod

465 3326 833 3407 impensius
911 3325 1230 3391 abhorreo
1290 3323 1369 3389 ab
1449 3323 1573 3391 hac
1637 3325 2083 3393 controversia
2156 3325 2422 3390 veniam

470 3408 674 3488 dabis,
721 3412 872 3496 quia
916 3411 1367 3494 experimento
1425 3408 1730 3479 didicisse
1785 3411 1950 3476 mihi
2008 3410 2237 3476 videor
2294 3411 2421 3476 hu·

466 3516 705 3562 manae
763 3496 1193 3563 faeculentiae
1244 3497 1602 3582 plurimum
1661 3498 1897 3563 afferre
1951 3517 2030 3562 ea
2084 3497 2425 3563 occasione

468 3582 759 3650 incitatis
803 3583 1142 3650 affectibus
1186 3602 1262 3650 ac
1310 3581 1633 3651 scandalis
1677 3583 2058 3668 perniciosis
2115 3603 2424 3667 campum

470 3669 731 3752 aperiri.
833 3669 1058 3751 Quare
1120 3669 1532 3736 vacationem
1601 3670 1683 3737 ab
1736 3689 1815 3735 ea
1869 3667 2108 3735 militia
2164 3669 2220 3736 si
2277 3669 2424 3735 fieri

469 3762 668 3838 queat
718 3756 989 3822 concedi
1023 3755 1187 3822 mihi
1222 3756 1496 3840 postulo,
1539 3756 1612 3821 in
1650 3756 1924 3823 caeteris
1971 3776 2092 3822 nec
2131 3753 2424 3820 laborem

471 3861 594 3907 nec
664 3842 1028 3925 periculum
1105 3851 1546 3908 recusaturus.
1677 3841 1862 3909 Haec
1932 3840 2064 3907 ille.
2198 3838 2423 3922 Quare

472 3926 627 4009 quid
673 3928 792 3993 tibi
838 3927 1066 3993 eadem
1112 3928 1193 3994 de
1239 3950 1308 3993 re
1345 3928 1682 4011 scripserit
1722 3949 1829 3993 me
1877 3928 2100 3993 mirari
2144 3927 2298 3992 dixi.

644 4011 889 4080 Caesar
931 4033 1083 4078 cum
1127 4013 1454 4097 pontifice,
1501 4012 1658 4079 dum
1693 4016 1967 4094 viveret,
2012 4014 2424 4096 conspirasse

466 4095 708 4165 dicitur
772 4099 844 4164 in
912 4095 1238 4164 excidium
1307 4098 1629 4184 evangelii
1652 4152 1668 4179 ,
1735 4098 1998 4167 illectus
2061 4097 2423 4166 defectione

465 4183 831 4269 anglicana.
886 4185 1057 4250 Nam
1095 4185 1235 4268 pari
1283 4184 1585 4251 felicitate
1627 4207 1698 4252 se
1735 4207 2009 4252 usurum
2047 4183 2422 4265 arbitratur,

463 4272 525 4336 si
590 4271 762 4336 serio
827 4270 896 4334 in
964 4270 1327 4337 Germania
1388 4292 1524 4336 rem
1602 4280 1876 4337 tentent.
1987 4269 2424 4337 Consentiunt

465 4355 774 4441 episcopi,
822 4355 1125 4440 inprimis
1169 4367 1390 4422 autem
1441 4355 1786 4439 Philippus
1842 4367 1909 4422 et
1954 4355 2420 4423 Ferdinandus.

465 4442 756 4526 Ideoque
800 4444 1173 4526 Augustam
1218 4464 1259 4508 a
1301 4441 1605 4527 pontifice
1650 4442 1886 4510 missus
1933 4442 2236 4509 Mor-onus
2279 4463 2421 4510 car-

465 4528 705 4596 dinalis
763 4533 844 4592 24
901 4528 1130 4595 Martii
1197 4549 1433 4613 magno
1487 4550 1639 4595 cum
1695 4530 1886 4607 fastu,
1946 4528 2424 4612 excipientibus

463 4616 681 4698 ipsum
730 4637 883 4699 rege
906 4623 975 4679 ct
1017 4614 1337 4682 cardinali
1384 4623 1449 4680 et
1469 4616 1811 4699 episcopis,
1855 4617 2192 4699 ingressus
2227 4624 2344 4681 est.
2367 4619 2423 4687 ⁴)

466 4702 636 4766 Cum
707 4701 834 4768 hoc
921 4713 1288 4767 veteratore
1359 4702 1798 4766 communicat
1875 4700 2146 4768 consilia
2224 4700 2426 4767 Polus

466 4786 845 4854 cardinalis.
907 4787 1076 4853 Nam
1112 4787 1635 4872 frequentissime
1679 4808 1797 4870 per
1831 4807 2030 4871 equos
2074 4786 2423 4871 dispositos

465 4874 757 4939 curritur
819 4874 1294 4958 Antwerpiam,
1351 4871 1504 4939 inde
1562 4873 1913 4958 navigatur
1969 4874 2037 4939 in
2086 4873 2421 4958 Angliam,

472 5144 652 5200 2188.
693 5147 750 5213 1)
784 5146 852 5201 N.
889 5146 1043 5202 2133.

676 5214 740 5279 2)
781 5215 907 5272 Huc
938 5232 1110 5288 usque
1143 5217 1285 5272 asti!
1315 5216 1658 5288 respondisse
1690 5215 1963 5272 videam.

676 5282 741 5420 {3
772 5283 1074 5410 {Icissdffil'u
1113 5351 1230 5408 498.

1968 419 2499 489 EPISmLAE
2543 423 2781 488 2183-
2801 425 2970 487 2184

4356 419 4485 484 564

2533 608 2692 675 hinc
2755 629 2991 677 rursus
3045 614 3441 697 Angustam.
3543 604 3738 684 Savo,
3764 608 3827 691 ὅ)
3893 605 4493 693 Bramme-052

2534 703 2606 762 et
2645 694 2910 775 Hcsm,
2955 696 3178 761 nescio
3220 692 3379 778 quid
3436 692 3751 777 suspicati
3794 692 3880 759 ad
3936 691 4206 759 comitia
4258 694 4491 759 venire

2532 783 2798 848 nolunt:
2842 782 3079 868 legatis
3121 780 3265 847 suis
3306 780 3730 847 committunt
3761 800 3848 846 nc
3891 778 4233 845 discedant
4274 777 4487 844 latum

2533 867 2820 933 culmum
2864 888 2906 933 a
2944 876 3135 952 pacto
3168 866 3582 934 Pattaviensi
3599 868 3654 943 ⁸)
3689 873 3758 931 et
3789 866 4196 933 confessione
4218 865 4486 949 Angus-

2530 963 2707 1020 tana.
2794 953 2945 1019 Rex
2962 957 3020 1031 ⁷)
3068 953 3289 1038 palam
3331 950 3501 1017 dixit
3544 951 3928 1037 religionem
3975 960 4267 1017 nostram
4317 948 4488 1017 sedi-

2532 1041 2765 1106 tiosam
2822 1059 2966 1107 esse
3023 1050 3091 1106 et
3154 1048 3493 1105 cruentam
3510 1090 3526 1117 ,
3593 1045 3661 1104 et
3725 1036 3869 1104 ideo
3935 1057 4071 1103 non
4128 1035 4488 1103 ferendam.

2532 1124 2712 1207 Quid
2752 1125 3053 1192 futurum
3098 1125 3185 1191 sit
3217 1123 3405 1192 brevi
3448 1123 3815 1190 audiemus.
3915 1122 4245 1190 Dominus
4298 1123 4488 1188 infir-

2530 1223 2669 1278 met
2711 1210 3123 1279 adversarios
3158 1231 3311 1279 suos
3354 1220 3420 1276 et
3455 1211 3798 1276 confirmet
3830 1211 4212 1277 invocantes
4246 1228 4490 1275 nomen

2530 1297 2802 1365 Christi.
2925 1298 3095 1364 Vale
3113 1348 3129 1374 ,
3194 1306 3263 1362 et
3324 1315 3594 1381 precare
3659 1316 3779 1381 pro
3844 1296 4033 1362 nobis
4098 1293 4488 1361 Dominum.

2530 1384 2764 1470 Tiguri
2814 1387 2909 1449 13.
2957 1382 3207 1468 Aprilis
3247 1386 3432 1448 1555.

2700 1469 3013 1537 Salutant
3081 1479 3145 1535 te
3198 1469 3438 1535 fratres
3492 1487 3742 1534 omnes.
3852 1465 4092 1534 Saluta
4158 1475 4232 1532 tu
4301 1466 4489 1532 nobis

2530 1566 2951 1642 symmystas.

3662 1692 4090 1775 Bullingerus
4136 1702 4308 1756 tuus.

3320 2003 3729 2014 ——-————-—-———-—

3405 2255 3599 2327 2184.

2912 2409 3414 2478 HALLERUS
3459 2408 4097 2478 BULLINGERO.

2701 2581 2874 2650 Face
2935 2587 3163 2651 narrat
3226 2604 3387 2666 qaae
3449 2585 3533 2648 ad
3610 2602 3871 2648 causam
3938 2581 4193 2649 Calvini
4268 2587 4485 2650 contra

2527 2667 3320 2822 }m.mos
3341 2670 3657 2751 pertinent
3690 2689 3734 2734 a
3766 2669 3987 2753 leyatic
4023 2666 4487 2736 Gemensibm

4328 2926 4481 2981 Tem.

2530 2928 2643 2994 (Ex
2679 2932 2909 2997 autogra
2946 2925 3018 2982 ho
3053 2926 3273 2981 Archiv.
3321 2927 3509 2981 eccles.
3559 2927 3737 2980 Turio.
3788 2926 3962 2981 Scrin.
4017 2927 4087 2983 B.
4134 2927 4276 3051 Fffgp.
4302 2994 4411 3063 Ἃ)

2596 2995 2682 3062 32,
2718 3012 2858 3051 nnnc
2936 2995 3038 3049 lut.
3075 2995 3167 3051 VI.
3202 2995 3328 3049 Vol.
3367 2994 3485 3062 154,
3520 2996 3613 3052 fol.
3649 2993 3771 3050 572.
3809 3025 3875 3034 -
3910 2996 4107 3050 Simler

2529 3169 2911 3237 Clarissimo
2958 3170 3100 3235 viro
3144 3171 3227 3235 D.
3265 3170 3655 3254 Heinrycho
3690 3169 4078 3256 Bullingero
4123 3170 4482 3254 Tigurinae

2530 3256 2838 3323 ecclesiae
2880 3256 3130 3340 pastori
3171 3254 3553 3322 fidelissimo
3589 3254 3857 3322 domino
3891 3265 3957 3320 et
4000 3255 4316 3339 compatri
4359 3275 4480 3320 suo

3024 3341 3361 3408 carissimo
3401 3351 3470 3407 et
3511 3340 3981 3408 colendissimo

2701 3511 2772 3579 S.
2834 3512 3147 3580 Plaustra
3192 3514 3500 3580 haberem
3554 3512 3897 3579 turbarum
3943 3511 4026 3578 de
4080 3515 4315 3596 quibus
4357 3513 4483 3580 tibi

2528 3598 2899 3677 scriberem,
2958 3598 3413 3667 colendissimo
3458 3597 3719 3665 domine
3762 3607 4128 3682 compater,
4186 3601 4243 3665 si
4285 3600 4484 3666 modo

2529 3706 2659 3750 non
2736 3684 3036 3751 deforent
3098 3687 3329 3752 nuncii
3392 3687 3506 3770 qui
3570 3686 3910 3752 veherent.
4028 3684 4228 3767 Quod
4301 3686 4481 3752 enim

2531 3769 2781 3838 tamdiu
2836 3793 3009 3839 nunc
3066 3771 3236 3837 nihil
3293 3772 3526 3855 scripsi
3583 3770 3721 3837 sola
3764 3770 4191 3838 tabellionum
4232 3773 4481 3838 factum

2528 3867 2628 3923 est
2680 3858 2973 3941 penuria.
3062 3858 3339 3924 Decima
3381 3858 3612 3924 Martii
3664 3869 3990 3923 venerunt
4032 3857 4161 3925 huc
4205 3857 4289 3924 D.
4342 3857 4483 3924 Gaz-

2526 3945 2718 4009 vioms
2773 3955 2842 4008 et
2895 3943 3289 4010 Remundus
3357 3944 3647 4011 Calvetus
3713 3943 3893 4010 illius
3960 3953 4347 4031 symmysta,
4413 3955 4482 4009 et

2525 4051 2675 4096 cum
2734 4028 2865 4095 illis
2924 4029 3055 4095 duo
3108 4029 3369 4115 syndici
3428 4030 3823 4115 reipublicae
3879 4030 4312 4106 Genevensis,
4368 4031 4483 4113 qui

2527 4114 2958 4199 magistratus
3015 4114 3190 4200 apud
3244 4116 3422 4202 ipsos
3480 4137 3826 4202 supremus
3878 4128 3996 4182 est.
4029 4119 4074 4194 ¹)
4160 4117 4318 4181 Tria
4359 4115 4482 4182 ha·-

2527 4200 2811 4266 buerunt
2854 4201 3270 4285 potissimum
3314 4224 3481 4286 quae
3525 4216 3815 4286 agerent,
3869 4223 4143 4285 quorum
4191 4203 4483 4285 primum

2534 4285 2866 4354 Calvinum
2925 4287 3371 4371 peculiariter,
3428 4288 3707 4354 alterum
3750 4289 3971 4372 ipsum
4014 4302 4080 4354 et
4136 4288 4481 4355 ecclesiam

2530 4381 2726 4457 atque
2778 4372 3249 4458 rempublicam
3308 4374 3769 4441 Genevensem
3825 4376 4288 4454 communiter,
4348 4385 4483 4441 ter-

2526 4460 2693 4525 tium
2738 4459 2913 4543 quod
2957 4460 3427 4545 rempublicam
3470 4461 3677 4526 solam
3720 4470 4160 4528 concerneret.

2699 4545 3002 4611 Primum
3057 4557 3200 4612 erat
3257 4546 3430 4630 quod
3496 4547 3635 4630 ipse
3694 4545 3998 4614 calvinus
4054 4568 4205 4613 suas
4259 4569 4485 4630 perse·

2525 4641 2838 4713 queretur
2881 4633 3159 4699 iniurias
3202 4633 3327 4698 sibi
3372 4645 3440 4698 et
3482 4631 3815 4700 doctrinae
3864 4654 4021 4699 suae
4064 4655 4103 4698 a
4152 4633 4481 4710 zebedaeo.

2529 4717 2772 4802 Anyclo
2830 4725 2896 4782 et
2952 4718 3334 4803 Hieronymo
3396 4719 3649 4787 medico
3716 4719 3949 4799 illatas,
3968 4722 4026 4798 ⁶²)
4092 4718 4173 4784 de
4239 4721 4486 4804 quibus

2525 4804 2659 4868 iam
2702 4815 2898 4869 antea
2942 4813 3099 4887 puto
3143 4826 3248 4870 me
3293 4804 3375 4872 ad
3422 4817 3487 4870 te
3527 4805 3877 4890 scripsisse.
3959 4804 4317 4873 lebedum
4360 4827 4485 4889 pro
