4850 6200
431 434 551 493 (331

614 620 719 683 Au
789 638 906 683 sur
952 615 1056 681 lus
1120 624 1331 698 quant
1386 638 1426 681 a
1494 630 1708 682 vostre
1772 616 2072 681 ministre
2136 613 2392 699 appelle

432 701 787 789 Reymond
860 703 913 767 C
1038 705 1228 783 vets')
1314 702 1523 784 lequel
1598 724 1672 766 az
1752 701 1912 767 faict
1989 711 2228 766 mettre
2305 722 2391 765 en

434 790 682 874 escript
753 810 836 854 en
918 798 1140 853 nostre
1207 786 1661 853 Chancellerie
1738 796 2071 852 comment
2142 786 2392 851 certain

430 875 758 940 minusier
780 873 1172 939 demourant
1194 894 1233 937 6
1255 873 1532 938 Τ116666
1556 894 1819 938 nomme
1840 873 2064 939 Niclas
2083 872 2316 938 Basset
2339 872 2392 958 Β)

437 959 702 1027 (1’116661
746 961 927 1025 avoir
972 959 1105 1023 dict
1159 958 1254 1024 les
1301 959 1580 1042 parelles
1636 969 2015 1043 suyvantes,
2062 958 2391 1024 ascavoir:

434 1068 474 1111 a
544 1061 689 1111 tous
756 1046 851 1111 les
921 1044 1168 1110 diables
1234 1045 1298 1109 la
1364 1045 1913 1127 predestination,
1983 1065 2023 1107 a
2088 1057 2233 1109 tous
2298 1043 2394 1109 les

434 1132 686 1198 diables
744 1131 837 1197 les
883 1131 1323 1214 predestines:
1394 1132 1500 1195 En
1560 1132 1792 1195 avions
1851 1129 2395 1197 semblablement

434 1218 711 1301 rescript
755 1238 794 1281 a
852 1233 1073 1282 nostre
1122 1216 1381 1281 Balliffz
1440 1215 1521 1282 de
1565 1217 1841 1282 Thonon
1904 1216 2050 1281 d’en
2110 1215 2393 1299 prendre

422 1304 910 1387 jnformations,
959 1324 1080 1387 par
1102 1302 1447 1386 lesquelles
1472 1326 1722 1368 navens
1745 1324 1936 1367 sceuz
1962 1301 2391 1386 comprendre

432 1390 603 1473 quilz
663 1411 787 1474 aye
846 1388 984 1455 dict
1041 1389 1230 1454 telles
1289 1389 1588 1471 parelles,
1656 1390 1800 1453 ains
1845 1410 1970 1471 que
2028 1411 2109 1453 cn
2155 1410 2230 1455 ce
2275 1388 2388 1473 luy

431 1490 536 1539 est
580 1476 737 1541 faict
782 1486 931 1540 tort.
1001 1475 1104 1539 En
1151 1474 1629 1541 consideration
1679 1475 1759 1539 de
1803 1496 1977 1559 quoy
2023 1484 2124 1539 est
2169 1488 2391 1539 nostre

432 1560 684 1627 desiree
730 1574 1033 1645 requestc
1076 1581 1201 1642 que
1249 1560 1691 1627 doresnavant
1732 1560 1813 1625 de
1868 1560 2054 1625 telles
2098 1570 2166 1624 et
2219 1582 2389 1624 sem-

430 1647 679 1713 blables
717 1647 1000 1730 parelles
1039 1667 1168 1729 que
1204 1649 1500 1729 pourries
1538 1648 1721 1712 avoir
1756 1668 1791 1709 a
1831 1645 2195 1731 desplaysir
2232 1668 2391 1711 vous

429 1734 655 1797 mieux
709 1732 1132 1815 jnformer.⁹)
1224 1732 1355 1797 Car
1412 1733 1706 1799 combien
1753 1753 1877 1814 que
1933 1754 2215 1797 sommes
2276 1755 2389 1797 en-

428 1820 596 1883 clins
643 1819 865 1883 d’user
909 1839 1149 1883 envers
1188 1840 1347 1882 vous
1393 1819 1471 1883 de
1518 1832 1666 1884 tous
1704 1818 2005 1883 dcbvoirs
2051 1818 2132 1882 de
2177 1820 2391 1884 bonne

428 1906 675 1981 amytie
733 1917 801 1968 et
847 1905 1273 1987 voysinance,
1336 1906 1389 1968 si
1449 1918 1549 1970 est
1605 1928 1676 1971 ce
1735 1927 1859 1987 que
1918 1926 2002 1968 ne
2056 1906 2391 1969 scaurions

429 2012 513 2055 en
567 2012 721 2054 urer
745 2010 869 2072 que
906 1990 1004 2054 les
1032 2002 1283 2053 nostres
1325 1992 1539 2056 soient·
1573 1993 1760 2074 ainsy
1787 2012 1954 2073 pour
1978 1991 2391 2055 uneschunes

428 2075 707 2158 parelles
746 2076 1138 2141 incertaines
1175 2096 1292 2157 par
1329 2075 1421 2141 les
1450 2088 1702 2143 vostres
1734 2098 2127 2160 pourmencs
2163 2088 2229 2141 et
2263 2078 2389 2140 mis

427 2184 511 2225 en
553 2183 811 2245 grossos
847 2174 1121 2238 constes,
1160 2163 1303 2227 ains
1340 2165 1592 2228 seriens
1629 2165 1996 2228 occasiones
2032 2161 2390 2227 demander

430 2247 620 2312 telles
665 2259 925 2311 coustes
972 2268 1011 2311 a
1053 2248 1241 2313 ceulx
1287 2252 1393 2332 qui
1443 2252 1585 2314 font
1629 2249 1967 2332 plaintiffz.
2047 2247 2133 2313 Ce
2177 2248 2387 2313 vueil-

427 2333 522 2397 les
585 2333 899 2397 entendre
961 2332 1041 2398 de
1100 2356 1264 2397 nous
1309 2358 1349 2399 a
1396 2336 1455 2399 la
1516 2336 1726 2401 bonne
1771 2347 1938 2417 part.
2029 2335 2270 2399 Donne
2315 2355 2387 2400 ce

426 2420 524 2503 iij·
573 2418 651 2483 de
700 2420 898 2503 luing
952 2425 1128 2484 1555.
1169 2424 1251 2493 ¹⁰)

1836 2557 2204 2641 Ladvoyer.

1305 3120 1498 3190 2215.

815 3274 1314 3340 FARELLUS
1364 3274 1998 3341 BULLINGERO.

600 3447 701 3512 Dc
743 3447 980 3530 neyotio
1024 3445 1275 3514 Calviui
1331 3467 1472 3514 cum
1518 3447 1949 3514 Bermnsibus
2004 3448 2194 3530 deque
2242 3450 2392 3515 Tos-

422 3533 573 3599 sani
614 3533 935 3615 deplorata
980 3533 1383 3614 improbitate.

425 3703 535 3766 (Ex
574 3704 912 3825 autographo
951 3704 1168 3758 Archiv.
1207 3705 1384 3759 Turic.
1436 3705 1574 3760 Plut.
1613 3706 1704 3760 vl.
1744 3707 1869 3760 Vol.
1914 3704 2027 3772 166,
2078 3707 2205 3761 01116
2243 3709 2386 3777 Epp.

837 3791 940 3827 om.
978 3772 1064 3842 24,
1102 3775 1193 3827 fol.
1229 3773 1347 3828 339.
1390 3805 1449 3814 —
1490 3777 1700 3829 Simler.
1740 3775 1865 3831 vol.
1900 3775 2012 3841 85.)

630 4045 687 4110 7)
727 4047 928 4118 envoy&
964 4048 1001 4102 ὰ
1042 4047 1222 4102 Berne
1253 4064 1400 4117 pour
1435 4065 1615 4103 sunere
1651 4056 1796 4104 toute
1830 4056 1959 4104 cette
1994 4052 2209 4118 affaire.

626 4115 686 4182 8)
724 4131 848 4170 nom
884 4115 1122 4170 douretin:
1158 4123 1209 4169 et
1243 4119 1280 4170 ὰ
1313 4134 1419 4186 peu
1447 4119 1579 4187 prce
1613 4118 1844 4173 illieible.
1919 4118 2185 4188 (Βαεεεῖ)

626 4185 686 4250 9)
726 4185 996 4254 ,Βαοιραρο
1049 4185 1436 4256 diplomatique
1495 4203 1638 4254 pom·
1690 4189 1766 4242 les
1813 4203 2045 4257 envoyer
2088 4205 2380 4258 prometur

418 4270 550 4310 avec
586 4253 681 4307 dea
713 4257 953 4321 pleintes
987 4256 1145 4308 aussi
1173 4257 1478 4326 mesquinee
1512 4263 1561 4310 et
1598 4258 1965 4312 treceniet-es.

596 4322 687 4386 10)
726 4322 993 4392 L’offmre
1026 4326 1216 4392 paruit
1251 4339 1317 4378 en
1354 4322 1464 4379 &tre
1508 4323 1677 4380 reste'e
1712 4326 1782 4381 lez.
1863 4325 2054 4382 Calvia
2102 4341 2169 4381 ne
2202 4326 2377 4395 juqea

412 4407 520 4461 pas
555 4392 592 4446 ὰ
628 4406 839 4460 propos
872 4392 1064 4447 d'aller
1099 4409 1216 4448 aux
1261 4395 1578 4448 tribunam.
1666 4395 1711 4448 V
1779 4409 1839 4449 u
1878 4395 2012 4464 Rey.
2048 4394 2125 4449 du
2164 4394 2379 4450 Comeil

419 4477 534 4514 aua·
587 4459 636 4516 7.
681 4467 729 4514 61
779 4461 857 4515 10.
908 4460 1066 4516 Juin.
1142 4461 1363 4516 Ructat
1400 4463 1521 4526 (VI.
1565 4462 1683 4528 130)
1770 4467 1842 4518 it:
1896 4464 2001 4517 Les
2055 4464 2254 4517 6166666
2307 4465 2375 4517 (16

418 4533 721 4592 1166661166.
764 4531 832 4583 de
854 4530 1094 4600 Payerne
1132 4539 1186 4584 et
1220 4532 1289 4585 de
1308 4531 1535 4587 Thonon
1572 4533 1733 4585 flrent
1767 4549 1962 4586 encore
1989 4533 2057 4585 de
2094 4533 2375 4586 nouvelles

418 4601 693 4653 1611166666
745 4599 943 4670 666166
996 4600 1092 4652 des
1147 4601 1436 4670 Seigneurs
1488 4603 1556 4656 (16
1612 4601 1787 4655 Berne
1839 4603 1974 4655 daus
2042 4603 2119 4654 166
2181 4603 2374 4654 lettres

418 4667 643 4738 qu’elles
678 4669 971 4722 ecrivireut
1007 4669 1143 4722 deus
1181 4671 1325 4723 leurs
1360 4670 1688 4724 usemblees
1722 4671 1790 4724 de
1810 4671 2124 4739 PentecOte,
2160 4686 2373 4724 remon-

418 4743 571 4790 treut
619 4755 725 4806 quc
774 4739 819 4790 si
876 4738 978 4792 l'on
1017 4755 1075 4791 se
1129 4739 1453 4793 conformeit
1504 4757 1609 4793 eux
1661 4748 1845 4793 661166
1898 4740 2109 4809 eglises,
2166 4755 2374 4793 comme

416 4805 650 4868 Genere,
691 4823 830 4876 pour
868 4807 920 4860 16
955 4808 1219 4872 doctrine,
1256 4809 1338 4862 les
1376 4807 1702 4877 reglcmeuts
1738 4819 1794 4862 et
1830 4808 1907 4862 les
1944 4808 2275 4862 ceremonies
2312 4824 2372 4861 66

418 4876 587 4928 661611
624 4876 672 4928 le
699 4892 831 4946 vray
858 4892 1055 4946 moyen
1091 4875 1360 4946 d’apaiser
1395 4887 1519 4930 1666
1555 4879 1635 4931 166
1670 4879 1913 4931 troubles
1949 4884 2007 4931 et
2042 4878 2112 4930 de
2145 4878 2375 4930 retsblir

416 4943 617 4996 l’uuiou
657 4983 670 4998 .
712 4981 723 4994 .
763 4984 771 4994 .
815 4985 827 4997 .
868 4945 970 4998 Les
1007 4943 1297 5012 Seigneurs
1334 4946 1451 5000 leur
1486 4947 1841 5016 repondirent
1873 4948 1925 5000 le
1961 4947 2010 5000 9.
2033 4947 2229 5000 Juillet
2263 4947 2375 5000 fort

419 5013 748 5078 6666616661,
800 5031 904 5082 que
943 5013 1225 5083 puiequ‘ou
1264 5016 1380 5068 1661
1414 5017 1567 5070 croit
1600 5015 1699 5069 fait
1733 5017 1916 5068 saveir
1952 5016 2069 5068 leur
2102 5016 2371 5069 intention

416 5096 519 5148 per
567 5083 886 5150 rescription
933 5089 992 5135 et
1026 5083 1376 5137 166ηὰ616666
1422 5094 1479 5138 61
1515 5084 1675 5153 qu’ils
1723 5085 1931 5138 e'toient
1974 5084 2179 5138 reuolue
2214 5085 2248 5136 6
2282 5083 2372 5154 n'y

414 5150 535 5202 rien
585 5149 844 5217 elienger,
896 5151 963 5204 116
1008 5151 1125 5204 leur
1172 5151 1521 5206 defendoient
1554 5155 1622 5207 de
1668 5154 1748 5206 166
1796 5153 2136 5222 importuner
2170 5154 2369 5206 devan-

423 5225 551 5286 tage
587 5234 680 5270 661·
714 5233 775 5272 ee
812 5219 970 5287 sujet.
1027 5219 1276 5287 (1761666
1314 5221 1568 5275 Mica-B.
1601 5221 1644 5286 s.
1682 5221 1793 5288 58.)
1845 5225 2057 5276 Comme
2089 5223 2145 5276 la
2186 5222 2369 5276 Ρωεσ·

412 5285 530 5342 odu
565 5285 789 5341 tomba&
820 5294 952 5342 cm
986 5286 1159 5342 mie
1193 5307 1265 5344 61(
1292 5289 1341 5342 2.
1370 5289 1529 5356 Jun‘n,
1564 5307 1649 5346 ces
1670 5290 1983 5346 educaret-es
2005 5291 2373 5347 coincidaoent

410 5371 546 5411 avec
579 5356 637 5410 la
667 5354 913 5425 presente
944 5356 1110 5411 lem-e.

1967 426 2496 494 EPISTOLAE
2541 428 2967 491 2214—2216

4324 427 4449 492 632

2670 613 3052 679 Clarissimo
3110 611 3363 679 Christi
3421 634 3610 680 servo
3667 615 4007 680 Henricho
4028 672 4040 683 .
4062 614 4451 697 Bullingero

2497 701 2742 782 pastori
2779 698 3088 765 ecclesiae
3124 700 3482 784 Tigurinae
3525 722 3723 783 quam
3762 700 4157 779 fidelissimo,
4200 700 4449 786 insigni

2496 787 2738 868 pietate
2773 795 2842 850 et
2875 786 3016 867 pari
3054 784 3423 851 eruditione
3457 786 3754 869 praedito
3790 786 3984 851 fratri
4019 798 4088 852 et
4120 809 4450 871 symmys-

2498 884 2601 936 tae
2645 892 2836 954 quam
2886 872 3239 937 carissime.

4025 960 4276 1043 Tiguri.

2671 1128 2742 1193 S.
2823 1129 2957 1194 Per
3019 1130 3324 1194 iuvenem
3386 1131 3502 1212 qui
3557 1128 3663 1196 hic
3731 1131 3871 1215 agit
3935 1130 4188 1213 pridem
4247 1132 4326 1196 ad
4384 1144 4451 1197 te

2497 1214 2723 1278 literas
2767 1214 2935 1292 dedi,
2969 1216 3014 1302 ¹)
3059 1225 3128 1279 et
3169 1216 3471 1279 existimo
3515 1224 3579 1280 te
3621 1237 3733 1282 eas
3777 1218 4114 1299 recepisse.
4187 1217 4453 1283 Interea

2497 1300 2770 1365 exerciti
2807 1301 3052 1366 fuimus
3090 1302 3170 1367 ab
3207 1301 3538 1384 improbis,
3576 1303 3685 1384 qui
3711 1302 4073 1370 doctrinam
4113 1304 4373 1386 pietatis
4392 1304 4451 1388 2)

2497 1387 2685 1452 nobis
2729 1397 3028 1452 evertere
3072 1398 3474 1472 sategerunt,
3517 1388 3859 1470 siquidem,
3903 1391 3960 1454 si
4003 1411 4229 1455 eorum
4266 1412 4451 1455 error

2497 1473 2714 1538 locum
2784 1473 3088 1551 haberet,
3158 1474 3688 1538 iustificationem
3756 1478 4037 1560 gratiam
4102 1492 4168 1541 et
4230 1476 4452 1558 ipsum

2498 1558 2912 1643 evangelium
2959 1581 3112 1625 cum
3144 1558 3411 1625 Christo
3455 1570 3785 1643 oporteret
3827 1562 4179 1637 sublatum,
4224 1574 4290 1627 et
4330 1583 4452 1644 pro

2496 1645 2897 1710 exaltatione
2941 1645 3067 1710 Dei
3113 1645 3447 1710 hominem
3494 1657 3825 1728 oporteret
3865 1649 4253 1731 magnifieri.
4334 1648 4450 1712 In-

2497 1730 2676 1798 vidia
2720 1751 2847 1813 qua
2893 1731 3210 1809 Calvinae,
3271 1732 3548 1814 insignis
3592 1731 3844 1797 Christi
3886 1755 4139 1809 servus,
4201 1733 4453 1799 laborat

2496 1818 2668 1900 apud
2720 1818 2982 1894 multos,
3051 1830 3118 1882 et
3172 1818 3522 1895 immerito,
3581 1820 3862 1884 multum
3932 1840 4165 1884 causae
4219 1819 4449 1886 obfuit.

2495 1904 2701 1987 Digni
2739 1902 3004 1985 quidem
3040 1916 3194 1969 sunt
3231 1902 3588 1968 adversarii
3623 1907 3734 1987 qui
3770 1905 4010 1970 malam
4050 1905 4207 1970 mali
4242 1916 4452 1989 agunt

2496 2010 2780 2067 causam,
2825 2011 2945 2054 nec
2990 2010 3256 2073 possum
3293 1990 3455 2055 satis
3491 1991 3716 2055 mirari
3755 2004 4014 2056 tantum
4062 1992 4224 2075 ipsis
4259 2013 4450 2075 posse

2496 2076 2739 2141 favoris
2783 2076 3042 2159 uspiam
3089 2096 3250 2152 esse,
3297 2086 3362 2139 et
3406 2097 3481 2141 eo
3517 2088 3791 2141 ventum
3839 2078 4038 2144 fuisse
4082 2089 4158 2142 ut
4193 2090 4453 2161 praeter

2506 2161 2867 2238 veritatem,
2928 2174 2994 2226 et
3038 2183 3147 2226 eos
3191 2163 3300 2243 qui
3358 2183 3477 2245 pro
3520 2183 3600 2227 66
3657 2176 3938 2246 egerunt
3980 2174 4047 2228 et
4100 2174 4448 2239 steterunt,

2498 2247 2818 2311 hactenus
2863 2248 3046 2312 nulla
3103 2248 3478 2312 offendiculi
3541 2247 3764 2313 habita
3821 2251 4019 2314 fuerit
4078 2252 4265 2326 ratio,
4334 2250 4450 2315 sed

2495 2335 2706 2415 magis
2760 2334 3053 2414 quaesita
3109 2334 3309 2397 fuerit
3367 2336 3632 2400 occasio.
3723 2334 3943 2419 Supra
3999 2335 4264 2401 modum
4318 2335 4452 2419 pla-

2497 2420 2632 2485 cuit
2688 2420 2757 2482 in
2802 2420 2926 2484 hac
2970 2440 3167 2485 66666
3211 2420 3517 2485 Halteras
3571 2443 3720 2486 cum
3777 2422 4061 2505 collegis,
4121 2424 4233 2504 qui
4287 2442 4451 2487 una-

2499 2506 2707 2569 nimes
2771 2527 2887 2588 pro
2949 2506 3219 2570 veritate
3275 2506 3543 2571 Domini
3601 2521 3895 2589 egerunt.
3988 2506 4297 2572 Christus
4357 2509 4452 2573 eis

2496 2602 2808 2674 perpetuo
2856 2592 3042 2656 adsit.
3133 2590 3310 2671 Quid
3369 2592 3638 2656 tandem
3684 2603 3902 2658 actum
3948 2594 4032 2658 sit
4078 2616 4210 2658 non
4255 2593 4450 2659 intel·

2496 2679 2725 2754 lexi‚³)
2771 2700 2971 2760 quum
3017 2699 3208 2743 nemo
3245 2678 3408 2742 mihi
3445 2677 3697 2759 aliquid
3740 2680 4073 2745 indicarit:
4122 2681 4272 2746 licet
4314 2701 4448 2745 non

2497 2783 2730 2846 parum
2789 2785 3010 2847 angar,
3075 2772 3146 2827 ut
3202 2776 3449 2828 taceam
3509 2765 3588 2828 de
3639 2763 3917 2843 Calvino,
3981 2766 4203 2845 Vireto,
4260 2778 4326 2830 61
4369 2765 4450 2831 (16

2497 2850 2622 2932 piis
2667 2850 2811 2915 aliis
2855 2851 2964 2932 qui
3009 2872 3092 2913 ex
3138 2850 3357 2914 animo
3402 2850 3671 2915 student
3711 2851 3955 2934 gloriae
4001 2851 4274 2917 Christi.
4357 2853 4450 2916 Et

2499 2957 2584 2999 ne
2619 2936 2777 3019 quid
2818 2935 3026 3000 hostis
3063 2936 3354 3017 quietum
3395 2937 3585 3013 sinat,
3624 2939 3846 3019 gravis
3881 2938 4076 3002 ruina
4105 2939 4372 3003 Tossani
4396 2937 4450 3021 ⁴)

2499 3033 2757 3086 tantum
2806 3044 2936 3086 non
2983 3042 3086 3085 me
3131 3023 3410 3098 conficit,
3455 3032 3521 3086 et
3560 3022 3723 3086 nihil
3770 3034 3949 3108 patet
3983 3024 4158 3089 unde
4201 3024 4450 3090 consuli

2495 3110 2716 3190 possit.
2804 3109 2904 3173 Eo
2965 3110 3146 3172 venit
3212 3110 3548 3191 improbus
3607 3125 3681 3174 ut
3745 3113 3932 3192 parvi
3999 3110 4198 3176 faciat
4263 3113 4450 3176 inno-

2495 3208 2718 3259 centes
2774 3194 3088 3259 damnare
3147 3207 3212 3258 et
3278 3196 3501 3259 omnia
3561 3217 3642 3260 ex
3711 3198 3982 3262 arbitrio
4047 3209 4445 3280 pervertere.

2495 3281 2803 3345 Christus
2839 3300 3102 3345 causam
3140 3300 3327 3345 suam
3366 3292 3552 3347 curet
3587 3293 3653 3346 et
3698 3284 3834 3348 suis
3869 3282 4038 3348 adsit
4074 3297 4142 3348 et
4175 3286 4448 3350 miseros

2493 3377 2852 3431 convertat.
2890 3402 3572 3415 ——————
3612 3368 3921 3435 Neocomi
3956 3379 4016 3435 4.
4045 3368 4222 3434 Iunii
4269 3376 4447 3434 1555.

3500 3506 3684 3570 Τ666
3731 3515 3905 3571 16166
3949 3506 4272 3572 Farellus.

3356 4019 3547 4089 2216.

2929 4174 3429 4241 FARELLUS
3478 4175 4002 4242 BLAURERO.

2657 4343 2957 4426 Recoquit
3012 4365 3199 4412 suam
3254 4345 3540 4412 cramben
3605 4347 3680 4411 de
3746 4348 4023 4413 Tossano
4079 4354 4134 4413 et
4191 4348 4436 4414 nullum

2480 4449 2603 4494 non
2648 4430 2923 4510 lapidem
2966 4438 3154 4497 movet
3197 4439 3265 4496 ut
3309 4432 3623 4498 Blaurero
3652 4434 4035 4514 persuadeat
4077 4435 4435 4500 adeundum

2470 4515 3308 4682 {Srssffffdyardmm
3377 4520 3731 4600 principem
3795 4521 3906 4600 qui
3988 4520 4271 4585 ecclesiae
4334 4521 4438 4586 illi

2478 4774 2894 4895 (Autog3rsphon
2945 4782 3126 4829 exstet
3186 4776 3241 4829 16
3289 4775 3630 4829 Bibliotheca
3676 4777 3846 4830 oivio·
3893 4776 4001 4831 Seu
4092 4779 4230 4831 16661
4279 4778 4430 4831 1188.

2480 4841 2629 4895 Tom.
2701 4841 2748 4896 7.
2787 4844 2925 4913 Epp.
2966 4844 3106 4898 vul.
3142 4862 3195 4914 p.
3234 4843 3305 4898 32
3340 4845 3577 4914 pessimo
3623 4862 3726 4912 pro
3760 4863 3913 4901 more
3957 4863 4164 4900 cosmo
4199 4856 4256 4899 et
4302 4848 4432 4900 stilo

2476 5082 2746 5146 66161)
2784 5083 2865 5166 gv.
2897 5082 3054 5138 2185.
3195 5155 3206 5166 .
3318 5155 3330 5166 ⁸
3413 5155 3426 5165 ·

2678 5151 2740 5286 {3
2774 5152 3768 5291 ‘mig-„pgoessssffw'fi‘ffmm
3830 5225 3931 5280 hoe
3998 5226 4122 5293 ipso
4190 5232 4431 5294 uapore

2637 5290 2856 5426 fZS‘w.
2889 5358 3044 5415 2197.
3079 5359 3236 5414 2216.

2473 5291 2608 5346 data
