4850 6200
382 424 502 485 725

378 609 615 693 spiritu
702 630 822 674 suo
913 620 1103 692 regat
1194 618 1263 674 et
1340 608 1790 674 benedictione
1868 622 2319 692 prosequatur.

376 693 707 773 Genevae,
750 702 808 760 8.
856 696 1139 778 Augusti
1194 701 1373 759 1555.
1407 698 1461 776 ⁹)

1292 832 1572 896 Ioannes
1618 830 1937 897 Calvinus
1983 841 2154 896 tuus.

1251 1344 1451 1414 2267.

841 1498 1306 1565 CALVINUS
1353 1497 1857 1571 GARNERIO.

546 1671 909 1736 Minister-io
952 1671 1234 1735 abdicato
1269 1673 1407 1751 ipse
1441 1678 1627 1735 autor
1670 1678 1753 1733 vs!
1803 1678 1869 1733 ut
1911 1672 2177 1735 oblatum
2218 1692 2325 1738 no-

367 1778 519 1823 vum
561 1778 792 1821 munus
828 1758 1026 1835 adeat,
1071 1758 1300 1839 quippe
1340 1759 1451 1837 qui
1495 1758 1761 1821 mioris
1804 1759 2088 1821 momenti
2123 1757 2324 1838 officio

368 1864 497 1910 non
543 1844 822 1924 amplius
865 1844 1193 1909 obstrietus
1233 1844 1333 1908 sit.

368 2016 585 2085 (Edidit
619 2018 763 2069 Besa
801 2015 935 2070 Gen.
974 2015 1161 2083 p.171‚
1200 2016 1359 2068 Laus.
1395 2032 1445 2083 p.
1467 2014 1587 2080 351,
1623 2014 1833 2070 Hanov.
1868 2032 1918 2083 p.
1958 2014 2075 2077 393,
2115 2017 2325 2069 Chouet

1003 2102 1054 2153 p.
1091 2083 1210 2149 231,
1249 2088 1419 2138 Amst.
1457 2101 1509 2152 p.
1554 2082 1693 2148 106.)

544 2256 936 2339 Quanquam
1000 2278 1083 2320 ex
1153 2257 1284 2321 tuis
1321 2256 1528 2321 literis
1560 2264 1605 2327 ⁸)
1687 2258 1817 2319 iam
1881 2277 2083 2339 prope
2142 2257 2326 2321 nobis

366 2354 626 2409 certum
683 2352 840 2417 erat,
902 2353 967 2405 te
1020 2342 1394 2424 propediem
1439 2344 1659 2420 affore,
1698 2344 1853 2406 facit
1894 2351 2116 2407 tamen
2165 2343 2325 2407 haec

365 2428 652 2495 conditio
681 2440 946 2510 praeter
981 2449 1160 2509 spem
1201 2442 1468 2510 repente
1505 2427 1737 2507 oblata,
1766 2432 1823 2501 ²)
1871 2438 1945 2491 ut
1979 2429 2325 2494 eonsilium

368 2515 796 2600 profectionis
856 2524 921 2578 te
979 2524 1265 2578 mutasse
1325 2536 1451 2577 non
1513 2514 1735 2578 mirer.
1825 2514 1993 2577 Nam
2062 2524 2138 2578 ut
2181 2515 2324 2579 eius

366 2601 732 2683 captandae
800 2621 1133 2682 nunquam
1173 2600 1286 2664 tibi
1334 2600 1601 2664 fuissem
1638 2612 1848 2677 autor,
1893 2601 1983 2662 ita
2029 2619 2145 2663 cur
2190 2612 2323 2665 tam

368 2685 708 2753 commode
753 2709 827 2751 ae
874 2687 1259 2769 tempestive
1306 2688 1586 2750 oblatam
1635 2686 1973 2767 aspernari
2021 2684 2325 2751 debueris

366 2795 499 2838 non
560 2773 768 2837 video,
850 2773 976 2837 Est
1037 2793 1212 2836 emm
1282 2773 1629 2836 honestum
1696 2794 1938 2835 munus
1984 2772 2051 2834 in
2089 2794 2214 2854 quo
2260 2782 2326 2836 te

365 2860 624 2924 utiliter
688 2880 1009 2923 exerceas.
1107 2858 1336 2939 Neque
1394 2859 1460 2921 in
1520 2858 2095 2939 reprehensionem
2155 2856 2327 2922 cadit

365 2946 669 3019 mutatio,
710 2966 872 3026 quae
917 2944 1294 3008 voluntaria
1336 2965 1485 3021 non·
1512 2956 1627 3006 est.
1690 2944 1835 3008 Tibi
1881 2956 2110 3025 sponte
2156 2965 2325 3008 nun·

364 3052 567 3115 quam
612 3029 970 3094 deserenda
1004 3030 1126 3094 fuit
1171 3032 1382 3094 statie.
1472 3030 1663 3094 Nunc
1705 3029 1962 3111 quando
2007 3030 2327 3095 violenter

366 3118 449 3183 ab
499 3140 575 3181 ea
622 3118 907 3182 deiectus
953 3138 1042 3192 eS,
1085 3116 1431 3198 quominus
1475 3138 1736 3198 operam
1785 3128 1964 3180 tuam
2014 3117 2325 3197 privatim

366 3203 896 3270 adolescentibus
956 3203 1086 3268 illis
1145 3202 1454 3267 docendis
1516 3202 1877 3285 impendas,
1938 3203 2122 3266 nulla
2158 3203 2324 3267 ratio

363 3290 661 3372 impedit
736 3289 924 3365 Aula,
964 3288 1277 3370 quamdiu
1323 3299 1388 3352 te
1425 3288 1701 3353 ecelesia
1742 3291 2008 3353 tenebat
2050 3290 2323 3354 obstric-

363 3383 532 3450 tum,
581 3396 709 3439 non
758 3376 885 3439 fuit
928 3374 1323 3457 appetenda:
1372 3397 1545 3439 nunc
1601 3396 1760 3439 vero
1803 3376 1930 3438 alia
1975 3387 2074 3440 est
2132 3375 2323 3439 liber-

363 3469 491 3527 tas,
583 3460 954 3541 Quominus
1020 3464 1241 3541 itaque
1300 3483 1339 3524 a
1406 3460 1662 3544 publico
1730 3482 2005 3525 munere
2072 3463 2323 3525 solutus

360 3548 773 3633 provinciam
823 3558 890 3611 et
932 3559 1223 3612 sanctam
1267 3557 1335 3610 et
1369 3569 1409 3611 a
1453 3568 1578 3628 qua
1613 3547 1973 3629 sperandus
2011 3557 2112 3610 est
2147 3545 2322 3611 fruc-

362 3643 478 3699 tus
536 3635 872 3716 suscipias,
942 3633 1212 3696 minime
1260 3631 1620 3697 dissuadeo.
1702 3633 1839 3697 Nec
1890 3633 2214 3697 Farellum
2257 3644 2323 3695 et

373 3720 662 3786 Viretum
708 3717 886 3783 aliud
922 3739 1228 3783 sensuros
1269 3720 1598 3782 existimo:
1639 3739 2005 3800 quanquam
2044 3720 2097 3782 si
2145 3718 2320 3783 aliud

360 3806 710 3873 consilium
778 3803 1096 3881 dederint,
1140 3804 1290 3868 nolo
1334 3805 1498 3868 mihi
1542 3806 1964 3886 obtemperes.
2050 3803 2320 3881 Verum,

357 3893 416 3958 si
464 3905 643 3957 recte
688 3889 929 3967 divin0,
993 3911 1117 3954 non
1166 3903 1362 3954 erunt
1418 3903 1553 3953 tam
1612 3890 1853 3954 austeri
1902 3902 1977 3953 ut
2021 3901 2085 3953 te
2130 3912 2318 3954 revo-

357 3989 532 4044 cent.
622 3977 810 4052 Vale,
878 3977 1300 4059 integerrime
1365 3977 1583 4040 frat-cr.
1678 3976 2000 4039 Dominus
2062 3993 2124 4038 te
2168 3999 2319 4040 con-

252 4077 259 4086 ’
356 4064 493 4130 silii
532 4064 765 4146 spiritu
812 4075 1015 4145 regat.
1045 4064 1287 4126 virtute
1324 4074 1667 4138 sustentet,
1710 4061 2155 4126 benedictione
2200 4082 2320 4126 sua

356 4149 601 4216 foveat.
654 4154 884 4213 Amen.
953 4149 1187 4212 Saluta
1233 4170 1496 4210 uxorem
1546 4156 1613 4211 et
1655 4147 1913 4212 amieos.
1984 4147 2317 4224 Genevae,

357 4240 418 4301 8.
474 4237 775 4317 Augusti.
836 4241 1007 4297 1555.

1286 4372 1565 4435 Ioannes
1606 4371 1922 4435 Calvinus
1968 4386 2139 4437 tuus.

569 4577 624 4636 9)
661 4576 822 4631 Diem
861 4584 910 4629 et
945 4594 1145 4629 annum
1188 4577 1403 4629 addidit
1441 4579 1627 4628 editor.

358 4645 549 4701 2267.
580 4646 637 4710 l)
672 4647 966 4713 deperditis
1003 4653 1049 4697 et
1092 4645 1165 4697 N.
1205 4645 1342 4697 2232
1376 4647 1777 4699 rocentirmbus.

569 4714 632 4778 2)
675 4715 941 4768 &anterii
970 4713 1089 4779 fara
1179 4722 1257 4766 ost
1295 4715 1686 4776 abdicationem
1726 4714 2018 4767 ministerii
2056 4717 2316 4781 Aryento-

356 4783 604 4840 ratensis
638 4799 808 4852 usque
842 4784 971 4836 dum
999 4782 1130 4836 Mar
1170 4786 1293 4850 αι’-φ’
1323 4787 1715 4850 professionem
1750 4784 2097 4846 theoloqv‘cam
2134 4799 2314 4850 capes-

358 4860 503 4908 seret
517 4870 629 4907 non
650 4854 870 4906 omnino
888 4854 1043 4904 nobis
1062 4855 1249 4919 &quota
1267 4859 1412 4906 sunt.
1464 4853 1556 4905 Ex
1575 4854 1678 4906 hae
1702 4861 1890 4905 nostra
1911 4852 2141 4918 epistola
2160 4854 2316 4906 nobis

359 4923 692 4982 intellexisse
742 4921 989 4976 videmur
1040 4940 1153 4973 cum
1201 4922 1615 4976 adolescentium
1671 4920 2017 4990 quorundam
2068 4923 2131 4974 in
2182 4922 2315 4975 aula

358 4990 622 5047 hactiaco
650 4989 1029 5058 paedaqoqum
1062 4989 1270 5055 factum
1306 5007 1431 5044 esse.
1492 4991 1667 5044 Plura
1701 4989 1872 5055 infra.

2071 423 2229 484 1556
2276 416 2672 487 AUGUS'P.

4263 424 4389 486 72⁶

3308 608 3511 681 affl.

2920 763 3390 832 CALVINUS
3433 763 3897 832 FARELLO.

2611 933 2968 1001 Consilium
3024 938 3162 1000 eius
3217 937 3368 1003 adeo
3411 926 3834 1019 perhorrescit
3885 942 3956 1002 ut
4017 938 4223 1022 ’καρίς
4264 958 4392 1005 non

2422 1021 2647 1101 possit.
2740 1020 2869 1087 Res
2907 1021 3513 1105 Monsbelyardenses
3571 1023 3766 1089 obiter
3806 1024 4077 1107 attinyit.

2434 1192 2542 1259 (Ex
2590 1194 2927 1262 autographo
2976 1154 3104 1274 bod.
3150 1191 3353 1273 Genev.
3390 1191 3536 1274 {0:7⁸3
3573 1192 3664 1247 fol.
3701 1192 3827 1261 1183
3878 1211 4108 1275 quocum
4151 1195 4388 1276 conferri

2432 1269 2731 1384 attat?
2756 1261 3711 1385 &ztfftffiffiffffi”{3¹⁸‘tsltssaiz¹·
3728 1261 3849 1385 <³³33
3871 1281 3940 1385 {2¹¹
3975 1263 4387 1386 Qirffffiffl

2782 1406 2838 1453 et
2874 1400 2995 1453 VII.
3037 1418 3088 1469 p.
3126 1399 3211 1466 29,
3249 1370 3485 1468 dehique
3521 1400 3736 1454 Simleri
3775 1401 3889 1455 Vol.
3922 1348 4043 1465 gg.)
4187 1349 4245 1401 p·

2432 1570 2699 1635 Eximio
2747 1571 2895 1636 Iesu
2931 1571 3182 1636 Christi
3226 1590 3419 1636 servo
3443 1570 3801 1637 Guillelmo
3838 1571 4102 1637 Farello
4144 1572 4388 1638 Neoco·

2432 1659 2674 1721 mensis
2741 1656 3051 1722 ecclesiae
3118 1655 3247 1721 fido
3293 1659 3538 1741 pastori
3597 1658 3786 1723 fratri
3846 1668 3912 1723 et
3977 1667 4389 1743 symmystae

3160 1763 3314 1807 vere
3359 1741 3648 1809 colendo.

2605 1911 2675 1979 S.
2749 1911 2949 1979 Valde
3004 1914 3281 1980 miratus
3346 1938 3521 1994 sum,
3589 1916 3836 1998 optime
3898 1916 4128 1995 frater,
4184 1936 4388 1998 quum

2431 2000 2598 2064 mihi
2669 2013 2854 2062 tuum
2914 2000 3262 2065 eonsilium
3330 2003 3632 2084 exposuit
3694 2001 4045 2079 Gallasius,
4107 2010 4182 2066 ut
4226 2021 4392 2085 opus

2432 2106 2689 2149 summo
2736 2085 3145 2150 laboreame
3181 2087 3544 2171 expolitum
3587 2106 3933 2169 porcorum
3967 2086 4196 2152 rostris
4239 2086 4391 2151 sub·

2433 2172 2696 2236 iicerem
2759 2173 3038 2254 turpiter
3094 2183 3160 2236 et
3211 2173 3676 2237 contumeliose
3745 2172 4196 2247 lacerandum,
4257 2193 4395 2236 non

2431 2259 2576 2321 sine
2622 2256 2853 2323 acerbo
2891 2278 3035 2322 meo
3071 2256 3293 2324 dolore
3329 2268 3396 2323 et
3437 2279 3663 2324 eorum
3711 2258 3848 2323 risu
3900 2278 3976 2323 ac
4016 2260 4243 2324 sannis
4279 2259 4388 2341 qui

2432 2365 2620 2407 suam
2687 2345 2754 2407 in
2816 2365 2932 2407 nos
2988 2345 3452 2409 scurrilitatem
3497 2342 3788 2427 quotidie
3833 2344 4078 2425 absque
4114 2344 4392 2409 materia

2429 2444 2754 2493 exercent.
2837 2429 3063 2510 Usque
3127 2429 3373 2495 adeone
3441 2430 3667 2494 servili
3726 2430 3991 2513 ingenio
4038 2430 4157 2494 tibi
4202 2431 4387 2496 visus

2431 2536 2598 2593 sum,
2638 2526 2710 2577 ut
2745 2526 2977 2597 sponte
3023 2515 3434 2598 plausibilem
3477 2515 3708 2580 ludum
3755 2537 3978 2580 eorum
4017 2517 4388 2598 proterviae

2428 2601 2897 2683 suggererem?
2940 2599 3074 2665 Sed
3111 2602 3259 2667 vide
3295 2611 3621 2681 quantum
3658 2600 4024 2684 profeceris.
4097 2602 4206 2668 Me
4255 2602 4389 2667 vita

2436 2686 2557 2749 hae
2613 2687 2944 2768 privatum
3005 2708 3148 2751 esse
3199 2689 3464 2752 mallem
3508 2708 3708 2770 quam
3753 2687 4003 2752 Christi
4047 2687 4389 2752 ecclesiam

2437 2771 2636 2836 huius
2700 2773 2832 2836 mei
2911 2773 3151 2838 laboris
3215 2776 3449 2839 fructu.
3563 2771 3637 2838 Si
3707 2784 3928 2837 tamen
3993 2773 4389 2837 alterutrum

2431 2878 2695 2922 neeesse
2739 2859 2921 2935 foret,
2989 2860 3203 2941 potius
3248 2860 3552 2924 manibus
3596 2861 3760 2923 meis
3803 2860 3873 2922 in
3920 2859 4139 2941 ignem
4186 2858 4389 2925 eonii-

2432 2965 2643 3008 eerem
2681 2944 2844 3007 illud
2869 2944 3183 3027 quidquid
3228 2955 3329 3009 est
3363 2966 3513 3010 mea
3548 2966 3706 3010 cura
3727 2944 4151 3023 elaboratum,
4189 2965 4390 3027 quam

2428 3031 2710 3095 facerem
2755 3029 2925 3113 quod
2983 3031 3385 3114 praescribis.
3423 3036 3474 3110 ¹)
4410 3090 4418 3100 .

2609 3117 2790 3180 Bene
2834 3118 3097 3200 quidem
3138 3118 3377 3185 accidit
3417 3118 3589 3201 quod
3633 3137 3737 3183 res
3780 3119 3913 3183 iam
3957 3118 4218 3201 integra
4259 3136 4390 3182 non

2432 3213 2593 3277 erat,
2664 3202 2817 3266 dum
2888 3203 3122 3268 allatae
3192 3215 3351 3269 sunt
3415 3212 3568 3270 tuae
3635 3203 3882 3268 literae.
3970 3203 4119 3267 Hac
4161 3211 4388 3267 tamen

2431 3289 2852 3354 excusatione
2914 3312 3042 3354 non
3109 3302 3279 3367 utor,
3341 3291 3493 3374 quia
3547 3290 3831 3372 ingenue
3888 3288 4182 3373 profiteri
4228 3288 4389 3353 libet

2428 3373 2598 3456 quod
2653 3376 2784 3438 fert
2833 3375 3109 3452 animus,
3170 3376 3332 3440 mihi
3387 3376 3605 3459 potius
3663 3376 3959 3459 linguam
4010 3386 4076 3439 et
4119 3395 4387 3439 manum

2428 3474 2760 3524 exsectum
2808 3461 2908 3538 iri,
2957 3482 3153 3545 quam
3191 3472 3263 3526 ut
3308 3461 3389 3526 ad
3414 3461 3791 3526 dictandum
3840 3460 3939 3526 vel
3965 3459 4384 3525 scribendum

2427 3546 2596 3628 quod
2660 3560 2722 3609 te
2789 3567 3024 3629 cupere
3090 3547 3379 3612 ostendis
3445 3569 3551 3613 me
3617 3546 3854 3612 adduci
3901 3547 4130 3630 patiar,
4178 3544 4386 3611 donec

2427 3633 2659 3696 saltem
2717 3654 2820 3696 res
2881 3634 2947 3695 in
2994 3634 3227 3699 melius
3270 3635 3404 3698 sint
3448 3642 3760 3698 mutatae.
3849 3632 4217 3698 Plus·satis
4262 3631 4381 3696 du-

2427 3739 2577 3781 rum
2638 3729 2755 3794 est,
2817 3720 3094 3802 superbe
3138 3741 3242 3783 me
3310 3720 3392 3784 ab
3447 3721 3576 3784 illis
3624 3727 3692 3784 et
3735 3718 4090 3784 crudeliter
4133 3718 4382 3797 vexari,

2428 3811 2503 3868 ut
2561 3825 2736 3868 nova
2801 3807 3040 3888 probra
3096 3805 3258 3869 mihi
3304 3827 3432 3870 non
3472 3825 3817 3872 accersam.
3898 3804 4069 3869 Nam
4116 3815 4184 3868 et
4225 3804 4386 3868 ridi—

2425 3889 2610 3954 culus
2655 3912 2862 3955 essem
2909 3892 3223 3973 improbis
3268 3903 3333 3956 et
3377 3893 3661 3958 cordatis
3706 3889 3992 3975 putidus.
4085 3888 4282 3968 Quod
4326 3889 4385 3955 si

2426 3977 2624 4038 etiam
2684 3978 3016 4042 stomacho
3067 3989 3293 4060 peetus
3348 4000 3566 4042 meum
3615 3987 3887 4056 careret,
3934 3998 4242 4059 quorsum
4279 3985 4383 4041 ta·

2426 4083 2574 4124 men
2645 4064 2882 4127 attinet
2945 4084 3050 4127 me
3116 4063 3341 4127 invitis
3386 4085 3535 4128 eum
3579 4064 3843 4146 ingrato
3888 4073 3956 4127 et
3995 4083 4190 4126 exoso
4234 4082 4381 4125 mu-

2425 4168 2582 4210 nere
2627 4147 3019 4213 obtrudere?
3069 4149 3340 4215 Utinam
3379 4171 3538 4214 vero
3576 4151 3656 4215 ab
3692 4149 3799 4212 his
3844 4147 4158 4213 molestiis
4202 4157 4380 4228 post-

2423 4231 2547 4297 hac
2594 4233 2752 4296 mihi
2791 4232 3420 4300 deturimmunitas:
3467 4234 3638 4318 quod
3676 4237 3810 4311 flet,
3856 4233 3912 4297 si
3957 4232 4124 4296 nihil
4169 4234 4381 4315 scrip-

2418 4339 2585 4382 sero,

2595 4404 2676 4469 In
2734 4405 3041 4469 eeclesiae
3079 4404 3723 4488 Monsbelgardensis
3744 4407 3799 4480 ²)
3857 4402 4140 4468 levanda
4193 4403 4379 4469 clade

2423 4492 2664 4556 tentari
2729 4491 3026 4572 equidem
3094 4491 3337 4575 aliquid
3404 4491 3610 4574 cupio,
3673 4502 3739 4555 et
3797 4489 4014 4571 placet
4070 4499 4375 4572 opportu-

2423 4576 2594 4642 nitas
2647 4580 2703 4640 si
2752 4575 2832 4641 ad
2878 4577 3144 4659 nuptias
3191 4578 3493 4642 venerint
3533 4576 3978 4659 Landyravius
4020 4583 4087 4639 et
4149 4574 4377 4642 Wirte-

2419 4662 2747 4745 beryemsis.
2839 4662 3016 4728 Besa
3075 4664 3277 4728 etiam
3342 4685 3446 4728 me
3519 4661 3600 4727 de
3663 4661 3974 4745 rogandis
4038 4661 4378 4746 Tigurinis

2419 4747 2877 4813 admonuerat:
2941 4750 3050 4814 sed
3098 4750 3253 4834 quia
3296 4748 3520 4832 procul
3566 4747 3812 4826 absum,
3871 4769 3989 4813 nec
4033 4747 4168 4812 ulla
4207 4747 4379 4813 mihi

2424 4907 2568 4913 -—--..
2647 4907 2812 4914 --...—

2418 5004 2608 5060 2268.
2633 5007 2659 5058 1
2725 5005 2813 5059 De
2885 5022 3081 5058 aonam
3129 5020 3229 5057 suo
3276 5020 3434 5071 opere
3482 5004 3569 5058 hic
3613 5005 3871 5073 loquatur
3902 5002 4060 5057 nobis
4104 5018 4217 5056 non
4251 5019 4383 5058 con·

2418 5082 2545 5128 stat.
2600 5076 2653 5127 A
2675 5081 2791 5128 tera
2866 5075 3069 5138 eleusio
3095 5072 3408 5127 Commu-³
3442 5072 3649 5125 dudum
3682 5073 3833 5126 edita
3864 5078 4001 5139 erat,
4036 5071 4214 5125 altera
4236 5089 4378 5128 non·

2420 5143 2548 5197 dum
2585 5144 2860 5211 inchoata,
2896 5150 2947 5197 et
2980 5144 3240 5196 hactenus
3272 5140 3505 5196 Kirehh.
3536 5157 3595 5209 p.
3635 5140 3734 5194 131
3780 5142 3938 5196 nobis
3970 5156 4087 5194 rem
4120 5156 4227 5196 acu
4261 5144 4379 5197 tea·-

2416 5213 2564 5281 9isse
2595 5228 2709 5266 non
2743 5211 2974 5266 videtur.
3028 5209 3118 5265 De
3141 5210 3537 5266 Commentario
3572 5225 3701 5266 vero
3735 5215 3796 5265 in
3821 5209 4077 5265 Psalmos
4113 5225 4382 5267 censurae

2418 5282 2758 5336 subiicienda
2792 5296 2862 5334 ne
2894 5297 2955 5335 co
3006 5281 3015 5291 '
3072 5280 3130 5333 ri
3160 5280 3376 5349 quidem
3406 5284 3598 5348 potest.

2624 5349 2683 5416 2)
2724 5347 2808 5414 Cf.
2843 5348 2911 5404 N.
2947 5293 3101 5403 gigno.
