4850 6200
512 412 639 479 675

510 598 909 667 conscientia
948 617 1099 664 mea
1139 617 1246 662 me
1298 595 1679 663 sustentabo
1719 603 1789 661 et
1821 594 2217 671 consolabor,
2262 614 2459 676 quam

510 706 634 833 &o
653 683 918 784 Christo
939 684 1256 783 servatori
1281 693 1502 749 nostro
1521 703 1629 747 me
1651 678 2160 765 approbaturum
2184 678 2457 745 confido.

580 770 699 835 ale.
781 767 945 835 Idib.
990 768 1148 834 Iulu
1183 779 1259 834 Μ.
1302 777 1370 833 D.
1413 777 1526 833 LV.

1735 903 1973 969 Franc.
2018 900 2375 968 Duarenus
2456 892 2462 899 ’

1782 1010 1864 1053 ex
1902 989 2123 1053 animo
2156 997 2329 1054 tuus.

1389 1551 1588 1621 2242.

962 1703 1540 1772 HOTOMANUS
1587 1703 2023 1779 OALVINO.

696 1874 1025 1942 Occasione
1053 1876 1302 1959 privati
1334 1877 1607 1943 alieuius
1648 1877 1871 1960 myobii
1913 1896 2101 1941 suam
2133 1898 2284 1962 crya
2318 1898 2461 1943 eum

514 1962 969 2115 mutiam
987 1963 1363 2028 commendat
1406 1968 1461 2029 et
1503 1965 1639 2028 eius
1669 1961 2133 2029 benevolentiam
2163 1963 2460 2030 laudibus

789 2218 894 2285 <nx
930 2219 1268 2288 autogr-pho
1304 2218 1434 2273 cod.
1472 2219 1709 2273 Gothani
1744 2219 1866 2288 405,
1901 2182 1990 2273 1³01.
2032 2217 2172 2285 132.)

680 2388 1062 2456 Clarissimo
1104 2391 1248 2455 viro
1293 2390 1376 2455 D.
1421 2390 1653 2455 Ioanni
1699 2390 2015 2542 Calvum}3

2017 2496 2280 2541 enevae.

680 2647 828 2711 Etsi
873 2648 1038 2713 mihi
1101 2648 1460 2732 perexigua
1519 2648 1768 2725 notitia,
1815 2646 2230 2713 familiaritas
2263 2647 2458 2730 plane

506 2731 692 2798 nulla
734 2740 836 2797 est
878 2754 1023 2799 cum
1073 2734 1153 2798 D.
1206 2733 1473 2812 Poterio,
1534 2731 1904 2800 faciendum
1963 2741 2184 2799 tamen
2228 2736 2458 2817 putavi

504 2828 583 2883 ut
614 2818 711 2882 illi
754 2839 873 2901 per
916 2820 1139 2885 literas
1184 2822 1430 2904 gratias
1466 2840 1747 2904 agerem.
1836 2819 1969 2884 Eas
2012 2827 2229 2884 autem
2271 2819 2353 2884 ad
2389 2830 2458 2884 te

506 2905 658 2969 misi
701 2903 1114 2970 humanitate
1158 2906 1225 2969 in
1283 2926 1386 2970 me
1431 2914 1548 2970 tua
1592 2906 1816 2981 fretus,
1882 2912 1973 2979 ut,
2020 2908 2072 2971 si
2119 2904 2241 2971 tibi
2283 2927 2457 2972 eom-

506 2989 772 3055 modum
820 3000 941 3068 est,
989 2991 1306 3074 perlectas
1342 2992 1401 3055 ei
1447 2990 1632 3056 reddi
1676 2992 1900 3056 iubeas
1934 3001 2047 3056 aut
2088 2993 2242 3077 igne
2286 3013 2458 3059 com-

506 3076 724 3142 buras.
804 3075 977 3141 Rem
1015 3084 1236 3141 autem
1274 3086 1347 3142 ut
1391 3087 1836 3161 persequatur,
1882 3098 2091 3161 neque
2126 3078 2310 3144 illum
2358 3100 2459 3144 ro-

508 3182 667 3247 gare
704 3182 850 3226 sum
901 3183 1117 3240 ausus,
1177 3183 1386 3245 neque
1431 3171 1504 3228 ιιι
1544 3163 1612 3227 id
1656 3165 1939 3229 facerem
1982 3164 2215 3230 adduci
2256 3165 2456 3248 potui,

508 3267 624 3331 spe
657 3267 925 3330 prorsus
961 3249 1136 3313 omni
1173 3247 1542 3314 destitutus.
1616 3250 1971 3315 Praeterea
2008 3271 2113 3315 me
2147 3270 2459 3333 measque

508 3352 738 3398 omnes
772 3333 1057 3399 rationes
1094 3346 1244 3398 tuae
1287 3333 1437 3399 fidei
1474 3355 1550 3400 ac
1582 3335 1890 3419 potestati
1924 3336 2235 3401 commisi.
2293 3337 2458 3401 Per·

512 3419 702 3502 spexi
745 3419 917 3483 enim
945 3420 1231 3503 quinque
1255 3421 1385 3484 iam
1408 3421 1586 3504 ipsos
1609 3441 1839 3498 annos,
1884 3421 1952 3485 id
1995 3431 2097 3487 est
2118 3428 2458 3505 postquam

510 3504 640 3569 huc
675 3505 1119 3588 commigravi,
1160 3505 1274 3571 sed
1315 3508 1600 3572 maxime
1635 3529 1718 3572 ex
1754 3507 1885 3573 tuis
1921 3509 2262 3591 postremis
2306 3528 2459 3573 sua-

508 3589 798 3656 vissimis
842 3592 1431 3676 amantissimisque
1470 3593 1697 3671 literis,
1741 3614 1847 3660 me
1893 3593 2011 3659 tibi
2051 3614 2247 3659 curae
2292 3613 2456 3660 esse.

507 3675 834 3742 Dominus
856 3696 976 3759 pro
1020 3697 1142 3742 sua
1162 3677 1607 3745 misericordia
1652 3680 1970 3764 singulari
1990 3680 2158 3744 faxit
2190 3687 2265 3745 ut
2286 3678 2460 3744 hanc

510 3782 723 3826 meam
790 3770 1071 3827 aetatem
1135 3764 1231 3828 ita
1298 3764 1568 3831 honeste
1634 3774 1700 3829 et
1756 3765 2115 3848 prudenter
2151 3785 2345 3849 agam
2386 3765 2460 3829 in

508 3848 714 3930 ipsius
750 3847 1038 3926 ecclesia,
1078 3869 1161 3913 ne
1196 3858 1260 3914 te
1283 3871 1575 3933 unquam
1619 3859 1771 3916 tuae
1805 3851 1999 3917 istius
2030 3852 2102 3915 in
2124 3871 2231 3915 me
2266 3849 2459 3917 bene-

510 3932 838 3999 volentiae
879 3934 1230 4017 poeniteat.
1314 3935 1656 4020 Equidem,
1721 3936 1915 4002 modo
1980 3943 2059 4001 ut
2098 3938 2239 4020 ipse
2280 3936 2460 4016 velit,

513 4017 683 4085 dabo
753 4038 1019 4102 operam
1079 4027 1152 4085 ut
1211 4021 1522 4087 beneficia
1578 4023 1645 4086 in
1689 4043 1798 4087 me
1856 4032 1967 4087 tua
2009 4044 2348 4106 nunquam
2390 4024 2463 4088 in

511 4104 847 4170 hominem
905 4105 1241 4190 ingratum
1300 4115 1367 4172 et
1410 4109 1856 4173 immemorem
1899 4107 2134 4175 collata
2176 4130 2319 4175 esse
2362 4109 2462 4176 vi-

514 4189 812 4256 deantur.
907 4190 1075 4257 Peto
1126 4194 1328 4277 igitur
1382 4194 1497 4259 abs
1551 4204 1633 4271 te,
1688 4194 1781 4258 mi
1839 4193 2101 4260 domine
2156 4203 2224 4260 et
2277 4204 2464 4277 pater

510 4277 756 4360 optime
788 4289 983 4360 atque
1005 4278 1468 4355 amantissime,
1511 4288 1586 4344 ut
1617 4278 1880 4362 quando
1921 4301 2029 4347 me
2071 4287 2189 4345 tua
2230 4289 2464 4364 sponte

514 4362 585 4427 in
630 4361 831 4427 fidem
874 4383 914 4428 a
984 4385 1068 4429 ue
1114 4364 1465 4430 amicitiam
1501 4366 1801 4448 recepisti
1847 4373 2047 4446 tuam,
2096 4367 2153 4431 si
2197 4387 2304 4431 me
2347 4365 2467 4430 tibi

515 4468 661 4513 eam
705 4469 902 4533 quam
990 4450 1148 4516 ebeo
1206 4459 1542 4533 praestare
1588 4451 2073 4518 observantiam
2130 4451 2464 4536 intelligis,

515 4545 589 4599 tu
634 4555 739 4599 me
802 4555 880 4600 ea
985 4557 1073 4601 ua
1126 4537 1474 4602 instituisti
1528 4536 1982 4603 benevolentia
2034 4538 2335 4622 prosequi
2379 4558 2465 4602 ne

510 4619 796 4686 desinas.
854 4555 1040 4686 Vale.
1109 4622 1502 4689 Lausannae
1542 4620 1769 4690 Idibus
1812 4621 1971 4690 Iulii
2014 4629 2194 4689 1555.

1530 4758 2000 4828 Deditissimus
2038 4760 2157 4826 tibi

1399 4845 1792 4912 Franciscus
1836 4845 2269 4912 Hotomanus.

1298 5139 1701 5151 ——.-..——.

2015 404 2540 473 EPIS'POLAE
2581 407 3004 470 2241—2243

4385 400 4509 462 676

3434 587 3636 659 ΜΒ.

2956 741 3426 815 GALVINUS
3469 739 4102 809 BULLINGERO.

2741 916 2991 983 Relatio
3023 915 3372 983 accuratior
3404 913 3726 980 seditionis
3773 911 4168 978 Genevensie.

2570 1088 2794 1153 (Exstat
2827 1105 2990 1142 manu
3022 1086 3305 1141 lonvillaei
3351 1085 3556 1166 scripta
3601 1084 3655 1136 iu
3692 1083 3820 1137 Cod.
3857 1082 4061 1138 Genev.
4098 1081 4240 1149 107⁸,
4276 1082 4373 1137 fol.
4410 1081 4511 1137 103

2567 1166 2623 1210 et
2659 1158 2715 1210 in
2755 1157 2914 1211 Arch.
2952 1156 3153 1211 Gener.
3189 1153 3377 1208 Pisces
3423 1153 3551 1208 lust.
3587 1150 3742 1205 1569.
3780 1179 3844 1188 —
3881 1151 4104 1205 Partem
4151 1152 4512 1221 posteriorem

2566 1226 2740 1279 edidit
2775 1227 2915 1280 Beza
2948 1224 3079 1280 Gen.
3106 1222 3221 1291 163,
3257 1223 3418 1276 Laus.
3452 1238 3505 1291 p.
3525 1219 3645 1286 343,
3678 1221 3819 1275 Han.
3853 1219 4048 1290 p.384,
4078 1220 4289 1274 Chouet
4315 1219 4511 1290 p.219‚

2565 1296 2739 1350 Amet.
2768 1294 2885 1348 101.
2963 1293 3117 1349 Unde
3150 1300 3498 1358 sumpserunt
3529 1290 3829 1344 translator
3863 1290 4088 1359 gallicu
4110 1289 4291 1343 Berol.
4328 1306 4380 1359 p.
4412 1287 4511 1342 19⁷

2765 1369 2822 1417 et
2855 1364 3062 1432 Anglus
3097 1361 3307 1416 Philad.
3344 1378 3396 1429 p.
3434 1356 3535 1413 192
3569 1360 3701 1413 item
3738 1358 4001 1414 simlerus
4036 1357 4160 1412 Vol.
4197 1357 4306 1422 85.)

2735 1532 2806 1600 S.
2871 1531 3267 1616 Quanquam
3318 1532 3479 1597 satis
3538 1553 3577 1596 a
3623 1538 3805 1615 paret
3853 1551 3988 1595 non
4044 1537 4305 1595 tantum
4363 1528 4511 1595 odio

2564 1618 2791 1685 ardere
2836 1619 3083 1686 vicinos
3128 1625 3379 1684 vestros
3401 1621 3453 1693 ¹)
3499 1638 3568 1682 se
3666 1615 3797 1682 illis
3841 1617 4127 1682 crevisse
4169 1614 4511 1682 audaciam

2563 1707 2694 1771 imo
2738 1704 2913 1771 rabie
2955 1704 3238 1789 quadam
3299 1701 3547 1787 impelli
3613 1709 3686 1767 ut
3742 1722 3970 1767 omnes
4009 1700 4284 1768 nocendi
4327 1720 4510 1767 occa-

2563 1792 2781 1857 siones
2823 1798 3159 1875 quaerant,
3198 1790 3525 1855 Dominus
3558 1795 3780 1853 tamen
3814 1796 3890 1853 ut
3920 1808 4110 1871 spero
4141 1786 4320 1852 hunc
4352 1807 4510 1870 quo-

2564 1898 2690 1961 que
2721 1878 3041 1960 impetum
3083 1876 3361 1960 franget.
3440 1872 3634 1955 Quod
3674 1875 3732 1940 si
3765 1873 4056 1958 mitigari
4099 1894 4230 1939 non
4273 1875 4512 1955 poterit

2563 1963 2819 2028 malitia
2859 1969 2929 2026 et
2972 1962 3284 2046 pravitas,
3341 1962 3453 2045 qui
3513 1971 3732 2026 tamen
3793 1982 3829 2025 e
3872 1959 4047 2026 coelo
4092 1958 4305 2025 ridere
4343 1958 4512 2026 solet

2563 2049 2910 2114 hominum
2953 2049 3342 2131 superbiam,
3391 2046 3696 2112 discutiet
3738 2044 4067 2129 improbos
4112 2046 4271 2111 istos
4313 2065 4511 2111 cona-

2563 2143 2674 2200 tus
2712 2134 3076 2217 efficietque
3098 2154 3184 2199 ne
3205 2131 3527 2199 Senatum
3552 2141 3842 2197 vestrum
3873 2130 3977 2196 vel
4005 2131 4151 2214 piae
4185 2151 4342 2196 suae
4363 2152 4512 2196 con·

2562 2221 2844 2287 stantiae
2899 2220 3005 2285 vel
3061 2218 3490 2284 humanitatis
3544 2220 3889 2301 poeniteat.
3977 2218 4042 2282 N
4045 2238 4152 2281 am
4197 2215 4508 2299 quidquid

2562 2306 2796 2371 minati
2854 2306 3098 2370 fuerint
3148 2304 3415 2371 hostiles
3469 2304 3629 2369 socii
3672 2303 3937 2368 cordate
3993 2305 4061 2367 in
4106 2301 4334 2368 eadem
4371 2324 4514 2368 sen-

2561 2393 2770 2458 tentia
2792 2391 3050 2458 stetisse
3070 2389 3342 2468 confido,
3366 2411 3451 2455 ne
3484 2390 3702 2473 impiis
3731 2388 3994 2454 iurandi
4024 2389 4249 2453 formis
4271 2409 4512 2455 nomen

2562 2478 2693 2544 Dei
2727 2477 3045 2560 profanet.
3115 2476 3417 2542 Proximi
3463 2483 3681 2540 tamen
3703 2473 4027 2540 Badensis
4071 2481 4431 2540 conventus
4451 2475 4512 2557 ²)

2564 2563 2899 2629 decretum
2944 2565 3108 2629 seire
3153 2563 3345 2627 anxie
3390 2561 3597 2644 cupio.

2735 2649 3078 2715 Librarius
3134 2646 3398 2730 quidam
3463 2670 3544 2711 ex
3600 2645 3893 2712 Saxonis
3958 2667 4167 2729 nuper
4210 2665 4516 2712 reversus

2564 2736 2684 2800 hoc
2705 2735 2947 2811 attulit,
2994 2732 3165 2816 quod
3188 2734 3382 2799 etiam
3408 2731 3836 2798 Melanchthon
3879 2733 4014 2798 suis
4034 2731 4240 2797 literis
4255 2732 4311 2804 8)
4355 2753 4514 2797 con-

2564 2823 2810 2899 firmat,
2893 2822 3034 2885 fieri
3099 2840 3227 2884 non
3293 2841 3479 2904 posse
3545 2819 3702 2901 quin
3757 2818 3939 2883 brevi
4002 2838 4236 2903 graves
4298 2824 4516 2883 motus

2563 2906 2933 2972 Lutherani
2965 2927 3085 2971 sua
3119 2905 3390 2971 vesania
3424 2905 3728 2970 excitent.
3805 2902 4145 2969 Promittit
4171 2902 4516 2986 Philippus

2562 2992 2721 3075 ipse,
2759 2993 2814 3057 si
2851 3001 3041 3057 exeat
3075 2991 3240 3056 liber
3274 2989 3610 3056 cuiusdam
3634 2989 3696 3055 N
3700 2990 3889 3057 icolai
3918 2990 4113 3066 Galli,
4150 3010 4342 3072 quem
4377 2990 4517 3054 iam

2562 3078 2797 3146 excudi
2839 3077 3154 3156 audierat,
3200 3078 3478 3162 ingenue
3524 3084 3592 3141 et
3635 3076 3776 3141 sine
3819 3076 4248 3160 ambiguitate
4291 3096 4362 3141 se
4407 3095 4516 3140 re-

2561 3185 2952 3249 sponsurum
3000 3174 3064 3229 et
3107 3164 3284 3229 hunc
3328 3184 3399 3229 se
3427 3163 3558 3226 Deo
3594 3183 3670 3229 ac
3712 3162 4020 3228 ecclesiae
4065 3161 4354 3227 laborem
4401 3160 4516 3225 de-

2561 3251 2715 3317 bere
2759 3251 3072 3335 agnoscit.
3153 3249 3415 3315 Acriter
3451 3250 3626 3312 enim
3665 3248 3876 3313 denuo
3913 3248 4211 3313 hortatus
4254 3247 4515 3312 fueram

2559 3358 2643 3402 ne
2688 3356 2945 3420 semper
2967 3334 3290 3399 mundum
3312 3334 3526 3399 media
3568 3334 3696 3398 ista
3740 3345 3806 3398 et
3850 3334 4161 3417 perplexa
4201 3332 4517 3416 loquendi

2561 3422 2815 3488 ratione
2857 3441 3247 3504 suspensum
3305 3427 3575 3485 teneret.
3656 3418 4054 3503 Quanquam
4113 3429 4329 3484 autem
4376 3439 4517 3483 non

2561 3508 2692 3574 nisi
2792 3518 3027 3572 uatuor
3083 3516 3197 3572 aut
3259 3507 3545 3589 quinque
3604 3506 3917 3571 clamores
3985 3526 4139 3571 suos
4180 3504 4515 3583 attollunt,

2563 3593 2797 3677 reliqui
2839 3594 3087 3659 lateant
3134 3594 3204 3657 in
3251 3593 3386 3659 suis
3436 3591 3884 3674 sterquiliniis,
3945 3599 4245 3674 erumpet
4287 3601 4517 3655 tamen

2565 3678 2879 3763 proximis
2945 3678 3256 3743 nundinis
3321 3675 3712 3744 incendium.
3802 3676 3936 3744 Sed
4004 3676 4125 3744 hoc
4175 3677 4328 3742 boni
4372 3674 4519 3742 fore

2564 3765 2849 3843 ominor,
2914 3762 3090 3847 quod
3124 3785 3309 3829 suam
3356 3764 3700 3828 stultitiam
3743 3764 4033 3828 omnium
4077 3762 4356 3827 ludibrio
4396 3783 4520 3828 ex-

2564 3859 2826 3935 ponent.
2913 3850 3086 3915 Nam
3150 3850 3303 3932 quia
3365 3850 3480 3914 vix
3524 3848 3832 3916 credibile
3897 3849 4069 3914 foret
4113 3859 4249 3914 tam
4291 3868 4518 3913 crasse

2564 3939 2743 4021 ipsos
2787 3937 3098 4019 desipere,
3143 3936 3268 4001 hoc
3334 3936 3550 4019 ipsum
3598 3934 3784 4019 prodi
3841 3956 4067 4000 eorum
4109 3933 4525 4001 confessione

2566 4023 2924 4108 praestabit
2956 4043 3156 4105 quam
3191 4044 3231 4087 a
3272 4020 3461 4087 nobis
3505 4021 3779 4087 traduci.
3847 4020 4073 4101 Quum
4117 4029 4340 4085 autem
4381 4019 4524 4085 illis

2567 4112 2699 4175 iam
2723 4111 2927 4174 fixum
2950 4116 3121 4174 esset
3145 4108 3505 4173 tacentibus
3529 4106 3718 4172 nobis
3740 4106 3986 4172 bellum
4006 4105 4270 4185 inferre,
4285 4126 4528 4189 oppor-

2569 4205 2725 4260 tune
2754 4194 2929 4259 edita
2953 4194 3079 4259 fuit
3105 4193 3435 4258 doctrinae
3465 4200 3722 4259 nostrae
3758 4192 4063 4270 defensio,
4093 4213 4257 4276 quae
4284 4191 4525 4258 multis

2565 4281 2864 4346 futilibus
2921 4279 3264 4345 calumniis
3308 4301 3534 4344 ansam
3580 4277 3920 4363 praecidet.
4006 4277 4305 4360 Philippo
4337 4287 4528 4344 certe

2567 4377 2633 4431 et
2655 4365 2920 4448 reliquis
2942 4365 3234 4449 proderit
3276 4373 3351 4430 ut
3371 4364 3805 4430 confidentius
3828 4385 3897 4429 se
3922 4365 4105 4430 nobis
4128 4363 4324 4429 adiun
4469 4372 4524 4429 t.

2569 4450 2748 4515 Adde
2784 4451 2955 4534 quod
2989 4451 3122 4516 iam
3157 4452 3230 4516 in
3265 4451 3398 4517 illis
3435 4450 3730 4533 partibus
3767 4449 3961 4515 multi
3995 4450 4079 4515 ad
4114 4472 4232 4516 nos
4269 4451 4290 4514 i
4386 4450 4530 4516 ecti

2568 4537 2902 4620 incipiunt.
2961 4538 3074 4603 Me
3108 4535 3275 4621 quod
3321 4536 3542 4620 optavi
3589 4535 3895 4620 adeptum
3941 4558 4085 4602 esse
4128 4534 4398 4620 gaudeo,
4445 4549 4534 4600 ut

2568 4623 2856 4687 sentiant
2889 4644 3021 4690 uon
3053 4623 3150 4689 ita
3183 4623 3305 4689 sibi
3349 4621 3540 4688 facile
3575 4622 3846 4705 posthac
3891 4623 4029 4687 fore
4052 4631 4346 4688 nostram
4367 4620 4533 4687 doo-

2567 4710 2811 4774 trinam
2877 4729 3156 4794 gravare
3220 4709 3358 4774 suis
3420 4708 3749 4774 conviciis.
3841 4708 4012 4773 Nam
4075 4706 4227 4773 inde
4293 4718 4534 4773 tantus

2569 4796 2749 4860 furor
2781 4796 2950 4879 quod
2992 4793 3421 4861 maledicendi
3466 4815 3757 4879 campus,
3803 4794 3873 4858 in
3917 4815 4045 4877 quo
4087 4814 4157 4860 se
4202 4794 4534 4861 hactenus

2568 4880 2925 4947 insolenter
3004 4883 3335 4949 iactarunt
3356 4933 3372 4961 ,
3446 4881 3518 4945 in
3597 4880 3939 4964 angustias
4017 4879 4318 4946 redactus
4398 4889 4533 4947 est.

2572 5052 2764 5107 2248.
2786 5056 2841 5119 1)
2883 5054 3017 5110 Cum
3034 5053 3270 5123 quinque
3286 5054 3452 5121 papis
3476 5051 3758 5107 catholicis
3774 5050 3843 5106 de
3875 5049 4250 5105 iurisiurandi
4275 5050 4537 5114 formula

2571 5137 2750 5192 ‘'⁶⁹¹⁹‘'
2781 5130 2836 5178 ⁶*
2863 5139 3018 5245 ”7⁹⁸5
3042 5121 3940 5255 ffid'ffffl'nfffism
3972 5121 4109 5176 ‘'²⁸²¹'‘
4138 5119 4359 5174 Μ’·
4409 5117 4535 5183 “³'‘

2575 5191 2735 5260 Hm’
2772 5191 3182 5398 ffiliffim'·
3221 5206 3447 5317 0330&
3477 5259 3745 5316 maes.
