4850 6200
504 374 629 435 735

500 566 621 625 tes.
712 556 993 640 Quidem
1038 566 1294 625 veteres
1334 558 1528 624 amici
1570 557 1701 625 mei
1744 558 2135 623 minitantur
2176 555 2339 622 mihi
2384 577 2456 655 se

500 640 649 729 ὑπὲρ
703 643 1125 729 &mamonae
1186 654 1416 711 contra
1473 664 1581 710 me
1630 643 1992 727 scripturos
2035 665 2196 710 esse.
2224 648 2277 721 ⁶)
2358 642 2455 740 ,Βι

500 731 660 815 quid
716 726 915 797 edent
968 731 1355 795 nominatim
1410 743 1640 797 contra
1694 751 1820 808 me,
1862 729 2123 796 decrevi
2166 727 2312 794 Deo
2353 750 2456 792 iu·

502 829 703 882 vante
758 815 1167 899 respondere,
1223 817 1478 882 etiamsi
1520 815 1643 883 hoc
1686 826 2019 883 certamen
2061 815 2279 880 omitti
2314 836 2455 879 ma-

500 900 639 967 lim.
728 902 884 969 Pios
946 918 1014 967 et
1078 902 1298 967 doctos
1361 899 1444 969 de
1493 924 1566 967 re
1621 912 1807 969 tanta
1873 901 2120 985 placide
2178 900 2456 984 colloqui

500 987 734 1053 utilius
779 1000 969 1053 esset.
1058 986 1196 1055 Oro
1238 996 1461 1054 autem
1512 989 1723 1054 filium
1781 989 1908 1053 Dei
1948 998 2022 1053 ut
2062 1007 2185 1053 nos
2227 1007 2457 1052 omnes

501 1076 827 1159 gubernet
880 1082 949 1138 et
1001 1086 1193 1140 sanet
1233 1074 1543 1141 ecciesiae
1588 1074 1882 1140 vulnera.
1962 1074 2148 1139 Bene
2190 1082 2260 1139 et
2306 1072 2455 1138 feli-

500 1159 665 1225 citer
707 1158 875 1239 vale,
918 1160 1249 1225 carissime
1333 1161 1554 1225 frater.
1634 1160 1764 1226 Die
1810 1164 1912 1224 20.
1960 1159 2260 1243 Augusti.
2329 1158 2454 1225 Sa-

502 1244 708 1313 lutem
751 1256 902 1328 opto
948 1246 1166 1312 Laelio
1206 1259 1275 1310 et
1318 1246 1503 1311 vobis
1544 1247 1863 1311 omnibus.

1488 1382 1833 1467 Philippus
1876 1382 2284 1449 Melanthon.

1379 1982 1575 2052 2276.

921 2136 1537 2205 ZAHLICZINUS
1584 2138 2022 2206 CALVINO.

676 2308 1021 2390 Respondet
1061 2308 1300 2375 urbane
1343 2316 1399 2374 et
1433 2311 1699 2377 civiliter
1742 2312 1827 2378 ad
1870 2313 2181 2393 quasdam
2230 2314 2456 2380 Nostri

499 2393 625 2461 eibi
666 2396 899 2461 missas
944 2395 1159 2461 literas
1198 2396 1399 2461 studii
1440 2403 1496 2462 et
1537 2398 1737 2479 officii
1770 2398 2017 2479 plenas.

497 2565 913 2633 (Anthenticum
961 2567 1241 2649 exemplar
1285 2568 1367 2621 cui
1427 2576 1583 2623 autor
1656 2586 1815 2622 manu
1884 2571 2087 2693 ›rcffiria
2131 2574 2456 2643 subscripsit

894 2642 1077 2689 exstat
1112 2652 1165 2688 m
1205 2636 1336 2690 Ood.
1374 2636 1626 2692 Gothano
1661 2636 1785 2706 405,
1821 2637 1873 2691 so
1898 2680 1911 2693 .
2018 2640 2059 2702 .)

500 2807 788 2891 Egregio
856 2807 1373 2890 praestantiaque
1438 2805 1768 2875 doctrinae
1837 2810 1976 2875 viro
2019 2812 2253 2879 Ioanni
2300 2814 2453 2880 Cal-

498 2892 656 2957 vino
697 2892 1110 2959 Genevensis
1165 2894 1474 2959 ecclcsiae
1508 2896 1763 2979 pastori
1808 2946 2183 2965 .......
2220 2922 2258 2966 o
2302 2903 2452 2984 plu·

846 2978 1088 3044 rimum
1133 2979 1542 3047 observando
1587 2982 2105 3067 venerandoque.

672 3149 741 3218 S.
768 3151 842 3216 P.
868 3149 951 3214 D.
999 3149 1381 3216 Declaratio
1413 3152 1514 3217 tui
1537 3174 1694 3237 erga
1716 3176 1824 3221 me
1857 3156 2057 3222 studii
2094 3168 2290 3242 atque
2311 3160 2453 3226 offi-

496 3238 601 3312 cii,
639 3257 835 3321 quam
861 3247 1008 3303 tuae
1047 3237 1129 3302 ad
1169 3258 1273 3303 me
1307 3238 1804 3322 perhumaniter
1830 3243 2113 3326 scriptae
2148 3244 2375 3312 literae
2402 3248 2453 3332 ¹)

498 3323 882 3402 attulerunt,
935 3342 1093 3388 sane
1136 3332 1325 3408 grata
1366 3345 1444 3392 ac
1483 3324 1771 3393 iucunda
1813 3328 1978 3394 mihi
2023 3330 2275 3409 accidit,
2320 3354 2455 3397 non

498 3409 712 3476 solum
778 3419 1121 3492 propterea
1174 3408 1346 3494 quod
1403 3410 1564 3476 mihi
1629 3412 1695 3478 id
1762 3435 1802 3479 a
1866 3423 1949 3493 te,
1996 3418 2141 3483 viro
2196 3439 2453 3484 summa

499 3494 866 3561 eruditione
911 3493 1219 3578 praedito,
1259 3494 1643 3565 denunciari
1688 3499 1893 3578 video,
1938 3523 2135 3585 quam
2179 3502 2349 3587 quod
2387 3516 2454 3569 te

498 3603 655 3648 vero
719 3601 794 3646 ac
853 3581 1108 3646 sincero
1172 3582 1391 3648 animo
1458 3585 1750 3669 graviter
1815 3609 1891 3653 ac
1954 3588 2347 3655 industriose
2382 3590 2450 3657 id

496 3667 753 3750 operari
789 3668 1016 3732 sentio.
1086 3667 1197 3734 Me
1240 3669 1415 3734 euim
1442 3681 1659 3753 partes
1683 3672 1992 3739 hortandi
2050 3676 2123 3740 Τ.
2170 3674 2257 3740 Η.
2303 3697 2448 3741 sus·

497 3754 688 3837 cepit,
753 3760 828 3818 ut
890 3763 1200 3837 tanquam
1239 3755 1505 3821 coelesti
1562 3759 1884 3842 evangelii
1932 3759 2230 3826 doctrina
2264 3761 2449 3828 illus·

497 3847 712 3904 tratus
776 3839 1058 3906 sinceros
1125 3839 1251 3906 Dei
1302 3840 1520 3908 cultus
1584 3862 1947 3929 propagare
2011 3847 2449 3925 instituerem,

494 3925 695 4008 inque
739 3926 971 3990 semita
1013 3926 1350 3992 salutifera
1398 3948 1515 4011 per
1561 3950 1670 3994 ere
1714 3931 2192 3998 contenderem.
2261 3931 2450 4015 Quae

494 4010 770 4077 monitio
837 4031 878 4076 a
936 4021 1017 4090 te,
1070 4012 1212 4078 viro
1270 4015 1448 4078 omni
1536 4017 1787 4082 octrina
1832 4017 2238 4100 politissimo,
2285 4020 2450 4084 mihi

494 4097 871 4182 gratissima
916 4098 1312 4163 intercessit:
1359 4121 1683 4166 summam
1729 4103 1904 4168 enim
1929 4105 2302 4170 comitatem
2346 4106 2447 4170 iu-

493 4181 1025 4266 cunditatemque
1088 4185 1232 4250 eius
1296 4205 1511 4251 sermo
1574 4186 1914 4254 literarum
1962 4210 2116 4274 prae
2166 4212 2238 4257 sc
2302 4191 2444 4258 fert.

492 4267 703 4335 Porro
758 4269 957 4348 Deus,
1026 4268 1295 4336 humani
1351 4273 1610 4354 generis
1668 4273 1980 4354 conditor,
2038 4277 2149 4359 qui
2184 4278 2448 4361 pietatis

495 4353 823 4422 studiosos
876 4355 1112 4438 spiritu
1164 4377 1282 4422 suo
1340 4358 1663 4443 gubernat
1695 4361 2151 4445 sincerumque
2195 4364 2447 4430 cultum

495 4440 600 4508 sui
645 4442 714 4506 in
759 4440 997 4506 animis
1034 4442 1316 4522 inchoat,
1360 4444 1500 4510 eius
1546 4453 1709 4511 nutu
1767 4455 1961 4530 atque
2016 4449 2334 4533 regimine
2376 4452 2446 4516 in

493 4523 601 4592 his
660 4547 931 4611 pergere
982 4529 1263 4594 conabor
1317 4551 1482 4614 quae
1540 4533 1860 4598 vocationi
1918 4555 2099 4599 meae
2152 4551 2448 4619 spectare

493 4611 826 4679 videntur.
914 4611 1318 4681 Oommendo
1363 4636 1469 4682 me
1506 4617 1770 4683 tandem
1813 4619 2093 4686 eximiae
2151 4620 2449 4688 humani-

495 4699 617 4762 tati
654 4709 825 4774 tuae,
870 4707 1182 4783 tanquam
1233 4703 1441 4769 amico
1502 4703 1819 4788 singulari
1864 4725 2010 4771 meo
2050 4705 2263 4773 modis
2306 4728 2447 4772 om-

495 4784 692 4850 nibus
755 4784 1178 4864 observando,
1247 4789 1434 4871 eique
1501 4808 1721 4854 meum
1790 4791 2231 4875 complacendi
2309 4803 2448 4860 stu·

498 5076 586 5126 tss
638 5073 837 5128 debest
885 5076 1078 5132 tollere
1127 5077 1466 5133 haereticos?
1514 5080 1744 5135 recitata
1791 5099 1825 5136 s
1872 5082 1940 5137 Π.
1993 5084 2139 5139 And.
2188 5084 2448 5139 Tilandro

500 5140 699 5196 Brund.
738 5141 848 5198 Cel.
886 5145 1220 5268 Δῗιᾶΰέὁδὸ.
1262 5145 1546 5214 (Canania
1576 5167 1631 5220 p.
1665 5149 1785 5205 323.
1829 5150 1990 5221 Gor-p.
2031 5151 2157 5220 Ref-
2196 5152 2263 5208 X.
2294 5153 2447 5221 851.)

503 5277 687 5334 ms.
705 5210 769 5349 ii
800 5211 1125 5352 εἴκωσι.

2022 366 2552 436 EPISTOLAE
2597 370 3021 432 2275-2279

4383 374 4510 436 736

2560 553 2742 620 dium
2785 555 3056 708 Ῑεὲἓίξιο.
3159 555 3375 622 Datae
3450 558 3522 624 in
3600 557 3957 626 Melschtin
4035 562 4137 626 20.
4218 559 4514 645 Augusti

2558 661 2734 706 anno
2955 693 2971 708 .

3305 783 3581 846 Amicus
3621 794 3844 847 vester
3887 803 3970 847 ex
4012 783 4232 848 animo

3172 866 3242 933 S.
3289 867 3520 934 Pitech
3563 866 3810 933 Iordan
3854 868 3935 932 de
3979 868 4314 935 Zahliczin
4333 872 4391 947 ²)

3141 965 3208 1017 et
3247 954 3318 1018 in
3364 953 3721 1020 Melschtin
3779 954 4030 1033 haeres,
4085 955 4432 1020 Palatinus

3087 1037 3645 1105 Sendomiriensis
3687 1041 4173 1107 Premisliensis
4215 1040 4492 1106 Kamio-

3365 1126 3791 1208 uacensisque
3833 1126 4254 1210 Capitanens,

3331 1210 3536 1277 Salve
3593 1232 3795 1277 manu
3860 1214 4124 1297 propria
4179 1222 4293 1277 sst.

3587 1505 3748 1513 ———

3433 1723 3629 1793 2277.

2785 1876 3458 1946 BULLINGERUS
3503 1868 4220 1945 MELANOH'PH'ON
4227 1879 4274 1944 1.

2734 2047 3130 2115 Oomnesndat
3171 2051 3232 2114 ei
3273 2048 3483 2129 filium
3515 2070 3704 2115 sumn
3763 2050 4235 2135 Wdtenberyae
4274 2053 4512 2118 maiis

2557 2154 2809 2217 operam
2850 2136 3167 2200 datmwm.

2559 2306 2668 2378 (Ex
2705 2304 3043 2427 autographo
3084 2305 3302 2359 Archiv.
3340 2307 3681 2361 Turic.Plut.
3717 2308 3807 2363 V1.
3830 2308 3957 2363 Vol.
3996 2307 4142 2375 11711,
4179 2310 4309 2365 olim
4345 2310 4403 2364 C.
4439 2309 4509 2364 11.

2957 2375 3025 2428 ol.
3059 2373 3183 2429 334.
3227 2406 3287 2413 —-
3327 2375 3585 2445 Bindscil,
3623 2378 3810 2447 Suppl.
3837 2379 3961 2432 Mel.
3990 2376 4132 2445 878.)

2717 2546 3017 2629 Philippo
3063 2547 3512 2614 Melanchtoni
3555 2549 3643 2615 H.
3688 2549 4118 2635 Bullingerus
4162 2549 4233 2617 S.
4283 2552 4363 2617 D.

2729 2718 2971 2783 Pietati
3017 2728 3170 2783 tuac
3211 2733 3278 2783 et
3320 2719 3713 2786 humanitati
3759 2724 4063 2800 confisus,
4108 2724 4400 2806 piissime
4441 2735 4517 2789 et

2560 2804 2931 2870 doctissime
2985 2802 3298 2886 Philippi,
3359 2806 3623 2871 domine
3681 2807 4134 2874 colendissimo
4182 2822 4249 2874 et
4307 2810 4516 2875 &ater

2558 2890 2911 2965 carissime,
2930 2889 3118 2954 mitto
3141 2889 3222 2954 ad
3249 2906 3311 2956 te
3333 2891 3510 2959 hunc
3534 2914 3754 2957 meum
3777 2895 3986 2959 filium
4001 2894 4445 2978 Heinrychum,
4460 2898 4516 2978 ¹)

2559 2985 2628 3040 et
2670 2998 2788 3059 per
2831 2977 3047 3058 ipsum
3091 2977 3450 3042 Dominum
3490 2990 3786 3045 nostrum
3829 2992 3895 3044 te
3937 2980 4231 3047 obtestor
4275 2990 4352 3046 ut
4394 3003 4519 3047 ve-

2557 3063 2644 3130 lis
2677 3063 2774 3128 illi
2808 3083 2950 3128 esse
2986 3074 3191 3147 pater,
3229 3084 3508 3147 eumque
3544 3065 3612 3130 in
3659 3076 3804 3132 tuas
3841 3065 4053 3144 aedes,
4075 3070 4132 3147 ²)
4167 3068 4238 3133 in
4262 3069 4520 3136 victum

2559 3160 2627 3214 et
2670 3151 2738 3215 in
2796 3148 3068 3214 tutelam
3133 3161 3314 3213 tuam
3358 3151 3667 3236 recipere.
3755 3152 4131 3219 Numerabo
4175 3153 4295 3219 tibi
4337 3154 4520 3239 quod

2558 3256 2843 3317 aequum
2866 3234 3069 3299 fuerit
3104 3249 3168 3299 et
3192 3235 3305 3300 alii
3328 3238 3708 3320 coaequales
3743 3240 3886 3303 eius
3914 3239 4031 3305 tibi
4054 3240 4513 3324 appenderint.

2557 3321 2913 3386 Praeterea
2969 3342 3076 3385 me
3126 3320 3247 3387 tibi
3295 3323 3551 3405 tuisque
3601 3323 3959 3410 obstringo,
4006 3337 4075 3391 et
4115 3346 4310 3391 omne
4355 3348 4517 3391 nos-

2558 3423 2737 3471 trum
2780 3406 3072 3472 officium
3109 3407 3400 3473 vicissim
3443 3407 3695 3476 defero:
3744 3411 3941 3490 Quod
3985 3411 4041 3477 si
4077 3410 4196 3478 tibi
4239 3413 4517 3479 omnino

2556 3491 2965 3559 commodum
3010 3514 3143 3559 non
3187 3492 3387 3558 fuerit
3429 3494 3613 3560 illum
3651 3498 3721 3562 in
3766 3496 3960 3564 aedes
4004 3508 4151 3564 tuas
4194 3499 4512 3583 recipere,

2556 3578 2790 3645 saltem
2855 3577 2955 3642 illi
3015 3578 3261 3644 auxilio
3322 3602 3465 3646 esse
3524 3582 3712 3660 velis,
3771 3585 4235 3667 consultorque
4277 3584 4513 3666 bonus,

2556 3674 2631 3730 ut
2684 3665 3034 3730 honestum
3091 3666 3197 3730 vel
3251 3681 3549 3732 sanctum
3595 3670 4010 3735 nanciscatur
4049 3669 4396 3754 hospitem,
4443 3682 4516 3735 et

2557 3760 2631 3815 ut
2673 3761 2745 3816 tu
2789 3750 3060 3816 iuterim
3095 3752 3237 3816 eius
3280 3774 3501 3818 sumas
3535 3755 3988 3838 patrocinium.
4068 3755 4332 3822 Nemini
4378 3758 4516 3822 erit

2556 3838 2757 3913 oneri,
2799 3837 3049 3902 nemini
3095 3837 3222 3902 erit
3263 3838 3595 3913 molestus,
3633 3862 3787 3906 cum
3830 3843 4091 3907 nemine
4134 3841 4510 3908 contendet.

2555 3920 2718 4002 Sibi,
2758 3923 2899 3988 Deo
2935 3935 3002 3988 et
3035 3922 3244 3988 literis
3268 3925 3462 3989 vivet.
3534 3927 3628 3992 'l'e
3650 3942 3979 4010 sequetur,
4014 3940 4080 3992 te
4115 3927 4241 3992 sibi
4278 3929 4516 4012 deligit

2555 4019 3040 4092 praeceptorem
3082 4021 3148 4074 et
3174 4009 3401 4075 audire
3437 4013 3634 4095 cupit.
3700 4013 3847 4096 Ego
3890 4015 4082 4097 cupio
4118 4023 4193 4077 ut
4235 4016 4513 4096 pacifice

2554 4094 2728 4179 apud
2763 4116 2883 4159 vos
2916 4116 3109 4178 agere
3133 4108 3200 4161 et
3233 4096 3437 4162 bonas
3461 4099 3703 4180 pariter
3723 4118 3800 4162 ac
3834 4099 3975 4184 pias
4009 4099 4233 4164 literas
4256 4100 4513 4167 discere

2552 4180 2773 4263 possit.
2863 4181 3006 4245 Deo
3050 4184 3226 4246 enim
3285 4195 3352 4247 et
3403 4182 3586 4249 bonis
3628 4184 3839 4250 literis
3884 4185 4060 4251 hunc
4102 4188 4505 4253 consecravi.

2555 4267 2697 4331 Deo
2734 4276 2802 4330 et
2841 4264 3052 4332 literis
3096 4269 3151 4333 si
3195 4267 3371 4333 hunc
3428 4292 3561 4335 una
3603 4281 3820 4337 tecum
3865 4272 4192 4356 applicare
4234 4282 4510 4338 conten-

2773 4442 2958 4450 -u-Q—-n—

2756 4539 2817 4605 2)
2855 4540 3026 4607 Infra
3056 4542 3431 4623 habebis—epp.
3473 4541 3696 4597 Galum·
3725 4543 3802 4636 fad
3835 4545 4064 4598 eunden
4097 4546 4150 4598 d.
4170 4546 4224 4599 d.
4250 4545 4333 4601 18.
4357 4546 4512 4617 Sept.

2555 4610 2619 4673 (a
2637 4608 2789 4691 Bega
2815 4610 2926 4692 aab·
2939 4626 3155 4665 somnne
3174 4619 3390 4693 oco-‚tato
3412 4610 3635 4692 eduam)
3660 4618 3712 4666 et
3729 4610 3812 4664 29.
3834 4611 3969 4694 pec.
4016 4613 4166 4697 Erat
4191 4615 4514 4698 praefectus

2552 4693 2773 4733 nerano
2808 4694 2970 4748 remo.
3039 4676 3174 4733 Cum
3205 4678 3537 4734 Lus-mamm
3570 4681 3842 4751 frequent:
3876 4698 4192 4739 com-tereto
4224 4685 4516 4752 epatoloco

2553 4747 2874 4801 coniunctus
2905 4748 3083 4813 fuisse
3115 4747 3345 4801 videtur.
3421 4746 3506 4814 Of.
3549 4747 3717 4825 Salaey.
3753 4750 3828 4804 Π.
3866 4749 3985 4805 589.
4502 4824 4514 4835 .

2554 4813 2738 4896 2277.
2767 4814 2820 4881 1)
2858 4815 3026 4898 Αριρο
3063 4815 3199 4870 1558
3231 4832 3352 4870 cum
3376 4817 3804 4883 Aramtoratum
3837 4825 4063 4875 miserat
4094 4821 4194 4876 ubi
4227 4820 4512 4903 Barchon

2554 4884 3400 5038 tvdzoesssszwmmt‘xzx.
3415 4885 4516 5041 ssssssffifflfflffwp‘ffl

2700 5091 2712 5102 -
2758 5020 2820 5086 ‘³’
2866 5020 3786 5176 Quassatam&
3831 5026 4512 5178 &mmm

2550 5104 2730 5363 ἐξ
2719 5107 2770 5286 τ’
2771 5108 2918 5355 ,a
2888 5161 3696 5366 ww
3585 5179 3781 5287 w
3799 5171 4512 5291 mm
4336 5180 4513 5247 ψ’·

2695 5314 2738 5354 ⁸·
2991 5337 3008 5366 2
3176 5319 3208 5354 a
3234 5341 3245 5352 s
3383 5338 3399 5355 Ο
