4850 6200
560 409 685 471 847

559 593 863 679 suspicio,
924 613 1055 675 qua
1114 598 1180 656 te
1242 612 1377 657 non
1441 592 1585 657 sine
1648 591 1925 658 aliorum
1981 592 2224 657 iniuria
2266 593 2512 658 frustra

560 685 848 762 torques.
935 679 1190 744 Verum
1235 679 1293 744 si
1332 678 1493 744 alios
1550 699 1777 744 omnes
1834 680 2162 744 immunes
2208 686 2321 744 tua
2364 699 2510 742 um·

561 765 682 831 bra
754 771 1087 848 praestare
1152 765 1284 843 vis,
1365 764 1518 829 vide
1583 786 1670 830 an
1735 774 1918 830 tanto
1984 766 2166 829 oneri
2244 764 2511 830 ferendo

558 871 754 934 pares
817 851 941 918 tibi
1006 851 1213 915 futuri
1277 852 1406 916 sint
1476 851 1755 916 humeri.
1865 853 2010 935 Ego
2030 854 2087 927 ⁸)
2167 860 2373 929 certe,
2454 850 2512 914 si

561 958 694 1020 qua
740 936 1076 1001 interdum
1138 937 1518 1002 verisimilia
1551 937 1872 1015 feruntur,
1921 959 2050 1002 non
2098 936 2291 1001 modo
2335 936 2509 1001 iudi-

561 1025 740 1089 cium
796 1021 1138 1105 suspend0‚
1185 1042 1260 1087 ac
1302 1044 1410 1088 me
1452 1025 1670 1107 ipsum
1715 1044 1754 1087 a
1796 1023 2176 1088 credulitate
2220 1022 2509 1101 cohibeo,

561 1109 677 1175 sed
736 1110 933 1174 etiam
990 1108 1365 1174 demonstro
1412 1121 1731 1193 quantum
1782 1108 1946 1174 mihi
1982 1108 2320 1192 displiceat
2366 1108 2511 1173 vul-

562 1196 710 1279 gari
766 1217 930 1278 quae
989 1194 1248 1277 sepulta
1304 1216 1446 1260 esse
1490 1214 1815 1278 cuperem.
1895 1196 2116 1261 Pauca
2161 1203 2401 1274 tamen,
2436 1201 2514 1259 ut

559 1302 795 1347 verum
839 1280 1068 1358 fatear,
1114 1279 1326 1347 audio.
1413 1281 1644 1363 Itaque
1698 1302 2011 1365 quorsum
2055 1281 2135 1345 de
2179 1280 2514 1346 erroribus

564 1366 880 1432 clamores
945 1365 1221 1446 attollas,
1285 1368 1425 1449 ipse
1489 1367 1748 1433 videris.
1862 1368 1965 1432 De
2032 1368 2226 1446 vitiis,
2272 1366 2511 1450 quibus

565 1452 884 1538 collegam
929 1466 1116 1517 tuum
1167 1455 1382 1517 notari
1425 1454 1728 1531 sciebam,
1779 1475 1989 1537 nuper
2030 1455 2248 1536 ipsum
2287 1451 2514 1518 admo-

562 1540 696 1604 nui.
802 1539 1028 1622 Neque
1088 1546 1310 1604 tamen
1371 1559 1447 1603 ea
1503 1541 1663 1621 ipsa,
1701 1539 1871 1623 quod
1917 1540 2137 1617 sciam,
2184 1539 2515 1604 communi

560 1646 863 1690 sermone
927 1625 1033 1690 his
1097 1625 1441 1691 iactantur.
1531 1626 1614 1689 In
1675 1634 1741 1690 te
1805 1627 1860 1691 si
1905 1624 2058 1708 quid
2104 1624 2344 1690 dictum
2394 1632 2511 1703 est,

561 1712 755 1777 citius
799 1712 980 1776 fuisti
1003 1711 1302 1777 conscius
1334 1733 1530 1794 quam
1573 1733 1710 1794 ego,
1780 1712 2039 1795 Anglus
2084 1711 2194 1776 ille
2228 1712 2296 1775 in
2320 1731 2515 1794 quem

560 1798 992 1864 stomacharis
1055 1796 1226 1879 apud
1285 1818 1392 1861 me
1454 1819 1797 1881 nunquam
1861 1796 2134 1863 verbulo
2201 1818 2334 1863 uno
2395 1818 2515 1862 vos

559 1881 767 1949 laesit.
857 1886 961 1948 De
1017 1882 1277 1947 illorum
1332 1884 1794 1949 controversiis
1855 1884 2047 1967 quale
2102 1886 2273 1948 feras
2343 1883 2515 1947 iudi-

562 1970 736 2034 cium
796 1969 1008 2034 audi0.
1034 1973 1088 2047 ⁴)
1179 1967 1255 2034 Si
1303 1967 1419 2033 tibi
1480 1991 1745 2052 prorsus
1788 1991 1919 2035 non
1965 1971 2303 2049 assentior,
2349 1970 2516 2033 mihi

560 2054 757 2121 licere
822 2056 1157 2120 existimo:
1215 2077 1336 2121 nec
1378 2076 1534 2120 vero
1583 2057 1724 2122 eius
1768 2077 1962 2138 quam
1999 2057 2318 2122 hactenus
2377 2077 2515 2121 ser-

559 2143 718 2206 vavi
789 2141 1252 2207 moderationis
1316 2162 1420 2205 me
1479 2141 1694 2207 adhuc
1740 2143 2041 2224 poenitet.
2075 2143 2130 2219 ⁵)
2216 2143 2358 2207 Tuo
2415 2142 2515 2206 in-

562 2234 746 2291 terea
782 2250 979 2293 sensu
1016 2228 1144 2292 frui
1183 2238 1247 2291 te
1282 2228 1511 2311 patiar,
1558 2227 1750 2293 modo
1783 2230 2069 2293 vicissim
2095 2249 2212 2311 per
2253 2237 2320 2291 te
2351 2227 2519 2292 mihi

563 2310 844 2379 liberum
895 2315 979 2378 sit
1036 2316 1353 2379 rationem
1408 2336 1573 2397 quae
1616 2314 1986 2381 ostenditur
2029 2315 2230 2397 sequi.
2322 2312 2517 2394 Quod

561 2398 619 2462 si
655 2421 786 2466 non
831 2400 1156 2483 permittis
1190 2402 1334 2465 iure
1368 2423 1512 2466 meo
1546 2414 1712 2466 utar.
1802 2401 1981 2466 Huic
2017 2402 2213 2467 verbo
2235 2401 2517 2465 occasio-

566 2505 720 2550 nem
764 2486 1087 2552 dederunt
1120 2502 1273 2551 tuae
1313 2487 1562 2563 literae,
1603 2488 1713 2552 ubi
1738 2508 2055 2570 magnum
2099 2496 2331 2553 contra
2375 2506 2515 2550 om-

566 2591 686 2637 nes
742 2573 854 2655 qui
903 2575 972 2637 in
1018 2573 1299 2638 formula
1343 2574 1716 2658 Anglicana
1757 2573 2094 2657 quidpiam
2138 2571 2518 2637 desiderant

565 2657 1034 2740 praeiudicium
1080 2660 1332 2725 statuis.

1439 3190 1645 3261 2838.

1007 3329 1579 3397 DATHAENUS
1626 3326 2061 3396 OALVINO.

732 3503 818 3568 D.
867 3525 911 3569 a
973 3503 1175 3570 Lasco
1205 3503 1451 3568 nornine
1492 3504 1550 3566 ei
1591 3501 1913 3584 exemplam
1943 3504 2310 3568 transmittit
2348 3505 2512 3587 epis-

559 3591 725 3656 tolae
766 3589 852 3654 ad
898 3588 1127 3674 Reyem
1173 3588 1476 3655 Poloniae
1515 3589 1802 3668 scriptae,
1865 3587 2105 3667 sibique
2152 3590 2513 3672 qratulatur

563 3677 634 3740 ob
675 3676 835 3742 hanc
876 3678 1251 3741 occasionem
1293 3675 1375 3741 ad
1416 3679 1660 3740 tantum
1702 3675 1915 3738 virum
1955 3674 2280 3741 scribendi.

850 3846 962 3913 (13²1
997 3847 1332 3917 autographo
1365 3845 1495 3900 Cod.
1531 3845 1770 3899 Gothani
1803 3844 1926 3914 405,
1959 3845 2051 3898 fol.
2086 3844 2233 3914 366.)

732 4019 1129 4085 Doctissimo
1162 4020 1410 4104 pariter
1442 4039 1517 4084 ac
1563 4017 1986 4101 integerrimo
2029 4018 2177 4082 viro
2213 4018 2508 4085 domino-

603 4127 685 4171 ue
751 4104 836 4169 D.
893 4106 1132 4170 Ioanni
1196 4104 1473 4171 Calvino
1529 4103 1941 4170 Genevensis
1985 4103 2293 4170 ecclesiae
2336 4107 2507 4190 vigi-

592 4191 935 4258 antissimo
979 4193 1223 4273 pastori
1267 4212 1343 4258 ac
1384 4192 1689 4255 ministro
1725 4189 1919 4255 detur
1961 4190 2504 4342 hffeggiffigflum'

727 4450 1033 4516 Gratiam
1068 4459 1136 4515 et
1176 4469 1402 4533 pacem
1443 4449 1514 4513 in
1550 4446 1817 4514 Ohristo
1838 4448 1993 4514 Iesu
2038 4448 2231 4514 unico
2275 4458 2501 4514 nostro

554 4538 884 4603 salvatore
928 4556 1005 4601 ac
1047 4536 1373 4620 pontifice,
1418 4536 1509 4599 mi
1547 4533 1921 4600 doctissime
1964 4535 2506 4619 sanctissimeque

761 4723 820 4791 3)
859 4728 910 4778 A
943 4724 1129 4793 prima
1162 4737 1362 4776 manu.-
1411 4723 1528 4791 Ego
1572 4730 1736 4785 certe,
1784 4723 1997 4775 etiamsi
2044 4739 2174 4775 vera
2216 4740 2503 4792 agnoscam

554 4812 698 4864 quae
731 4795 999 4855 feruntur,
1045 4792 1132 4845 vel
1166 4790 1373 4861 aliquid
1419 4791 1681 4859 suspicari
1716 4807 1894 4860 cogar,
1940 4791 2028 4843 vel
2062 4792 2316 4846 iudicium
2352 4802 2413 4846 nt
2446 4797 2505 4847 in

554 4865 721 4919 rebus
758 4864 935 4917 dubiis
981 4862 1332 4930 suspendamz
1384 4877 1491 4914 non
1535 4860 1773 4913 libenter
1817 4867 1999 4913 tamen
2049 4861 2210 4914 audio
2247 4879 2385 4931 quae
2421 4880 2504 4916 se-

595 4934 711 4986 ulta
743 4970 963 4984 .....
1400 4947 1404 4951 ’

552 4951 593 5003 p
765 4999 829 5061 4)
865 4999 921 5052 A
951 5000 1136 5067 prima
1169 5013 1368 5052 manu.-
1404 4997 1478 5050 Et
1511 4996 1710 5050 iudicio
1744 5004 1840 5049 tuo
1874 4995 1983 5050 frui
2018 5003 2074 5049 te
2110 4998 2305 5066 patiar,
2340 4999 2503 5054 modo

556 5070 796 5123 vicissim
833 5075 891 5121 te
926 5070 1072 5122 iutra
1105 5067 1402 5120 modestiae
1436 5065 1571 5119 fines
1605 5066 1901 5119 contineas.

766 5136 826 5202 5)
865 5138 920 5190 A
949 5138 1137 5205 prima
1170 5151 1366 5189 manu.-
1402 5134 1574 5190 donec
1607 5136 1695 5187 vel
1729 5135 2031 5188 rationibus
2055 5150 2142 5187 me
2176 5135 2379 5197 vincas,
2413 5138 2504 5190 vel

558 5205 818 5261 ostendas
862 5222 969 5274 quo
1011 5207 1134 5258 'iure
1178 5207 1279 5258 tibi
1325 5205 1427 5256 sim
1472 5205 1781 5258 obstrictus.
1850 5204 1990 5256 Nam
2038 5204 2085 5255 si
2131 5204 2233 5256 tibi
2281 5223 2380 5274 per
2415 5224 2503 5262 me

559 5276 792 5329 liberum
833 5281 917 5327 est
963 5274 1167 5327 sentire
1203 5272 1347 5341 quod
1383 5273 1616 5336 videtur,
1663 5290 1759 5327 cur
1803 5273 2022 5342 oblique
2057 5289 2143 5327 me
2178 5275 2502 5344 perstringis

557 5346 607 5398 si
639 5350 767 5397 tuae
804 5348 860 5397 et
893 5359 1080 5396 eornm
1117 5359 1252 5410 quos
1286 5342 1530 5395 defendis
1563 5343 1863 5398 sententiae
1899 5358 2008 5397 non
2043 5343 2339 5399 subscribo.

2063 401 2588 469 EPISTOLAE
2635 406 3059 469 2337—2339

4421 416 4533 478 848

2616 592 2878 658 domine
2923 615 2997 659 ac
3043 600 3245 676 pater.
3335 594 3465 659 Hic
3520 595 3723 662 habes
3762 595 4094 680 integrum
4130 597 4429 680 epistolae
4462 600 4537 665 ad

2614 679 2870 762 Regem
2935 680 3249 745 Poloniae
3304 682 3640 765 exemplar
3706 681 3888 747 brevi
3949 683 4122 759 (Deo
4180 682 4328 766 Opt.
4370 686 4538 752 Max.

2616 765 2979 849 aspirante)
3041 766 3123 831 ad
3169 766 3681 832 Serenissimum
3708 767 4183 851 Siqismundum
4204 773 4541 853 Auyustum

2615 851 3028 917 mittendum.
3058 856 3108 926 1)
3210 851 3404 933 Quod
3466 855 3694 935 quanti
3759 857 4070 920 momenti
4138 864 4204 920 et
4256 857 4543 937 ponderis

2616 938 2721 1015 sit,
2768 946 2843 1001 tu
2888 939 3028 1021 ipse
3050 937 3351 1004 iudicato.
3419 937 3611 1020 Quod
3671 961 3829 1005 vero
3872 940 4052 1005 istud
4075 943 4334 1025 propria
4356 965 4543 1008 manu

2617 1044 2750 1087 non
2794 1025 3131 1107 scripserit
3172 1023 3257 1089 D.
3305 1047 3347 1089 a
3389 1025 3607 1102 Lasso,
3668 1025 3890 1091 ‘lextre
3948 1049 4185 1109 quaeso
4238 1031 4545 1111 interpre-

2616 1111 2794 1188 teriS,
2854 1122 2932 1175 ut
2998 1111 3123 1176 hoc
3177 1111 3389 1175 facere
3455 1112 3909 1193 paratissimus
3956 1126 4101 1178 erat
4142 1113 4238 1178 illi
4281 1116 4547 1193 animus,

2613 1217 2849 1260 verum
2894 1197 3098 1279 ipsius
3136 1196 3440 1261 valetudo
3460 1200 3518 1271 2)
3565 1198 3688 1263 hoc
3736 1219 3926 1281 passa
3969 1220 4100 1263 non
4146 1211 4262 1265 est.
4327 1200 4547 1283 Itaque

2620 1303 2822 1364 quum
2895 1283 3061 1348 lecto
3133 1282 3554 1349 decumberet
3606 1306 3740 1348 non
3809 1285 4174 1369 vulgariter
4243 1286 4549 1365 laborans,

2618 1367 2790 1433 hanc
2847 1368 3012 1432 mihi
3077 1369 3482 1450 provinciam
3548 1367 3631 1433 ad
3693 1380 3760 1434 te
3825 1370 4148 1437 scribendi
4217 1372 4551 1456 delegavit,

2618 1475 2816 1535 quam
2884 1454 3092 1519 obviis
3158 1455 3334 1521 ulnis
3399 1456 3740 1538 amplexus
3805 1479 3969 1522 sum.
4059 1458 4232 1522 Nam
4294 1480 4365 1523 re
4406 1480 4556 1523 vera

2617 1540 2726 1605 hic
2769 1540 2952 1605 labor
2993 1541 3157 1604 mihi
3181 1541 3483 1607 omnibus
3521 1542 3728 1607 modis
3769 1542 3895 1607 fuit
3916 1544 4351 1626 gratissimus.
4417 1543 4553 1609 Imo

2620 1627 2675 1691 si
2712 1626 3088 1692 tabellarius
3110 1626 3218 1692 hic
3256 1628 3617 1710 longiorem
3654 1649 3902 1692 moram
3927 1650 4162 1713 passus
4189 1630 4432 1707 fuisset,
4469 1630 4558 1694 al·

2619 1714 2828 1778 terius
2888 1734 3141 1795 quoque
3198 1712 3527 1796 epistolae,
3574 1735 3738 1796 quae
3783 1714 3864 1778 ad
3911 1735 4215 1798 proceres
4259 1716 4558 1781 Poloniae

2619 1808 2688 1863 et
2744 1799 2930 1883 regni
2987 1799 3191 1864 totius
3249 1799 3513 1865 ordines
3547 1799 3870 1865 mittenda
3904 1812 4021 1880 est,
4068 1802 4406 1883 exemplar
4447 1802 4560 1867 tibi

2621 1884 2905 1950 scribere
2955 1906 3089 1949 non
3129 1885 3478 1968 piguisset:
3510 1890 3566 1964 ⁸)
3609 1908 3763 1951 nam
3806 1886 3968 1952 haec
4016 1897 4193 1953 certe
4253 1888 4563 1970 posterior

2621 1970 2963 2053 epistolam
3019 1970 3191 2035 hanc
3246 1970 3330 2035 ad
3388 1971 3640 2055 Regem
3691 1971 4057 2037 eruditione
4115 1973 4445 2057 gravitate
4491 1994 4562 2039 ac

2620 2056 2950 2141 elegantia
2991 2057 3189 2140 longe
3230 2057 3582 2140 praecellit.
3673 2057 3760 2122 In
3798 2060 3919 2125 hac
3964 2060 4141 2124 enim
4202 2060 4410 2143 ipsius
4443 2059 4567 2123 viri

2620 2143 2961 2226 ingenium
2999 2164 3074 2207 ac
3120 2143 3561 2227 sagacitatem,
3608 2142 3972 2210 doctrinam
4018 2167 4094 2210 ac
4128 2144 4562 2228 prudentiam,

2621 2229 2803 2292 velut
2836 2229 2905 2292 in
2942 2228 3206 2312 speculo
3230 2228 3531 2312 quodam,
3567 2231 3996 2314 contemplari
4031 2231 4272 2297 licebit.
4334 2230 4467 2296 Sed
4501 2252 4568 2296 re

2618 2335 2779 2379 vera
2814 2314 2937 2379 hoc
2974 2316 3283 2397 temporis
3311 2314 3597 2381 brevitas
3634 2315 3841 2382 modis
3876 2315 4182 2382 omnibus
4217 2317 4565 2400 prohibuit.

2621 2402 2935 2465 Attamen
2982 2401 3039 2465 si
3082 2401 3303 2483 aliqua
3343 2402 3412 2465 in
3458 2423 3529 2466 re
3572 2402 3951 2485 obsequium
3985 2403 4195 2468 ullum
4244 2412 4569 2486 praestare

2619 2487 2892 2570 posthac
2934 2495 3175 2569 potero,
3234 2508 3366 2551 non
3410 2489 3859 2572 subterfugero
3904 2488 4210 2554 laborem.
4287 2489 4569 2555 Gavisus

2621 2582 2799 2638 certe
2842 2571 3021 2637 haud
3054 2572 3466 2638 mediocriter
3508 2595 3672 2653 sum,
3722 2596 3924 2657 quum
3970 2574 4132 2641 haec
4175 2575 4263 2640 ad
4309 2590 4373 2640 te
4416 2574 4571 2641 scri·-

2620 2659 2820 2724 bendi
2863 2680 3005 2724 sese
3049 2660 3385 2741 insperata
3406 2660 3669 2725 offerret
3695 2664 3877 2740 ratio,
3922 2670 3988 2724 et
4010 2682 4392 2745 quanquam
4432 2660 4569 2743 plu-

2622 2747 2793 2809 rima
2861 2744 3169 2810 haberem
3226 2767 3391 2827 quae
3452 2744 3572 2810 tibi
3638 2749 4120 2813 communicare
4187 2746 4574 2817 iamdudum

2622 2851 3037 2914 summopere
3115 2830 3499 2909 desideravi,
3545 2853 3677 2897 non
3723 2853 3913 2915 passa
3956 2844 4057 2898 est
4109 2844 4339 2898 tamen
4400 2832 4575 2898 istud

2620 2919 2934 2999 temporis
2980 2918 3380 3000 improbitas.
3472 2917 3685 3001 Spero
3729 2930 3952 2985 tamen
3997 2919 4359 3003 aliquando
4403 2920 4574 2984 futu-

2619 3023 2774 3067 rum
2838 3012 2915 3068 ut
2961 3002 3178 3068 fidelis
3234 3004 3559 3087 quispiam
3610 3006 3889 3070 nuncius
3932 3004 4289 3070 Genevam
4336 3005 4574 3082 veniat,

2617 3110 2738 3173 per
2787 3111 2980 3172 quem
3039 3089 3183 3154 fuse
3228 3111 3302 3156 ac
3348 3090 3606 3174 copiose
3651 3091 3770 3157 tibi
3825 3113 4151 3177 exponam
4208 3091 4388 3176 quod
4446 3090 4576 3157 iam

2619 3176 2884 3241 silentio
2940 3177 3298 3259 praeterire
3362 3197 3577 3261 cogor.
3666 3177 3794 3242 His
3839 3179 4073 3243 valeto.
4145 3178 4231 3243 D.
4292 3199 4337 3244 a
4383 3178 4578 3242 Lasco

2618 3283 2689 3326 se
2747 3261 2870 3328 tibi
2926 3263 3176 3345 totique
3238 3261 3550 3327 ecclesiae
3596 3264 4128 3329 commendatum
4186 3263 4412 3330 habet.
4498 3260 4576 3326 Id

2616 3348 2818 3412 etiam
2865 3347 3219 3433 diligenter
3262 3346 3345 3411 D.
3393 3348 3811 3414 Valerandus
3872 3349 4166 3415 Polanus
4223 3353 4404 3428 facit,
4469 3370 4577 3415 cu-

2614 3434 2717 3499 ius
2776 3433 3004 3499 literas
3057 3434 3213 3498 huic
3270 3434 3569 3517 epistolio
3612 3456 3746 3499 non
3787 3436 3927 3501 sine
3967 3436 4163 3502 iustis
4210 3435 4577 3502 rationibus

2616 3540 2692 3584 ac
2750 3520 2964 3584 causis
3020 3518 3304 3585 inclusas
3359 3518 3581 3585 habes.
3671 3522 3831 3586 Tuis
3903 3522 4214 3588 fidelibus
4274 3522 4579 3607 precibus

2613 3625 2720 3669 me
2770 3605 3060 3671 vicissim
3119 3606 3318 3670 etiam
3367 3606 3898 3673 commendatum
3956 3608 4184 3675 habeo.
4282 3609 4575 3693 Raptim.

2613 3691 2945 3757 Postridie
2979 3690 3205 3757 Galen.
3249 3690 3564 3756 Novemb.
3620 3698 3800 3759 1555.

3308 3829 3490 3895 Tuus
3534 3829 3618 3893 ad
3661 3833 3882 3896 omnia
3923 3832 4396 3915 paratissimus

3505 3915 3750 3981 Petrus
3785 3918 4182 3985 Dathaenus
4206 3923 4267 3996 ⁴)

3131 3999 3604 4068 Francfordiae
3646 4003 4029 4103 inferiorum
4075 4002 4583 4072 Germanorum

3621 4099 3936 4155 minister.

2984 4178 3019 4185 η-

2612 4275 2798 4331 2838.
2820 4275 2880 4409 {3
2916 4275 3129 4396 οῆἅσῖἕσ
3166 4281 3389 4331 uenum.

2817 4412 2879 4481 3)
2915 4413 3203 4481 Leguntur
3238 4414 3300 4467 in
3323 4412 3370 4467 0
3405 4429 3460 4480 p.
3482 4412 3564 4466 ed.
3588 4411 3722 4484 Kuy
3761 4431 3833 4468 er.
3896 4414 4039 4469 Tom.
4062 4415 4103 4469 Ι.
4140 4432 4200 4485 p.
4226 4417 4340 4472 353
4376 4423 4430 4474 et
4463 4414 4586 4473 384.

2744 4551 2755 4562 ²
2817 4480 2876 4548 4)
2923 4479 3043 4549 Quo
3077 4489 3310 4551 tempore
3345 4428 3678 4536 ssathaenus
3714 4430 4185 4564 {francofordiam
4225 4490 4454 4544 venerit
4484 4503 4590 4541 me-

2611 4565 2819 4604 monae
2849 4550 3129 4620 proditum
3164 4567 3278 4605 non
3311 4557 3405 4604 est.
3470 4548 3603 4619 Ipse
3633 4552 3848 4621 quidem
3882 4555 3944 4607 in
3979 4555 4014 4608 l.
4049 4554 4255 4610 kurtze
4292 4558 4414 4611 und
4450 4573 4588 4610 war-

2610 4619 2836 4687 hafftige
2884 4620 3141 4690 erzelung
3185 4627 3278 4675 etc.
3329 4636 3381 4688 p⁴
3429 4619 3495 4672 10
3545 4620 3861 4687 simpliciter
3912 4623 4076 4677 dicit.-
4128 4624 4240 4677 Die
4296 4627 4420 4697 verj

2611 4689 2869 4743 Ohristen
2915 4706 3011 4744 aus
3058 4691 3181 4743 dem
3218 4688 3520 4742 Niderland
3569 4697 3751 4758 sampt
3782 4691 3963 4745 Heri-n
3998 4708 4106 4745 von
4140 4692 4377 4766 Laszky
4413 4696 4485 4748 ha
4525 4711 4594 4748 en

2609 4757 2754 4811 mich
2808 4758 2978 4811 durch
3040 4758 3097 4827 jr
3150 4757 3441 4810 schreiben
3496 4774 3563 4810 zu
3626 4758 3768 4826 jrem
3821 4761 4270 4816 Kircbendiener
4331 4763 4590 4817 loruffen.

2612 4826 2947 4893 Misi-onius,
3001 4829 3101 4897 qui
3152 4842 3251 4895 per
3301 4825 3529 4897 aliquod
3579 4833 3786 4895 tempus
3832 4830 3934 4884 hoc
3982 4833 4309 4886 ministerio
4361 4834 4596 4900 funem

2613 4897 2795 4966 ficerat
2807 4935 2824 4963 ,
2878 4897 2991 4949 iam
3042 4898 3105 4950 in
3156 4911 3310 4950 suam
3372 4897 3715 4963 provinciam
3765 4898 3996 4953 rediisse
4044 4899 4294 4955 videtur.
4398 4902 4594 4956 Etim-⁸

2611 4964 2894 5019 Habemus
2947 4969 3029 5019 ter
3074 4964 3241 5019 Haar
3291 4966 3352 5018 in
3403 4980 3508 5018 sua
3566 4965 3691 5019 Vita
3730 4967 3886 5021 Petri
3928 4967 4185 5024 Dathema·
4236 4970 4406 5038 staff.
4456 4968 4594 5024 1858

2610 5034 2753 5089 nihil
2787 5034 2977 5101 affert.-
3011 5035 3147 5103 quid
3180 5033 3327 5104 quod
3360 5034 3444 5088 vel
3474 5040 3612 5089 tacet
3646 5034 3713 5089 de
3743 5037 3859 5092 loeo
3892 5038 4039 5092 unde
4072 5038 4164 5092 ille
4200 5043 4443 5097 venerit.
