4850 6200
547 442 673 509 267

543 627 747 712 aliqui
791 636 860 693 et
903 625 1109 693 sancti
1149 623 1298 690 libri
1345 622 1452 691 hic
1495 644 1629 690 non
1673 624 2118 703 inveniantur,
2173 646 2212 689 e
2254 622 2490 707 quibus

540 735 687 784 esse
742 712 909 779 mihi
966 708 1279 795 quosdam
1335 710 1603 789 vellem,
1661 710 1897 794 quibus
1957 711 2128 775 hanc
2183 711 2491 795 hyemem

541 818 1028 871 consumerent·
1189 796 1272 862 od
1317 797 1372 862 si
1417 797 1650 863 scirem
1684 817 1815 881 qua
1848 797 2102 863 ratione
2145 797 2491 880 pecuniam

544 889 804 957 solvere
846 905 1121 968 possem,
1210 892 1284 947 ut
1324 881 1499 964 apud
1542 903 1734 966 quem
1760 882 2059 949 Venetiis
2101 882 2490 965 relinquere,

547 976 746 1042 etiam
769 980 963 1054 atque
985 970 1182 1034 etiam
1208 968 1323 1035 abs
1347 982 1413 1033 te
1445 966 1903 1034 contenderem
1939 978 2016 1033 ut
2038 967 2256 1033 Biblia
2291 988 2494 1050 parva

551 1058 855 1143 Stephani
876 1060 928 1132 ³)
971 1076 1122 1122 cum
1178 1054 1736 1133 annotationibus,
1795 1064 1864 1118 et
1906 1056 1958 1120 si
2006 1053 2162 1137 quid
2204 1052 2381 1119 aliud
2423 1054 2494 1118 in

548 1144 900 1231 prophetas
965 1142 1053 1207 sit
1113 1140 1184 1205 in
1251 1141 1487 1225 quibus
1544 1161 1665 1225 ego
1731 1139 2182 1206 lubentissime
2248 1161 2492 1217 versor,

547 1231 713 1297 mihi
768 1229 896 1294 huc
946 1226 1266 1292 mittenda
1321 1247 1525 1293 eures.
1616 1225 1752 1291 Sed
1806 1248 1888 1293 ne
1930 1225 1999 1291 id
2045 1226 2305 1309 quidem
2352 1225 2494 1291 fieri

547 1315 787 1383 vellem
830 1313 984 1379 ullis
1030 1312 1409 1391 rationibus,
1453 1313 1581 1377 nisi
1621 1311 1783 1376 mihi
1817 1312 2014 1377 simul
2049 1314 2248 1377 etiam
2290 1312 2494 1396 signi-

547 1404 702 1470 fices
736 1398 912 1483 apud
948 1419 1140 1482 quem
1176 1399 1514 1480 pecuniam
1541 1398 1837 1463 Venetiis
1871 1398 2254 1480 relinquam,
2291 1418 2495 1480 quum

548 1498 726 1556 certo
787 1486 985 1552 sciam
1045 1484 1192 1550 istic
1250 1496 1638 1550 mercatores
1695 1505 1837 1549 esse
1894 1484 2203 1567 quosdam
2258 1483 2497 1566 quibus

550 1594 755 1657 aeque
798 1573 927 1637 erit
969 1571 1023 1636 si
1070 1568 1366 1635 tradatur
1400 1570 1678 1653 pecunia
1713 1591 1788 1634 ac
1833 1569 1888 1635 si
1924 1569 2043 1634 tibi
2078 1578 2494 1653 praesentem

546 1659 1030 1745 persolvissem.
1099 1656 1309 1738 Spero
1343 1676 1477 1721 una
1510 1678 1659 1721 cum
1702 1656 1977 1721 saevitia
2021 1656 2301 1741 hyemis,
2344 1676 2497 1737 quo-

550 1744 830 1813 rundam
853 1744 1050 1808 etiam
1071 1742 1544 1807 immanitatem
1582 1741 2084 1820 terminandam,
2123 1750 2189 1806 et
2221 1742 2496 1806 ineunte

551 1852 725 1899 anno
768 1850 872 1894 me
918 1826 1178 1911 aliquod
1221 1828 1417 1894 rebus
1460 1829 1625 1893 meis
1679 1827 1911 1893 melius
1956 1827 2300 1893 consilium
2342 1847 2494 1910 cap-

550 1923 793 1983 turum.
881 1914 1155 1980 Interim
1201 1922 1269 1978 et
1308 1934 1412 1979 res
1466 1933 1645 1979 meas
1689 1912 1816 1979 hue
1860 1913 2299 1997 apportandas
2342 1933 2497 1979 curo

550 2024 714 2087 quas
758 2000 930 2085 apud
975 2022 1093 2065 vos
1136 2000 1387 2080 reliqui,
1446 2011 1510 2064 et-
1569 2020 1790 2065 rerum
1846 1999 2185 2064 meliorum
2230 2019 2497 2082 exspec-

552 2089 800 2154 tatione
844 2106 1070 2152 omnes
1126 2086 1433 2151 fortunae
1478 2094 1898 2170 tempestates
1960 2106 2128 2168 quae
2170 2084 2496 2151 nobilissi-

550 2195 728 2241 mam
771 2171 1055 2239 insulam
1114 2172 1451 2255 exagitant
1508 2172 1728 2237 minus
1783 2171 2072 2256 graviter
2115 2172 2269 2238 fero.
2358 2169 2496 2236 Do-

551 2260 772 2327 minus
827 2257 939 2324 det
997 2258 1132 2323 suis
1192 2257 1476 2339 aliquam
1535 2257 1944 2323 miseriarum
1989 2256 2385 2322 levationem
2429 2265 2499 2321 et

550 2347 857 2412 iactatam
893 2344 1234 2411 ecclesiam
1267 2342 1349 2408 ad
1386 2343 1669 2427 aliquam
1692 2364 1916 2410 veram
1953 2344 2498 2426 tranquillitatem

551 2430 848 2509 reducat,
930 2437 998 2496 et
1063 2439 1127 2496 te
1192 2429 1512 2508 ecclesiis,
1579 2429 1883 2496 ecclesias
1949 2428 2074 2494 sibi
2137 2438 2495 2496 conservet.

556 2517 825 2602 Optime
888 2516 959 2581 in
1025 2515 1293 2582 Ohristo
1365 2515 1605 2581 valeas.
1710 2515 1968 2581 Patavii
2039 2519 2131 2581 12.
2194 2515 2498 2582 Octobris

555 2604 735 2668 1554.

1329 2688 1456 2752 Tui
1499 2710 1584 2753 ex
1629 2689 1846 2755 animo
1891 2688 2411 2756 studiosissimus

1606 2775 1786 2840 Ioan.
1831 2773 2103 2843 Ohecus.

635 2944 871 3012 Saluta
912 2965 1143 3028 precor
1186 2943 1274 3009 D.
1321 2942 1769 3022 marchionem,

545 3030 633 3100 D.
686 3031 1106 3108 Normandie,
1164 3028 1329 3095 Rob.
1380 3028 1781 3113 Stephanum,

546 3115 633 3269 ἓ.
681 3116 992 3197 Budeum,
1049 3117 1319 3182 fratrem
1376 3135 1452 3181 ac
1493 3137 1780 3184 sororem

623 3223 746 3269 am.

1419 3699 1622 3770 2080.

933 3855 1433 3924 HALLERUS
1478 3855 2111 3924 BULLINGERO.

725 4025 996 4092 Nuneiat
1057 4029 1386 4094 adventum
1455 4028 1658 4094 Fabri
1723 4031 1968 4097 nomine
2042 4030 2496 4096 Genevensium

2022 434 2547 503 EPISTOLAE
2593 439 3017 502 2029—2032

4419 443 4549 506 268

2593 623 3013 690 vindemiam.
3116 622 3546 692 Genevenses
3613 626 3742 692 huc
3804 627 4130 693 miserunt
4193 648 4396 693 unum
4469 649 4554 694 ex

2593 710 2912 776 ministris
2954 710 3068 793 qui
3110 720 3617 795 conquereretur
3659 711 3830 796 apud
3857 721 4164 778 senatum
4188 712 4360 796 quod
4401 711 4553 779 Cal·

2593 796 2731 860 vini
2775 816 3036 873 nomen,
3083 803 3397 880 tanquam
3442 798 3873 877 haereticum,
3932 818 3973 863 a
4014 798 4408 882 quibusdam
4451 799 4551 863 di-

2596 881 2792 947 tionis
2836 888 3100 947 nostrae
3143 884 3463 949 ministris
3497 883 3902 964 traducatur,
3944 893 4010 950 et
4045 884 4166 951 hoe
4201 883 4365 968 ipsis
4406 906 4550 950 esse

2595 966 3023 1034 intolerabile.
3090 966 3225 1034 Sed
3270 969 3618 1036 remissum
3652 979 3754 1035 est
3798 970 3920 1037 hoc
3962 970 4298 1055 negotium
4340 991 4550 1053 usque

2596 1052 2679 1118 ad
2724 1054 2897 1119 diem
2942 1054 3233 1132 Martini,
3294 1063 3437 1120 tum
3483 1064 3889 1123 accusatores
3945 1055 4141 1121 simul
4182 1064 4252 1122 et
4292 1057 4389 1121 rei
4435 1056 4550 1121 ad-

2596 1146 2809 1204 erunt.
2899 1140 3045 1224 Ego
3102 1140 3294 1206 valde
3352 1149 3573 1208 metuo
3626 1162 3861 1224 graves
3919 1143 4164 1208 turbas.
4267 1140 4402 1208 Sed
4445 1144 4550 1206 in-

2595 1233 2826 1291 vocato
2869 1224 3137 1290 Domini
3189 1228 3452 1291 nomine
3507 1227 3803 1293 dabimus
3856 1248 4152 1311 operam,
4213 1235 4290 1293 ut
4347 1248 4548 1311 quam

2602 1310 2941 1377 commode
2996 1312 3138 1377 fieri
3195 1313 3401 1395 possit
3443 1314 3800 1397 sopiantur.
3889 1314 3993 1379 'Pu
4036 1315 4091 1379 si
4148 1311 4306 1398 quid
4344 1313 4548 1381 habes

2597 1396 2869 1477 consilii,
2913 1397 3249 1482 suggerito
3292 1399 3559 1465 interea.

2772 1517 3034 1583 Bernae
3084 1521 3179 1583 13.
3226 1519 3430 1585 octob.
3482 1523 3664 1584 1554.

3445 1653 3625 1720 Ioan.
3671 1655 3982 1721 Hallerus
4028 1664 4201 1721 totus
4249 1672 4418 1722 tuus,

3478 2199 3675 2271 2081.

2972 2336 3696 2405 MELANGHTHON
3741 2338 4176 2406 OALVINO.

2775 2509 2959 2593 Leqit
2999 2508 3232 2575 librum
3271 2515 3488 2578 eontra
3526 2509 3841 2577 Servatum
3882 2517 3939 2576 et
3978 2513 4295 2593 approbat.
4390 2510 4551 2580 Pro-

2600 2596 2704 2661 bat
2760 2615 2999 2678 quoque
3055 2601 3312 2663 senam
3368 2597 3694 2663 iudicium.
3800 2596 3978 2679 Quod
4040 2617 4184 2665 vero
4248 2596 4553 2666 Calvinus

2601 2702 2745 2748 eum
2797 2686 2974 2765 νομαί
3028 2688 3100 2747 ut
3162 2683 3238 2749 de
3295 2684 3707 2749 controversia
3762 2685 4262 2749 sacramentaria
4304 2684 4553 2767 publ-‘oe

2602 2768 2790 2834 verba
2828 2768 3046 2849 faeiat,
3088 2767 3198 2834 hoe
3238 2769 3375 2835 iam
3415 2769 3810 2852 depreeatur,
3868 2770 4029 2835 satis
4080 2789 4389 2853 superque
4430 2771 4555 2838 sibi

2602 2855 2734 2936 ipsi
2778 2853 3066 2936 alioquin
3106 2855 3348 2939 neqoua
3386 2852 3619 2936 secessi
3659 2856 3885 2921 dicens,

2604 3023 2796 3091 (Manu
2830 3023 3089 3093 scriptam
3125 3042 3234 3080 non
3272 3025 3519 3082 vidimus.
3586 3024 3767 3080 Habet
3800 3026 3941 3080 Beza
3976 3026 4109 3080 Gen.
4148 3045 4201 3096 p.
4238 3025 4355 3091 148,
4394 3028 4553 3083 Lm.

2645 3133 2659 3146 .
2694 3090 2800 3147 306
2851 3092 2985 3148 Han.
3029 3112 3084 3164 p.
3117 3093 3242 3160 341,
3279 3094 3490 3149 Obouet
3523 3111 3576 3163 p.
3599 3093 3729 3176 ⁶199,
3766 3097 3943 3149 Amat.
3977 3115 4032 3166 p.
4050 3094 4117 3151 92
4153 3103 4216 3179 et
4243 3097 4371 3179 inde
4392 3095 4553 3180 Oorp.

2683 3162 2721 3215 f.
2760 3135 2903 3216 vin.
2931 3161 3052 3218 362.
3103 3164 3488 3234 Fragmentum
3525 3166 3785 3233 epistolae
3820 3165 3980 3219 affert
4012 3165 4282 3220 Sturmms
4316 3184 4372 3220 m
4394 3167 4554 3221 Ann-

3354 3249 3538 3302 pnppo
3572 3250 3627 3302 p·
3666 3231 3813 3298 133·)

2775 3401 3168 3469 Reverendo
3201 3401 3310 3469 vir
3347 3411 3413 3470 et
3447 3404 3783 3471 carissime
3818 3403 4040 3484 frater,
4073 3405 4206 3491 legi
4240 3406 4557 3490 seriptum

2605 3495 2812 3566 tuum,
2855 3489 2930 3552 in
2971 3510 3100 3572 quo
3143 3490 3445 3556 refutasti
3484 3490 3851 3557 luculenter
3907 3491 4269 3558 horrendas
4317 3491 4557 3560 Serve&

2606 3573 2747 3640 blas
2795 3575 3076 3641 hemias:
3125 3596 3200 3642 ac
3242 3575 3376 3641 filio
3419 3575 3548 3642 Dei
3593 3577 3840 3661 gratias
3884 3597 4039 3661 ago,
4084 3579 4195 3662 qui
4237 3578 4363 3643 fuit
4404 3581 4556 3664 βρα-

2602 3663 2808 3743 βευτης
2861 3659 3061 3727 buius
3121 3661 3221 3727 tui
3293 3662 3540 3748 agonis.
3626 3662 3774 3728 'ribi
3843 3683 4097 3747 quoque
4154 3664 4427 3729 ecclesia
4485 3670 4553 3730 et

2602 3767 2776 3813 nunc
2820 3757 2888 3811 et
2930 3746 3013 3812 ad
3055 3757 3349 3830 posteros
3406 3747 3876 3833 gratitudinem
3924 3748 4115 3814 debet
4159 3761 4225 3814 et
4268 3747 4547 3816 debebit.

2603 3832 2744 3898 'l‘uo
2788 3830 3026 3898 iudicio
3081 3855 3353 3919 prorsus
3408 3834 3746 3900 assentior.
3836 3835 4114 3900 Affirmo
4159 3836 4354 3901 etiam
4399 3856 4549 3901 ves-

2601 3927 2738 3985 tros
2779 3919 3201 4003 magistratus
3244 3921 3415 3987 iuste
3463 3919 3721 3996 fecisse,
3777 3920 3953 4003 quod
3996 3921 4329 3987 hominem
4371 3920 4549 3987 blas-

2599 4003 2910 4088 phemum
2978 4025 3051 4070 re
3115 4005 3343 4070 ordine
3406 4005 3692 4071 iudicata
3755 4006 4241 4073 interfecerunt.
4351 4004 4550 4089 Quod

546 4114 974 4178 ministrorum
1016 4115 1092 4178 de
1139 4114 1445 4180 Zebedaeo
1503 4123 1554 4178 et
1610 4119 1792 4181 sociis
1851 4117 2164 4199 querentis
2207 4135 2258 4180 ec
2304 4138 2496 4183 novas
2543 4121 2550 4202 ζ
2600 4111 2755 4154 Vffl'o
2794 4090 2866 4153 in
2910 4091 3227 4173 Ptolimiss
3263 4092 3473 4157 literis
3499 4094 3547 4169 ¹)
3580 4114 3687 4157 ¹1¹0
3732 4092 4034 4170 hortaris,
4080 4109 4155 4157 ¹1¹⁵
4191 4094 4551 4177 reprimam

541 4199 687 4266 inde
730 4201 1086 4264 nascituras
1128 4202 1344 4266 turbas
1379 4205 1719 4286 praesayit.

541 4373 652 4440 (1⁴21
694 4371 1027 4440 autographo
1069 4372 1226 4424 Arcb.
1273 4373 1449 4426 Tur-ic.
1499 4375 1639 4427 Plut.
1691 4373 1784 4427 vl.
1825 4375 1948 4427 Vol.
1987 4373 2102 4440 154,
2151 4376 2276 4428 olim
2317 4376 2490 4428 Scrin.
2539 4373 2547 4448 1

773 4443 830 4493 Β.
871 4442 1007 4508 Epp-
1046 4440 1177 4492 Toni
1230 4441 1312 4510 32,
1355 4445 1440 4494 fol.
1478 4443 1595 4495 2053.
1665 4473 1694 4480 -
1737 4446 1948 4498 Simler.
1989 4445 2108 4496 Vol.
2149 4445 2264 4506 83.)

711 4613 1096 4678 Clarissimo
1139 4614 1284 4678 viro
1321 4613 1403 4678 D.
1453 4616 1835 4700 Heinrycho
1865 4617 2243 4700 Bullingero
2289 4617 2489 4700 Tigu·
2538 4629 2545 4712 j

535 4700 719 4767 rinae
771 4699 1079 4765 eeclesiae
1131 4699 1504 4765 fidelissimo
1565 4704 1804 4783 pastori
1869 4702 2130 4766 domino
2189 4717 2254 4768 et
2312 4723 2491 4768 com-

537 4788 706 4870 patri
752 4808 868 4850 suo
915 4788 1016 4868 pie
1062 4786 1346 4852 colendo.

1972 4876 2230 4942 Ziirich.

541 4992 750 5006 *-

541 5079 624 5090 -—-
717 5079 748 5086 -
801 5045 1184 5110 paucissimi
1231 5057 1605 5112 senatorum
1667 5057 1823 5112 sunt
1881 5049 1948 5112 in
2009 5049 2174 5113 urbe
2219 5061 2488 5134 propter

542 5163 656 5178 u—--

538 5301 774 5354 eduum
811 5303 946 5354 satia
979 5303 1246 5359 celebrata
1290 5321 1338 5358 a.
1379 5303 1514 5356 1545
1551 5305 1645 5358 ubi
1693 5306 1954 5375 Vulqme
1987 5322 2183 5362 novam
2233 5308 2485 5364 strioen·

541 5371 683 5426 otuu·
721 5373 1012 5426 versionem
1047 5373 1321 5427 adimit.

2593 4896 2778 4950 2081.
2802 4897 2856 4958 1)
2895 4894 2969 4950 N.
3016 4894 3169 4948 2000.

1229 4999 1308 5006 --
1371 4999 1448 5006 —
1493 4999 1564 5006 —--
1625 4998 1704 5008 --
1751 5001 1834 5008 --
1883 4998 1963 5010 --
2021 5000 2104 5008 ”-
2146 4999 2231 5010 ·-·-
2277 4999 2356 5008 -”
2403 5001 2489 5011 ““
2539 4981 2546 5008 “
2591 5036 2739 5089 m
2786 5031 3060 5088 Electum
3109 5033 3461 5088 macarius
3516 5037 3568 5090 en·
3613 5037 3884 5090 silentium
3940 5038 4353 5104 exprobrabant.
4432 5038 4547 5093 Sed

2538 5113 2545 5160 ι
2592 5103 2769 5159 luctae
2801 5103 2983 5158 laesus
3014 5103 3047 5166 f
3113 5102 3270 5158 fiebat.

745 5233 806 5296 3)
847 5232 1018 5288 num
1050 5236 1136 5288 12⁶0
1173 5234 1418 5290 ediderat
1433 5207 1602 5290 ιιεωὶα
1637 5237 1698 5290 a·
1723 5237 1930 5292 minore
1961 5237 2159 5302 form,
2197 5240 2336 5294 {nur
2369 5239 2489 5294 acca
2535 5253 2542 5312 ς
2593 5247 2686 5307 ωε,
2725 5239 2821 5294 sod
2873 5238 2943 5295 W

2544 4217 2547 4226 ·
2598 4175 2960 4241 ineruditos
3035 4175 3349 4243 clamores
3409 4178 3696 4255 illorum,
3719 4181 3774 4262 ²)
3841 4180 3951 4260 qui
4018 4186 4340 4243 renovant
4403 4199 4547 4246 cer-

2598 4269 2816 4327 tamen
2864 4265 3002 4345 περὶ
3044 4261 3486 4348 ἅρτολατρείας,
3514 4266 3566 4340 ³)
3626 4265 3786 4330 scito
3843 4264 4153 4346 quosdam
4198 4265 4549 4348 praecipue

2598 4346 2747 4412 odio
2804 4348 2937 4413 mei
2996 4369 3141 4412 eam
3200 4347 3708 4432 disputationem
3763 4370 4051 4430 movere,
4129 4361 4203 4415 ut
4256 4350 4548 4418 habeant

2595 4432 3009 4516 plausibilem
3083 4454 3345 4501 causam
3426 4434 3509 4499 ad
3575 4456 3679 4499 me
3744 4436 4258 4518 opprimendum.
4367 4436 4549 4503 Cum

2596 4518 2801 4584 doctis
2845 4529 2911 4584 et
2955 4521 3143 4585 bonis
3179 4521 3341 4585 viris
3377 4520 3589 4586 multa
3624 4521 4030 4605 colloquutus
4072 4545 4215 4588 sum
4253 4521 4334 4588 de
4370 4523 4545 4587 mul-

2595 4606 2680 4668 tis
2726 4603 3292 4688 disputationibus,
3339 4626 3497 4690 quas
3533 4606 3691 4673 haee
3727 4628 3859 4672 una
3894 4609 4334 4675 controversia
4366 4630 4547 4675 com-

3259 4897 3341 4963 (ΣΥ.
3393 4897 3669 4964 Schmidt,
3725 4898 3856 4951 Mel.
3903 4914 3959 4964 p.
4007 4898 4107 4951 581
4156 4915 4183 4954 ,ς
4223 4939 4234 4950 .
4309 4897 4546 4967 Plane-k,

2594 4966 2829 5034 Lekrby.
2878 4965 2942 5017 V.
2975 4965 3010 5018 2
3039 4981 3095 5032 p.
3130 4963 3234 5018 438
3269 4981 3346 5035 sq.
3418 4965 3610 5020 Etiam
3652 4966 3777 5032 alii,
3825 4969 3967 5020 inter
4014 4983 4148 5037 quos
4184 4917 4304 5023 iJlr.
4343 4966 4544 5021 Mord-

2800 5169 2857 5238 2)
2897 5171 3031 5226 Non
3144 5170 3352 5251 ἰρακάἑ,
3390 5189 3543 5241 quem
3582 5173 4065 5229 Bretechneiderus
4099 5175 4186 5230 hic
4221 5175 4408 5229 notari
4436 5193 4545 5243 pu-

2795 5307 2860 5376 3)
2892 5308 3017 5365 Hoc
3060 5280 3403 5374 metatum,
3461 5309 3607 5379 quoa
3648 5312 3810 5366 etnam
3860 5312 4061 5367 Nostro
4122 5315 4341 5378 arran,
4396 5314 4544 5370 aasz·

2536 5391 2541 5402 ·
2590 5380 2839 5434 intimam
2878 5377 2988 5432 viri
3018 5384 3240 5433 menum
3276 5377 3531 5434 declarat.
