4850 6200
542 453 669 517 871

547 636 1292 791 domoselupraffiglavit,
1371 562 1707 801 ωιιΙωὲιιθ
1764 656 2005 786 sagus
2068 642 2172 701 est
2233 641 2504 787 plrolpter

545 743 779 877 2313&
820 745 1077 876 arai-1„
1117 724 1570 894 .ἰ“ἑ,“ἕ.“.ῗξῗὲἠῗ
1588 741 1873 885 „Qus
1917 743 2218 892 .ῗῖῗίἕὲιῖ
2248 744 2348 873 ..ἲ
2367 742 2503 873 ,1³53

547 895 754 962 semel
809 895 1076 975 dixisti,
1147 894 1363 962 adhuc
1428 904 1532 960 est
1594 892 2004 973 miserabilia,
2071 915 2216 959 meo
2258 892 2501 958 iudicio

550 1001 716 1067 opus
757 980 957 1047 habet
999 991 1065 1047 te
1106 980 1392 1047 medico:
1439 979 1701 1047 curabis
1744 980 1984 1045 multos
2041 981 2096 1045 si
2143 980 2319 1046 hunc
2362 980 2502 1045 fere

1425 1067 1579 1132 Erit
1610 1064 1946 1151 singulare
1984 1086 2304 1150 organum
2345 1064 2498 1131 Dei.

722 1236 1072 1305 Cracoviae
1129 1247 1286 1305 sunt
1335 1237 1764 1304 Franciscani
1821 1246 1981 1303 tres:
2028 1236 2242 1302 Iulius
2286 1235 2500 1302 Mare-

546 1325 689 1390 είω
723 1324 1166 1404 Bellunensis,
1203 1323 1431 1391 doctor
1471 1322 1855 1406 theologiae,
1901 1344 2220 1407 pronepos
2258 1322 2500 1390 Urbani

551 1411 1230 1563 Ῥιέῑθξὲεωωειίοᾟω
1257 1407 2012 1565 ίἶ31110(ιιιωῙᾞειᾱίἀίι,ιιι,
2043 1430 2246 1559 napos
2289 1408 2497 1559 Pigrii

818 1517 891 1562 πί
945 1518 1076 1562 vm
1180 1516 1521 1564 oc1ss1m1·
1684 1515 1839 1560 eron
1959 1516 2036 1560 us
2161 1516 2318 1560 azzo
2428 1516 2498 1560 e-

545 1591 759 1661 netus,
826 1583 1026 1647 etiam
1101 1581 1469 1665 theologiae
1547 1580 1790 1657 doctor,
1841 1515 2049 1646 1111111110
2113 1579 2358 1646 eruditi
2421 1580 2498 1645 in

544 1668 803 1753 graecis
860 1678 927 1734 et
978 1668 1205 1733 latinis
1260 1667 1490 1744 literis,
1533 1665 1745 1750 logica
1786 1665 2200 1751 philosophia
2242 1674 2308 1732 et
2349 1688 2495 1731 mu-

544 1755 712 1822 sica:
760 1753 1045 1820 Ioannes
1094 1753 1325 1820 Soldra
1382 1752 1855 1829 cracoviensis,
1903 1751 1984 1817 de
2026 1773 2153 1836 quo
2195 1753 2291 1818 sic
2332 1752 2495 1818 scri-

545 1840 645 1906 bit
707 1839 1161 1925 Hieronymus
1210 1839 1477 1906 Mazza-
1543 1838 1674 1903 Hic
1737 1838 2082 1904 manifeste
2147 1837 2494 1904 Christum

543 1925 882 2010 praedicat
923 1946 1045 1991 nec
1097 1925 1221 1991 sibi
1270 1924 1602 1990 tantillum
1658 1923 1847 1989 timet
1888 1924 1970 1991 ab
2013 1923 2119 1989 his
2162 1924 2493 1990 canonicis

543 2013 656 2095 qui
719 2010 911 2077 illum
978 2012 1380 2078 exstinctum
1444 2010 1737 2093 cupiunt.
1823 2009 1931 2074 Ex
1988 2009 2186 2076 huius
2232 2009 2497 2076 Soldrae

543 2096 758 2162 literis
815 2095 898 2163 ad
944 2117 1053 2161 me
1108 2097 1296 2163 vides
1347 2096 1710 2162 Dominum
1754 2115 1989 2162 vocare
2032 2116 2111 2163 ea
2152 2118 2318 2180 quae
2359 2117 2495 2162 non

544 2191 702 2248 sunt
742 2197 811 2248 et
851 2183 947 2250 sic
979 2183 1306 2249 infatuare
1340 2182 1729 2266 sapientiam
1773 2181 2027 2250 mundi.
2046 2184 2141 2257 ²⁰)

548 1066 881 1151 sepultum
923 1068 1336 1134 excitaveris.

1419 2711 1615 2783 2851.

896 2867 1025 2936 GL
1033 2866 1669 2939 AUBURGERUS
1706 2865 2143 2935 OALVINO.

712 3040 921 3109 Morte
961 3041 1181 3126 aquati
1208 3041 1490 3126 maniter
1520 3041 1796 3124 affectus,
1836 3042 2102 3126 ρναυίω
2121 3041 2310 3107 ctiam
2351 3059 2494 3107 con-

536 3129 710 3197 cione
747 3126 1002 3212 funebri
1047 3128 1124 3194 dc
1166 3148 1235 3193 eo
1276 3127 1496 3194 habita
1536 3128 1781 3195 diutius
1824 3147 2192 3210 responsum
2224 3127 2489 3193 distulit.

536 3214 690 3281 Iam
730 3215 892 3298 pem
940 3218 1013 3279 ut
1063 3212 1371 3280 Calvinus
1422 3234 1546 3281 non
1601 3214 1777 3280 modo
1806 3213 2172 3298 pereyrinos
2215 3213 2495 3279 Franco-

533 3301 785 3386 sordine
850 3304 1298 3367 commorantes
1348 3301 1459 3368 scd
1510 3305 1567 3366 et
1621 3300 1956 3385 indiyenas
2019 3300 2490 3377 concionatore&

536 3388 652 3540 gui
702 3386 1043 3470 evanqelici
1077 3385 1289 3453 volunt
1334 3385 1663 3469 appellari,
1722 3385 1812 3452 ad
1857 3405 2079 3470 pacem
2135 3389 2193 3451 et
2252 3405 2493 3452 concor-

582 3491 718 3540 ⁸a⁸⁸⁸
757 3471 1049 3540 hortetur.

858 3641 968 3712 (Ex
1000 3642 1341 3714 autographo
1375 3641 1505 3698 eod.
1541 3640 1746 3701 Genev.
1780 3642 1897 3712 109,
1932 3643 2026 3699 fol.
2060 3642 2172 3711 63.)

536 3813 929 3882 Reverendo
992 3823 1062 3880 et
1125 3814 1489 3882 clarissimo
1552 3815 1698 3883 viro
1753 3815 1835 3881 D.
1911 3815 2149 3881 Ioanni
2208 3812 2491 3881 Oalvino

538 3900 855 3970 ecclesiae
908 3899 1320 3970 Genevensis
1372 3903 1619 3985 pastori
1677 3900 2058 3967 fidelissimo
2111 3900 2375 3966 domino
2423 3909 2492 3966 et

918 3987 1129 4052 amico
1172 4008 1293 4054 suo
1335 3986 1642 4072 inprimis
1685 3987 2112 4055 observanda

707 4157 780 4226 S.
836 4160 923 4225 D.
981 4157 1374 4225 Reverendo
1431 4170 1502 4224 et
1555 4157 1927 4226 doctissime
1986 4158 2249 4226 domine
2292 4165 2490 4243 atque

536 4247 744 4314 amice
776 4243 1202 4326 observande,
1242 4244 1472 4311 literae
1508 4253 1683 4326 tuae,
1727 4266 1891 4330 quas
1933 4267 2149 4330 nuper
2190 4243 2276 4311 ad
2315 4266 2490 4312 nun-

710 4552 806 4620 20)
842 4552 1190 4607 Lismaninus
1224 4571 1272 4608 a.
1302 4550 1442 4607 1666
1475 4553 1534 4608 111
1551 4553 1834 4609 Poloniam
1868 4554 2100 4609 revertit
2123 4552 2292 4618 (Lab.
2300 4567 2363 4636 p.
2379 4550 2487 4616 66).

541 4623 853 4679 Revocatus
879 4622 1008 4690 fuit,
1044 4628 1106 4676 ut
1139 4638 1314 4691 supra
1341 4623 1602 4689 diximus,
1637 4640 1675 4679 α
1801 4622 1999 4679 οάοΡι
1989 4623 2310 4679 ’παουίοπεί
2330 4623 2491 4678 cuius

534 4661 2311 4761 ummmuIoeBudsinaoe.(Lub.p.Sauq.11..596)
2379 4692 2487 4745 Δε-

530 4761 1127 4844 postumium-alia
1286 4709 2487 4843 ΖαποήίίᾶΗάᾹνρωὲΙᾶΞώτΜ.

534 4830 777 4897 (Zamae
815 4828 951 4899 Opp.
987 4829 1137 4883 VIII.
1170 4776 1278 4890 gg.)
1346 4829 1536 4885 Mense
1571 4828 1733 4884 Maio
1764 4838 1863 4884 αιιε
1897 4829 2067 4885 Iunio
2101 4830 2163 4884 ίπ
2201 4830 2489 4884 Polom'am

535 4902 701 4955 vonit.
774 4896 1021 4953 Sanam
1052 4899 1116 4951 ⁸⁶⁸⁸
1149 4898 1274 4953 bibl.
1296 4899 1568 4953 Antitrin.
1603 4896 1675 4951 35
1706 4898 1903 4954 laudat
1937 4899 2259 4953 Ιιίειπαπίπί
2289 4899 2488 4966 epieto·

539 4969 651 5023 lom
696 4966 773 5023 ad
816 4972 1136 5022 concentum
1171 4966 1611 5022 Pinczooiemcm
1654 4967 1842 5023 datam
1885 4984 1938 5022 α.
1982 4967 2037 5024 d.
2080 4966 2177 5021 ΙΙΙ.
2212 4966 2303 5023 Id.
2338 4963 2489 5022 Nov.

540 5035 696 5091 1666.
752 5034 849 5089 Ec
882 5036 972 5089 Ιιίε
1005 5036 1254 5090 cambus
1282 5036 1450 5101 facilc
1480 5036 2114 5104 cf'ficn‘cshoncnostron
2149 5037 2233 5091 ccl
2264 5041 2493 5089 exeunte

541 5104 689 5162 Noc.
724 5103 809 5160 vel
838 5105 1061 5159 ineunte
1082 5103 1217 5160 Dec.
1249 5106 1512 5173 scriptam
1542 5106 1663 5171 fuis
1769 5112 1822 5161 ct
1852 5104 2138 5161 Calvinum
2157 5103 2491 5159 ,Βίειπαπίπο

540 5174 947 5256 maenum
992 5173 1154 5235 finem
1197 5175 1339 5228 αππί
1371 5174 1647 5242 plurim
2138 5173 2217 5227 ad
2253 5172 2495 5228 Polonos

539 5243 766 5376 muse,
771 5242 1500 5367 agag-'frma
1476 5240 2497 5383 ipaemuonmmdm‘

535 5380 814 5438 πιαῑωνίε.

2067 445 2601 515 ΕΡΙΒΤΟῙιΔΕ
2639 448 3062 513 2350-2352

4415 450 4529 512 872

2607 634 2795 700 (linas
2852 634 3474 701 Francofordienses
3530 636 3614 702 ad
3660 657 3764 700 me
3801 632 4058 714 dedisti,
4080 637 4132 713 ¹)
4175 655 4251 699 eo
4287 634 4386 699 die
4425 657 4532 701 ex·

2604 719 2852 786 hibitae
2914 720 3076 785 mihi
3137 722 3404 786 fuerunt
3446 744 3573 805 quo
3617 722 3991 788 carissimus
4047 741 4232 786 meus
4274 731 4536 805 agnatus

2605 806 2691 872 D.
2718 806 3066 890 Adolphus
3089 829 3129 873 a
3158 807 3490 892 Glaubury
3530 806 3639 885 (ad
3662 829 3856 891 quem
3888 827 4143 890 quoque
4187 817 4341 872 tunc
4382 820 4534 872 tem·

2605 893 2782 992 poris
2853 893 3237 975 scripseras)
3316 894 3860 978 periculosissimo
3924 891 4149 956 morbo
4214 904 4537 976 correptus

2603 979 2941 1062 inceperat
2984 978 3388 1045 decumbere.
3411 982 3470 1060 ²)
3529 980 3852 1062 Quamvis
3896 988 4118 1043 autem
4143 980 4537 1077 gratissimae

2606 1066 2853 1131 fuerint
2894 1074 2961 1129 et
3003 1066 3137 1130 sint
3179 1065 3414 1130 literae
3456 1076 3631 1145 tuae,
3701 1077 3774 1130 ut
3815 1064 3961 1130 illas
4005 1064 4085 1130 ob
4130 1065 4435 1148 pietatem
4476 1071 4540 1131 et

2603 1150 3057 1216 excellentiam
3115 1151 3397 1217 nominis
3451 1152 3548 1216 tui
3613 1152 3870 1234 saepius
3926 1150 4338 1215 exosculatus
4401 1151 4535 1231 sim,

2604 1237 3202 1319 constitueramque
3225 1236 3307 1302 ad
3329 1237 3476 1303 illas
3498 1237 3570 1302 in
3609 1239 3769 1321 ipsis
3791 1235 4101 1301 nundinis
4138 1234 4537 1318 respondere,

2602 1329 2823 1387 tamen
2883 1343 3082 1406 quum
3149 1322 3359 1389 indies
3413 1322 3678 1424 morbus
3735 1323 3958 1407 agnati
4021 1338 4283 1405 caperet
4337 1322 4538 1387 incre-

2601 1417 2825 1473 menta
2868 1418 2934 1473 et
2956 1418 3311 1492 augeretur
3352 1418 3427 1475 ut
3459 1411 3588 1475 iam
3630 1410 3700 1473 in
3746 1430 3955 1510 agone
3978 1408 4371 1474 constitutus
4405 1409 4539 1472 ani·

2599 1515 2777 1559 mam
2828 1504 3079 1578 ageret:
3143 1495 3316 1561 sicut
3371 1496 3570 1561 etiam
3613 1497 3892 1579 contigit
3935 1496 4103 1577 quod
4140 1495 4366 1576 paucis
4399 1503 4543 1591 post

2601 1578 2829 1646 diebus
2887 1601 3037 1646 cum
3096 1601 3355 1647 summo
3408 1602 3555 1646 meo
3615 1589 3683 1645 et
3726 1581 4020 1645 omnium
4065 1580 4324 1662 piorum
4369 1576 4541 1645 luctu

2599 1686 2684 1731 ex
2741 1666 2865 1731 hac
2904 1668 3039 1731 vita
3105 1665 3399 1732 decessit.
3489 1668 3579 1731 Et
3619 1677 3695 1733 ut
3758 1687 3989 1733 verum
4033 1666 4265 1743 fatear,
4325 1665 4542 1750 agnati

2599 1752 2747 1829 mei,
2794 1772 2991 1835 quem
3036 1774 3294 1835 semper
3316 1754 3456 1820 loco
3477 1753 3594 1819 filii
3635 1752 3854 1832 habui,
3877 1753 4215 1836 inopinata
4259 1760 4326 1816 et
4361 1752 4542 1835 plane

2597 1836 2722 1903 hoo
2763 1846 3058 1922 tempore
3114 1839 3476 1923 improvisa
3531 1861 3710 1903 mors
3754 1861 3859 1904 me
3903 1839 4065 1903 adeo
4110 1840 4332 1903 animo
4375 1837 4543 1903 deie-

2598 1924 2688 1988 cit
2731 1932 2800 1988 et
2841 1925 3152 2001 turbavit,
3199 1924 3394 2008 idque
3431 1936 3661 1991 contra
3695 1934 3983 1989 mentem
4029 1936 4099 1989 et
4141 1925 4541 2008 propositum

2596 2030 2817 2074 meum
2875 2011 3090 2076 effecit
3142 2018 3218 2075 ut
3264 2032 3395 2075 non
3441 2011 3650 2077 solum
3694 2011 4100 2094 neglexerim
4143 2009 4319 2093 quod
4363 2031 4542 2092 prae-

2597 2096 2784 2178 cipue
2848 2096 3044 2161 officii
3109 2097 3239 2160 mei
3305 2106 3448 2163 erat
3510 2098 3580 2162 in
3642 2095 4095 2181 respondendo
4159 2108 4232 2161 et
4307 2097 4546 2179 gratias

2597 2180 2851 2265 agendo
2915 2202 3034 2264 pro
3092 2184 3292 2248 misso
3356 2183 3718 2265 exemplari
3781 2184 4189 2248 Harmoniae
4266 2189 4419 2246 tuae
4464 2203 4548 2245 ex

2597 2268 2812 2333 tribus
2873 2267 3325 2351 Evangelistis
3377 2271 3790 2353 compositae,
3846 2289 4079 2333 verum
4125 2267 4213 2332 ad
4259 2267 4389 2333 alia
4429 2289 4547 2350 pu·

2598 2351 2768 2419 blica
2821 2352 3122 2419 obeunda
3180 2356 3458 2439 negotia,
3515 2353 3973 2438 magnitudine
4017 2354 4270 2419 scilicet
4314 2352 4548 2418 doloris

2600 2460 2683 2504 ex
2725 2450 2932 2504 morte
2976 2441 3201 2523 agnati
3224 2440 3579 2524 perculsus
3623 2463 3741 2524 per
3774 2462 3978 2505 unum
4025 2453 4225 2523 atque
4271 2439 4549 2504 alterum

2596 2545 2890 2591 mensem
2934 2526 3184 2591 tardior
3225 2526 3424 2591 etiam
3460 2527 3716 2593 fuerim.
3796 2527 3887 2591 Et
3923 2526 4080 2592 licet
4122 2538 4325 2591 antea
4360 2546 4549 2589 nove-

2596 2611 2724 2676 rim
2786 2611 2990 2677 fuisse
3053 2613 3400 2678 mortalem
3455 2624 3768 2697 agnatum
3828 2633 4069 2689 meum,
4129 2612 4289 2695 quia
4334 2622 4551 2676 tamen

2598 2709 2665 2762 et
2699 2718 2822 2780 ego
2867 2697 3061 2764 homo
3098 2719 3243 2763 sum
3290 2699 3400 2765 illo
3444 2721 3525 2763 ex
3549 2698 3676 2764 hac
3720 2700 3857 2763 vita
3879 2698 4157 2775 sublato,
4208 2708 4353 2762 tum
4403 2717 4549 2762 vere

2596 2784 2773 2849 sensi
2851 2782 3127 2849 humani
3199 2784 3370 2849 nihil
3434 2786 3631 2850 etiam
3696 2805 3736 2849 a
3798 2806 3905 2849 me
3969 2785 4172 2849 fuisse
4240 2784 4546 2849 alienum.

2595 2870 2805 2935 Porro
2848 2891 3051 2952 quum
3095 2871 3189 2937 sic
3235 2871 3450 2937 visum
3493 2871 3580 2937 sit
3613 2872 3756 2936 Deo
3798 2881 4042 2949 nostro,
4088 2871 4279 2936 cuius
4327 2869 4551 2935 volun·

2598 2955 2720 3019 tati
2765 2953 3101 3021 adversari
3138 2978 3470 3022 summum
3492 2966 3594 3022 est
3617 2966 3972 3040 peccatum,
4018 2956 4345 3039 potuisset
4390 2966 4549 3019 tem-

2595 3062 2720 3126 pus
2762 3041 3099 3126 aliquanto
3143 3042 3340 3109 citius
3385 3042 3549 3109 mihi
3593 3041 3879 3109 adimere
3923 3042 4123 3108 talem
4172 3042 4381 3107 animi
4426 3040 4551 3106 mei

2598 3129 3095 3212 aegritudinem,
3132 3130 3189 3196 si
3244 3150 3378 3195 non
3422 3129 3685 3213 quidam
3722 3150 3805 3194 ex
3839 3130 4087 3194 nostris
4130 3129 4550 3194 concionato-

2596 3214 2780 3280 ribus
2835 3214 3210 3295 Germanis,
3232 3216 3287 3299 θ)
3346 3237 3547 3299 quum
3606 3216 3675 3280 in
3721 3215 3952 3280 funere
4011 3216 4240 3299 agnati
4285 3215 4439 3291 mei,
4483 3213 4554 3277 in

2598 3302 2797 3366 totius
2853 3312 3123 3367 senatus
3182 3310 3250 3367 et
3305 3301 3663 3367 multorum
3707 3301 3969 3384 piorum
4005 3303 4311 3366 virorum
4356 3311 4426 3364 et
4468 3300 4553 3364 ci·

2595 3389 2779 3452 vium
2844 3388 3216 3470 praesentia
3283 3387 3560 3453 haberet
3616 3387 4015 3467 concionem,
4060 3386 4556 3470 explicaretque

2594 3480 2854 3556 partem
2896 3474 3126 3554 capitis
3182 3477 3263 3537 38
3299 3472 3371 3537 in
3406 3473 3885 3553 EcclesiasticO,
3929 3475 4103 3540 circa
4148 3475 4359 3538 finem
4404 3493 4554 3537 con·

2595 3558 2801 3624 cionis
2865 3557 3165 3623 addendo
3230 3558 3447 3625 oleum
3513 3559 3771 3626 camino
3851 3559 4244 3642 protulisset
4310 3577 4558 3624 novum

2595 3643 2923 3728 quoddam
2948 3643 3363 3729 paradoxon.
3408 3665 3648 3731 nempe
3692 3644 3861 3729 quod
3907 3646 4092 3710 Deus
4130 3655 4407 3712 vocaret
4449 3643 4558 3707 ho-

2594 3731 2806 3797 mines
2847 3730 3121 3796 iuvenes
3155 3740 3223 3796 et
3265 3731 3333 3795 in
3377 3732 3538 3796 flore
3581 3733 3818 3797 aetatis
3867 3733 4262 3797 constitutos
4309 3751 4395 3796 ex
4437 3728 4560 3795 hae

2593 3816 2734 3882 vita
2770 3816 2852 3882 ob
2876 3838 3020 3881 eam
3044 3817 3332 3882 maxime
3353 3837 3637 3896 causam,
3683 3839 3769 3883 ne
3802 3816 4050 3883 diutius
4082 3820 4398 3883 vive’ntes
4421 3835 4562 3898 pro-

2591 3901 3024 3968 laberentur
3008 3925 3080 3967 ω
3115 3922 3372 3969 errores
3407 3912 3476 3968 et
3510 3903 3813 3968 haereses
3846 3913 3967 3968 etc.
4068 3903 4226 3968 Hoc
4262 3900 4561 3968 inaudito

2592 3989 2777 4071 prius
2811 3987 3142 4072 paradoxo
3186 3999 3328 4054 tum
3372 3989 3628 4073 publice
3672 3989 3925 4071 prolato
3968 3991 4406 4055 concionator
4452 3986 4562 4051 ille

2592 4074 3052 4139 Hartmannus
3076 4073 3296 4158 Bayer
3312 4074 3932 4157 Francofordianus,
3957 4076 4028 4140 in
4051 4097 4253 4159 quem
4280 4087 4563 4159 agnatus

2592 4181 2782 4227 meus
2845 4160 3083 4225 vivens
3148 4180 3393 4244 magna
3454 4161 3681 4227 multis
3747 4162 3939 4225 annis
3984 4161 4318 4228 beneficia
4362 4175 4561 4244 (quae

2592 4248 2725 4313 scio
2778 4267 2913 4312 non
2965 4245 3140 4311 levia
3192 4247 3423 4321 fuisse)
3482 4247 3867 4325 contulerat,
3924 4268 4177 4313 novum
4228 4259 4298 4313 et
4345 4245 4560 4329 dupli-

2590 4346 2812 4398 catum
2869 4331 3112 4397 doloris
3171 4331 3336 4396 mihi
3393 4332 3641 4397 inflixit
3693 4332 3958 4412 vulnus,
4018 4334 4320 4399 maxime
4358 4352 4561 4416 quum

2586 4417 3050 4502 intelligerem,
3095 4418 3277 4483 illum
3301 4418 3516 4518 ipsum
3540 4427 3856 4502 agnatum
3901 4440 4145 4496 meum,
4187 4419 4561 4486 secundum

2592 4505 2985 4569 sententiam
3044 4503 3245 4570 huius
3291 4504 3787 4585 concionatoris,
3843 4506 4028 4588 quasi
4083 4506 4225 4572 Dei
4274 4504 4564 4590 quadam

2592 4590 2917 4690 singulari
2960 4590 3377 4674 providentia
3421 4611 3457 4655 e
3501 4590 3715 4655 medio
3770 4591 4137 4670 sublatum,
4201 4590 4386 4675 quod
4431 4611 4560 4657 non

2589 4674 2665 4740 in
2706 4675 3010 4742 omnibus
3052 4675 3232 4742 illius
3274 4685 3342 4742 et
3382 4678 3788 4743 confi-atrum
3839 4699 4108 4743 suorum
4160 4679 4367 4745 dictis
4412 4699 4565 4745 con·

2590 4963 2770 5019 2851„
2804 4964 2865 5028 1)
2901 4963 2982 5022 N.
3017 4964 3173 5020 2262.

2793 5033 2858 5102 2)
2891 5037 3025 5090 obiit
3058 5034 3143 5089 26.
3185 5033 3331 5103 δορί.
3364 5049 3515 5090 anno
3548 5035 3748 5090 ασίαιίε
3778 5033 3866 5091 32.

2796 5104 2856 5170 3)
2894 5105 3113 5160 Hartm.
3170 5104 3349 5174 Beyer
3412 5105 3521 5169 (sic
3572 5106 3716 5158 enim
3768 5120 3964 5159 nomen
4025 5120 4196 5160 suum
4254 5108 4568 5187 scn'belpat),

2589 5178 2760 5228 natus
2794 5173 3242 5239 Francofordmc
3277 5170 3428 5239 1616,
3478 5173 3791 5243 Viteberyac
3824 5174 4027 5228 studii-⁸
4060 5175 4347 5231 absolutis
4380 5180 4569 5230 οπίπιε·

2591 5244 2788 5296 tenum
2819 5244 2884 5296 ίπ
2914 5245 3107 5311 patria
3129 5244 3440 5311 capessimt,
3473 5244 3857 5297 lutherani-emi
3887 5245 3950 5296 ίπ
3974 5243 4244 5299 doen-ma
4282 5251 4336 5301 et
4370 5246 4571 5301 ritibus

2592 5312 3013 5366 ardentissimus
3059 5317 3459 5381 ρνοριιρπαίον.
3525 5311 3724 5378 (Steits
3772 5313 3836 5365 ίπ
3880 5312 4153 5381 Hersoqii
4191 5310 4430 5383 EncyeL
4470 5314 4567 5367 IV.

2590 5377 2697 5435 460
2729 5380 2800 5447 cf.
2834 5379 2903 5448 qi.
2936 5381 3060 5436 libr.
3098 5379 3220 5435 Der
3253 5380 3385 5436 lum.
3421 5380 3761 5439 Praedncant
3794 5379 3870 5434 H.
3910 5381 4109 5452 Beycr.
4169 5382 4348 5451 Frkf.
4388 5381 4571 5450 1862.)
