4850 6200
350 457 461 519 149

216 672 227 679 ·
348 643 660 711 &buoni
676 661 939 726 operam
963 641 1169 718 daret,
1204 643 1505 709 stimulos
1526 642 1783 710 addere.
1846 641 2285 727 Ray-namn

341 732 603 797 stati-em
648 738 947 795 nostrum
1045 729 1366 794 raefeetus
1407 729 1842 795 'Bononiensis
1898 729 1970 794 in
2026 749 2285 796 carcere

341 814 603 894 detinet,
640 813 812 898 quod
836 812 901 878 D
1034 814 1166 879 ‘ani
1202 815 1621 881 concionatus
1656 816 1745 881 sit
1774 824 2044 882 senatus
2076 815 2285 881 nostri

340 900 663 967 mandato.
688 902 743 983 ⁵)
794 900 1041 984 ‚Spero
1085 910 1304 965 tamen
1350 902 1687 985 negotium
1740 900 1948 968 amice
1993 908 2285 968 transac-

341 995 475 1053 tum
517 987 621 1051 iri.
711 985 1073 1070 Exemplar
1114 986 1423 1069 epistolae
1467 996 1534 1052 te
1577 988 1785 1064 mitto,
1841 1007 2038 1070 quam
2078 988 2287 1053 bonus

359 1073 702 1140 Ventidius
735 1074 1000 1156 aceepit,
1037 1078 1112 1138 ut
1145 1074 1402 1138 senatui
1436 1072 1756 1139 redderet.
1784 1078 1839 1149 ⁸)
1906 1072 2057 1139 Tibi
2090 1072 2286 1139 simul

342 1179 415 1225 ac
489 1168 744 1242 partem
816 1158 1084 1243 legeris,
1157 1157 1347 1224 facile
1415 1157 1773 1235 subolebit,
1848 1159 2151 1242 quisnam
2204 1159 2289 1224 sit

340 1254 545 1311 antor.
565 1248 627 1319 Ἰ)
734 1245 877 1310 Has
942 1244 1198 1328 palmas
1262 1253 1603 1329 reportant
1667 1244 1917 1311 Christi
1984 1245 2285 1311 athletae.

338 1331 534 1409 Vale,
596 1332 838 1414 optime
891 1342 959 1396 et
1004 1331 1428 1414 integerrime
1471 1331 1692 1396 frater.
1790 1331 2114 1396 Dominus
2170 1332 2290 1398 tibi

340 1417 511 1483 adsit
579 1423 891 1502 perpetuo
906 1470 920 1487 .
996 1428 1060 1481 te
1131 1416 1449 1500 gubernet
1522 1437 1597 1482 ac
1663 1426 1939 1483 tueatur.
2054 1419 2287 1483 Amen.

340 1502 668 1570 Genevae.
713 1508 770 1567 8.
818 1503 997 1568 Iunii
1052 1507 1227 1566 1554.

1249 1640 1531 1706 Ioannes
1575 1639 1894 1705 Calvinus
1940 1650 2114 1704 tuus.

509 1829 687 1911 Quia
728 1833 1008 1896 nuncius
1061 1831 1364 1914 opinione
1419 1851 1541 1895 sua
1598 1830 1791 1913 paulo
1848 1827 2101 1894 tardius
2158 1828 2289 1894 dis-

338 1919 561 1993 cessit,
622 1924 697 1981 ut
736 1918 917 2000 prius
970 1939 1010 1983 a
1064 1917 1339 1983 lectione
1394 1915 1732 1981 redierim:
1794 1917 1886 1981 sic
1941 1936 2047 1981 res
2092 1914 2291 1981 habet

338 2003 417 2068 de
464 2002 848 2085 Rafflnonda
874 2004 926 2085 ⁸)
1022 2002 1249 2068 Petrus
1290 2002 1403 2067 ille
1447 2003 1631 2068 cuius
1686 2002 1938 2067 incesta
1993 2022 2146 2068 cum
2186 2024 2289 2068 so·

338 2110 483 2154 rore
532 2089 753 2154 uxoris
795 2090 1199 2155 consuetudo
1244 2089 1505 2154 infamis
1562 2089 1703 2166 fuit,
1763 2109 1973 2170 nuper
2015 2089 2086 2153 in
2130 2086 2291 2153 Gal-

338 2174 497 2241 liam
561 2176 887 2258 profectus
947 2196 986 2238 a
1051 2184 1285 2241 senatu
1362 2185 1586 2241 nostro
1652 2182 2086 2240 commeatum
2157 2195 2291 2239 non

336 2262 547 2344 petiit,
593 2262 779 2326 cuius
822 2272 922 2326 est
967 2262 1304 2327 ministros
1348 2261 1657 2327 welesiae
1681 2259 2061 2326 Drallianae
2151 2281 2292 2325 rae-

338 2349 569 2414 ficere:
638 2349 881 2412 missus
945 2358 1045 2412 est
1113 2347 1555 2429 Raynwndus,
1636 2346 1748 2430 qui
1816 2347 1994 2412 vices
2062 2368 2100 2411 o
2148 2347 2292 2425 iret,

336 2431 546 2498 donec
589 2434 756 2497 alter
797 2434 966 2498 foret
1009 2434 1418 2518 subrogatus.
1500 2436 1559 2497 A
1605 2456 1683 2499 su
1775 2444 1919 2497 estu
1966 2433 2034 2496 in
2077 2453 2293 2503 caroe-

338 2541 477 2583 rem
528 2519 845 2585 deductus
890 2528 1008 2593 est,
1071 2519 1182 2585 ubi
1228 2534 1446 2584 tamen
1492 2540 1644 2583 eum
1728 2518 2062 2583 iberaliter
2104 2539 2292 2602 prae·

335 2606 549 2672 fectus
624 2608 929 2671 tractavit
999 2618 1309 2689 tanquam
1376 2604 1730 2688 hospitem,
1808 2613 1882 2668 ut
1957 2605 2294 2687 permittat

334 2692 623 2757 liberum
680 2692 948 2756 exitum.
1039 2691 1331 2758 Senatus
1392 2706 1615 2755 noster
1665 2710 1933 2755 causam
1989 2692 2290 2774 suscepit.

334 2777 724 2843 Praefectus
758 2790 1005 2843 temere
1050 2802 1119 2843 se
1154 2780 1365 2862 egisse
1404 2778 1655 2853 videns,
1702 2797 1819 2859 pro
1853 2796 2037 2841 more
2072 2790 2294 2841 tamen

335 2865 810 2930 contumaciter
855 2865 1089 2947 pergit.
1180 2866 1383 2929 Brevi
1429 2876 1670 2939 tamen,
1716 2872 1791 2926 ut
1832 2883 2043 2945 spero,
2090 2861 2291 2928 cedet.

332 2950 499 3015 Cras
549 2971 693 3014 meo
738 2952 1175 3015 encomiastae
1219 2953 1289 3015 in
1332 2952 1516 3015 curia
1558 2947 1977 3031 respondebo
2001 2952 2058 3023 ⁹)
2126 2948 2294 3014 Vale

331 3037 596 3108 iterum,
643 3035 888 3119 optime
932 3036 1133 3103 frater
1178 3050 1245 3101 et
1287 3036 1523 3102 eximie
1571 3034 1829 3102 Christi
1872 3055 2077 3102 serve.
2168 3033 2292 3101 Sa-

336 3123 477 3188 luta
540 3121 890 3205 diligenter
950 3145 1097 3189 meo
1157 3125 1419 3189 nominc
1476 3133 1878 3207 symmystas
1922 3131 1987 3186 et
2030 3122 2291 3199 amicos,

336 3207 859 3276 Dommartinum
902 3223 971 3274 et
1013 3209 1277 3276 similes.
1344 3211 1559 3273 Amici
1604 3209 1713 3292 qui
1760 3209 1867 3273 hic
1910 3218 2067 3273 sunt
2107 3230 2292 3274 reve-

338 3307 567 3359 renter
622 3309 685 3359 te
742 3294 1065 3372 salutant,
1140 3318 1215 3362 ac
1282 3298 1667 3378 praesertim
1726 3295 1962 3376 quibus
2015 3293 2293 3359 salutem

336 3377 623 3459 dixeraS,
651 3379 980 3447 Dominus
1006 3382 1318 3458 MarchiO,
1355 3381 1684 3458 Bucam,
1726 3381 2101 3458 Varenum,
2132 3381 2296 3446 Nor-

335 3467 656 3547 numdiue,
693 3468 896 3532 frater
930 3488 1145 3534 meus:
1191 3490 1394 3552 gener
1430 3468 1627 3532 etiam
1663 3465 1838 3550 apud
1874 3487 2064 3548 quem
2105 3465 2295 3532 hodie

336 3573 488 3618 cum
535 3552 841 3618 omnibus
886 3553 1154 3638 collegis
1197 3575 1415 3620 coeno.

542 3723 581 3777 δ
658 3723 788 3778 Vide
820 3743 877 3778 tn
908 3741 991 3778 ra.

542 3725 606 3858 63
644 3729 1035 3848 &naastan-ie·
1069 3800 1292 3847 senam
1328 3810 1393 3847 m.
1424 3795 1591 3848 Iunio
1625 3794 1790 3861 plura
1824 3793 2022 3847 habent
2055 3793 2123 3846 de
2158 3795 2294 3861 epis-

334 3861 450 3916 tola
485 3862 589 3916 illa
624 3863 885 3918 conviciis
921 3870 1112 3917 contra
1156 3862 1439 3917 Calvinum
1487 3863 1689 3928 referta
1736 3876 1899 3931 quan·
1946 3861 2034 3915 hic
2067 3861 2092 3915 i
2128 3877 2183 3915 se
2218 3861 2296 3915 ad

334 3937 589 3985 smmum
624 3931 831 3987 donau.
908 3933 1059 3986 Alibi
1091 3932 1327 3986 &bellum
1363 3932 1569 3987 dicunt.
1640 3930 1774 3985 Non
1810 3935 2001 3983 exstat.
2134 3930 2297 3984 uehat

333 3998 427 4054 VI.
474 3998 578 4053 118
609 4002 792 4055 minue
826 4008 1083 4055 accurate
1116 4002 1183 4055 de
1216 4017 1281 4056 ea
1318 4003 1522 4057 soruba.
1592 4000 1787 4069 Henry
1820 3997 1915 4052 111.
1954 3995 2058 4051 368
2091 4005 2245 4054 tacet.

547 4067 610 4134 7)
652 4069 950 4138 Quemnam
986 4071 1104 4138 ipse
1136 4071 1336 4124 innuat
1381 4071 1669 4130 nescimus,
1715 4075 1954 4123 attamen
1996 4069 2181 4133 potius
2229 4067 2296 4122 de

332 4135 565 4194 Bolseeo
609 4155 773 4208 quam
817 4139 883 4191 de
936 4137 1261 4194 Castellione
1309 4141 1675 4208 coqitan'mus.
1755 4137 1909 4191 Bosa
1958 4137 2059 4191 Va.
2102 4154 2161 4205 p.
2196 4136 2295 4190 24.-

334 4205 609 4260 Privatim
648 4223 781 4261 vero
816 4225 881 4262 ac
917 4209 1138 4277 proprie
1178 4209 1393 4262 Bolseci
1430 4207 1774 4263 castellionis
1811 4217 1867 4260 et
1902 4206 2127 4259 aliorum
2167 4223 2294 4274 quo·

332 4275 569 4329 tundam
613 4276 684 4329 de
728 4278 961 4330 veritate
1025 4279 1136 4331 scil.
1184 4279 1344 4330 valde
1390 4277 1743 4330 sollicitorum
1796 4275 2073 4329 hominum
2126 4291 2295 4344 opera

332 4347 637 4399 utebantur
671 4347 1075 4400 controversiae
1111 4347 1181 4400 de
1216 4345 1712 4416 praedestinatione
1748 4343 2111 4398 renovandae:
2156 4343 2293 4397 adeo

333 4421 399 4466 ut
430 4414 700 4468 famosum
747 4415 989 4469 libellum
1042 4416 1404 4470 conviciorum
1488 4416 1668 4468 lenum
1704 4429 1935 4482 eumque
1970 4428 2292 4481 anonymum

328 4498 451 4606 «Ψ
460 4484 598 4618 ωὀἶ
628 4483 1020 4617 amm..
1093 4485 1427 4607 ”isfflmff
1470 4481 2295 4607 “fiaffiffi‘ssfflaefflffiffl

580 4590 595 4605 .
825 4570 847 4607 ι
1082 4593 1094 4607 .
1272 4593 1285 4606 .
1393 4569 1483 4607 rec
1646 4592 1660 4606 .
1787 4590 1797 4601 .

339 4617 503 4674 &eur
539 4621 608 4674 de
643 4619 909 4686 Saevum,
960 4622 1224 4691 syndicus
1256 4638 1312 4676 a.
1351 4621 1501 4674 1548.
1575 4620 1824 4687 (Galiffe,
1859 4621 2062 4673 notiees
2097 4620 2138 4674 1.
2179 4617 2289 4682 79.)

542 4689 607 4754 8)
650 4689 715 4743 R.
760 4690 999 4745 Ghauvet
1031 4690 1281 4752 (Ruchat
1314 4690 1416 4745 VI.
1452 4689 1603 4752 119),
1636 4705 1675 4743 a
1706 4693 1899 4743 senam
1935 4687 2291 4742 Drauianum

329 4759 538 4812 nium
583 4764 644 4812 ut
690 4760 831 4813 vices
881 4759 1039 4814 Petri
1087 4760 1324 4815 ,Nimim
1368 4761 1565 4824 obiret,
1613 4758 1693 4813 ὦι·
1730 4757 2032 4812 Genevenm'
2062 4757 2290 4827 limma

329 4840 449 4881 non
484 4825 758 4882 Ber-nem
798 4843 934 4884 ωιιε
984 4845 1022 4882 a
1050 4831 1330 4897 praefecto
1373 4827 1708 4883 Tmou-sena·
1739 4830 1802 4881 ia
1831 4826 2053 4881 vinnula
2085 4829 2288 4881 coniec-

329 4899 423 4950 tus
454 4902 552 4950 est.
630 4894 755 4965 Quo
787 4897 854 4951 de
901 4912 1073 4952 causa
1125 4898 1269 4952 iuter
1312 4903 1601 4968 umque
1648 4901 1894 4950 senatum
1942 4895 2081 4949 eatis
2124 4896 2290 4963 lonqa

328 4968 631 5034 οηαὶιϋο
674 4966 804 5028 Μ,
864 4967 1067 5020 aalma
1118 4966 1475 5022 Bmmsium
1520 4965 1679 5031 fidem
1725 4970 1777 5019 et
1818 4962 2087 5020 invidiam
2142 4964 2289 5018 clere

327 5173 429 5228 “a
461 5050 785 5228 αθᾶωτίῒω
831 5113 1052 5158 scamus
1098 5104 1175 5158 ad
1219 5103 1271 5158 9.
1322 5103 1482 5158 lunii
1523 5104 1589 5158 de
1635 5103 1737 5158 hac
1788 5117 1849 5156 re
1892 5100 2033 5156 nim
2076 5101 2289 5170 habent,

1102 5314 1489 5324 -—.--———-—--*

2144 456 2305 525 1554
2346 452 2534 522 mN.

4226 457 4366 519 150

3267 639 3461 711 1⁹08.

2777 795 3271 865 FARELLUS
3319 794 3956 865 BULLINGERO.

2562 966 2790 1054 Royat,
2862 974 3032 1047 orat,
3101 969 3388 1035 hortatur
3442 976 3512 1034 ut
3558 976 3917 1052 promoveat
3973 989 4352 1040 consonemus

2388 1055 3044 1122 ecclesiarumazre
3098 1056 3617 1133 sacramentaria,
3676 1055 4342 1138 etquidemsifiori

2378 1143 2590 1225 possit
2628 1140 2948 1223 οοΠοᾳιιίο,
2993 1142 3099 1207 ein
3141 1141 3355 1206 minus
3395 1141 3672 1224 scripti-9.

2391 1313 2504 1377 s..
2550 1315 2893 1436 *⁰²⁰⁸*ssssss
2935 1311 3324 1435 aa...
3371 1312 3650 1435 ¹..v2
3685 1312 3812 1436 vs.
3849 1312 3976 1449 ¹355
4024 1314 4154 1367 0..

2563 1553 3146 1619 Praestantissimo
3202 1550 3454 1619 Christi
3512 1574 3735 1631 servo,
3796 1553 4136 1622 Henricho
4179 1557 4345 1622 Bul·

2389 1638 2665 1724 linger0,
2722 1639 3031 1705 eeclesiae
3073 1638 3433 1788 'rip-urinae
3473 1642 3724 1723 pastori
3769 1639 4166 1720 fidelissimo,
4212 1665 4346 1709 non

2390 1725 2612 1790 minus
2644 1725 2887 1826 pietate
2920 1744 3121 1808 quam
3182 1724 3360 1790 iteris
3395 1725 3590 1804 clarc,
3625 1726 3812 1791 fratri
3848 1736 3917 1790 et
3943 1738 4348 1812 symmystae

2390 1832 2591 1895 quam
2633 1831 2988 1877 carissimo.

3921 1899 4170 1983 Tiguri.

2565 2033 2634 2100 S.
2706 2033 3031 2099 Dominus
3073 2033 3262 2100 Iesus
3306 2034 3546 2100 efficiat
3589 2032 3761 2119 quod
3806 2046 4028 2103 sancte
4074 2037 4346 2124 attingis

2391 2124 2461 2186 in
2507 2121 2642 2185 tuis
2685 2119 2912 2198 literiS,
2939 2123 2985 2198 ¹)
3033 2128 3107 2185 ut
3150 2120 3476 2186 emendati
3537 2120 3916 2205 diligentius
3974 2129 4042 2187 et
4083 2123 4348 2190 ferven-

2393 2209 2524 2273 tius
2566 2206 2693 2290 ipsi
2736 2208 3116 2284 serviamus,
3175 2204 3344 2289 quod
3390 2214 3465 2271 ut
3505 2206 3579 2271 in
3621 2228 3728 2273 me
3782 2209 3913 2285 fiat,
3974 2218 4048 2272 ιιι
4091 2209 4346 2277 confido

2393 2295 2463 2359 in
2508 2302 2575 2358 te
2619 2294 2884 2370 factum,
2943 2302 3010 2358 et
3053 2290 3262 2357 indies
3309 2294 3518 2378 magis
3561 2302 3628 2358 et
3670 2294 3883 2378 magis
3929 2295 4104 2373 fieri,
4166 2306 4240 2361 ut
4280 2304 4350 2362 et

2393 2398 2623 2464 precor
2646 2379 2883 2457 Deum,
2933 2388 2997 2443 te
3040 2399 3298 2462 quaeso,
3344 2389 3422 2443 ut
3455 2389 3707 2461 patrem
3753 2379 4349 2447 misericordiarum

2441 2487 2513 2530 ro
2569 2486 2676 2530 me
2729 2464 3087 2529 instantius
3141 2485 3317 2535 ores.
3375 2472 3453 2529 ut
3511 2466 3635 2531 mei
3694 2466 4007 2530 misertus
4055 2467 4174 2534 hoc
4219 2465 4347 2547 det,

2443 2551 2590 2617 uius
2632 2569 2885 2634 quoque
2920 2550 3136 2634 gratia
3169 2570 3275 2615 me
3310 2549 3535 2616 sedulo
3571 2549 3939 2629 admoneas,
3987 2553 4039 2616 si
4081 2551 4350 2635 quidem

2395 2638 2616 2702 asinus
2661 2636 2768 2701 hic
2810 2656 3004 2719 quem
3046 2636 3450 2715 circumfer-0,
3493 2636 3754 2721 flagello
3797 2656 3961 2721 opus
4005 2637 4220 2715 habet,
4266 2660 4356 2704 ne

2394 2731 2658 2788 tantum
2682 2723 2929 2806 negotii
2952 2722 3226 2787 facessat
3265 2742 3435 2788 novo
3471 2722 3739 2801 homini,
3777 2734 4007 2806 estque
4029 2733 4348 2808 perpetuo

2394 2809 2465 2873 in
2509 2828 2711 2886 mora,
2770 2829 2854 2873 ne
2911 2808 3254 2885 faciamus,
3317 2828 3482 2891 quae
3537 2817 3859 2892 optamus.
3946 2809 4092 2894 Ego
4146 2831 4353 2893 quum

2394 2902 2728 2979 prwstare
2787 2892 2966 2959 aliud
3026 2914 3158 2959 non
3217 2895 3456 2977 possim
3475 2946 3488 2971 ,
3564 2894 3687 2961 hoc
3748 2916 3953 2959 unum
4001 2896 4212 2979 cupio,
4281 2906 4350 2960 et

2395 2980 2595 3046 huius
2639 2982 2854 3065 gratia
2899 3001 3002 3045 me
3047 2980 3286 3046 vellem
3330 2988 3540 3045 totum
3583 2980 3983 3064 impendere,
4045 2991 4121 3047 ut
4178 3003 4348 3067 quae

2441 3068 2692 3134 uriores
2730 3074 2884 3133 sunt
2919 3065 3229 3133 ecclesiae
3265 3068 3333 3132 in
3371 3066 3685 3146 doctrina,
3720 3087 3918 3152 quam
3939 3068 4352 3136 sanctissime

2395 3163 2573 3219 inter
2607 3175 2677 3220 se
2712 3154 3160 3230 convenirent,
3199 3161 3267 3219 et
3291 3174 3552 3219 omnem
3575 3153 4022 3219 calumniandi
4044 3175 4269 3220 ansam
4289 3158 4348 3240 ²)

2395 3240 2808 3316 adversariis,
2848 3242 2959 3323 qui
2996 3240 3063 3304 in
3101 3248 3309 3304 totum
3349 3260 3471 3304 nos
3506 3237 3842 3318 damnant,
3879 3250 3952 3304 ut
3975 3242 4350 3323 pontificiis,

2397 3327 2507 3411 qui
2554 3348 2682 3391 non
2730 3347 2964 3410 parum
3009 3325 3164 3390 inde
3206 3324 3332 3391 sibi
3389 3336 3729 3410 arrogant,
3786 3335 3855 3391 et
3909 3346 4042 3391 uon
4087 3335 4350 3394 tantum

2395 3414 2554 3492 istis,
2612 3411 2725 3478 sed
2768 3413 3039 3497 insuper
3082 3410 3257 3490 aliis,
3315 3411 3428 3494 qui
3489 3411 3642 3476 ferri
3690 3421 4020 3494 utcunque
4063 3422 4351 3496 possent,

2395 3501 2451 3565 si
2514 3519 2647 3563 non
2705 3499 2798 3562 ita
2839 3498 3221 3563 immaniter
3278 3499 3344 3561 in
3401 3497 3542 3580 pios
3603 3497 4042 3582 insurgerent,
4102 3509 4169 3563 et
4210 3509 4351 3564 tam

2393 3584 2688 3668 improbe
2760 3592 3033 3668 agerent
3103 3584 3322 3648 omnia
3381 3583 3604 3660 verbo,
3679 3584 3939 3666 scriptis
4012 3591 4080 3649 ct
4137 3585 4351 3650 modis

2394 3668 2716 3746 omnibus,
2777 3679 2844 3735 et
2886 3689 3018 3734 una
3060 3680 3322 3734 nostrae
3367 3667 3515 3734 fidei
3561 3668 3966 3735 concreditos
4011 3690 4352 3752 possemus

2394 3757 2608 3841 magis
2645 3758 3047 3832 confirmare,
3085 3765 3152 3819 et
3186 3754 3389 3832 bonis,
3427 3754 3537 3838 qui
3561 3756 3734 3819 inter
3767 3755 4092 3839 improbos
4121 3766 4347 3841 agunt,

2395 3864 2525 3907 non
2586 3862 2818 3924 parum
2886 3842 3301 3918 afferremus,
3372 3841 3530 3923 quin
3604 3861 3685 3905 ex
3751 3840 4143 3907 adversariis
4215 3863 4356 3909 non

2397 3926 2623 3993 dubito
2693 3947 2828 3994 non
2902 3946 3142 4011 paucos
3217 3927 3758 3992 lucrifacercmus.
3881 3927 4356 3995 Existimabam

2396 4023 2696 4081 sanctum
2732 4020 2800 4078 et
2834 4014 3014 4097 pium
3048 4011 3447 4097 colloquium
3481 4013 3768 4078 maxime
3807 4034 3983 4078 nunc
4018 4013 4354 4098 expedire,

2394 4122 2518 4166 nec
2560 4109 2717 4183 puto
2760 4119 2866 4164 me
2909 4098 3126 4164 solum
3170 4098 3369 4164 huius
3428 4099 3826 4171 sententiae.
3890 4120 4007 4164 nec
4065 4119 4171 4165 me
4213 4101 4350 4184 pri-

2394 4207 2577 4251 mum
2635 4185 2702 4250 id
2757 4185 3030 4262 vidisse,
3102 4205 3302 4267 quum
3363 4193 3428 4249 te
3487 4205 3693 4250 unum
3753 4184 3986 4250 scirem
4047 4187 4228 4268 pacis
4283 4195 4354 4250 et

2394 4272 2869 4338 aedificationis
2912 4269 3459 4348 amantissimum,
3527 4279 3593 4335 et
3634 4291 3828 4353 quem
3873 4291 4026 4354 prae
4072 4272 4360 4337 cacteris.

2394 4359 2551 4423 novi
2596 4357 2744 4442 plus
2783 4376 2990 4441 posse,
3035 4365 3102 4421 te
3146 4355 3344 4422 huius
3387 4355 3602 4440 gratia
3643 4377 3875 4441 rogare
3917 4356 4119 4422 volui.
4211 4357 4351 4422 Ve-

2393 4465 2542 4510 rum
2599 4443 2736 4508 tuis
2791 4444 3002 4508 literis
3058 4443 3151 4506 ita
3204 4441 3367 4506 mihi
3427 4443 3867 4508 satisfaciebas
3925 4443 4217 4526 roganti,
4278 4449 4352 4507 et

2392 4530 2490 4596 ita
2523 4551 2606 4597 ex
2640 4529 2770 4596 illis
2805 4528 3189 4606 iudicabam,
3225 4527 3396 4592 nihil
3431 4528 3712 4611 amplius
3747 4549 3888 4593 esse
3923 4524 4346 4592 tentandum:

2392 4614 2509 4682 sed
2552 4625 2625 4681 ιιι
2667 4617 3024 4701 scripseras
3055 4613 3344 4680 Domino
3366 4634 3633 4680 causam
3675 4614 3975 4697 precibus
4017 4633 4352 4680 commen·

2394 4701 2697 4780 dandam,
2741 4711 2810 4766 et
2849 4701 3061 4767 literis
3102 4702 3158 4766 si
3202 4699 3358 4783 quid
3401 4708 3572 4766 esset
3614 4699 3957 4784 agendum.

2565 4789 2814 4853 Verum
2851 4795 3275 4870 posteaquam
3307 4785 3565 4870 plenius
3603 4786 3840 4867 accepi,
3878 4782 4034 4868 quid
4069 4805 4112 4849 a
4141 4784 4346 4850 Εαεα)

2391 4883 2459 4938 et
2502 4875 2628 4957 piis
2671 4873 3020 4959 contigerit
3063 4874 3134 4937 in
3174 4873 3412 4950 Dania,
3471 4882 3538 4936 et
3592 4892 3719 4955 quo
3761 4872 3830 4934 in
3875 4870 4015 4935 loco
4055 4871 4191 4934 sint
4232 4891 4342 4936 res

2388 5113 3371 5197 1268.l)Pamiamanteainoer
3420 5119 3707 5182 utrunque
3750 5111 4335 5168 ‹lemmata-'oae-

2386 5191 2498 5240 Μ’
2530 5184 2786 5319 “¹⁸3⁸‘'a..
2818 5253 2952 5308 ωτι-ε
2985 5251 3188 5308 adam
3230 5266 3370 5322 quae
3416 5251 3503 5305 hic
3537 5248 3888 5314 maerebis,
3935 5264 4064 5303 nam
4100 5249 4202 5305 im
4227 5265 4339 5318 pro

2388 5321 2834 5447 wm⁸
2940 5323 3039 5377 ’um
3074 5338 3102 5376 e
3135 5337 3304 5376 mna
3338 5318 3608 5374 sibiehbt'
3633 5332 3839 5387 passus
3856 5323 3952 5385 eet,
3986 5318 4048 5372 in
4084 5333 4185 5374 suo
4217 5333 4338 5374 ver·

3828 5471 3927 5525 10·
