4850 6200
542 397 667 459 819

542 582 658 647 (Ex
710 581 1026 653 apographo
1074 581 1347 636 Perizonii
1385 582 1458 704 fig}
1505 580 1661 715 (god.)
1684 581 2180 652 Lugduno-Batavo
2231 581 2404 635 Periz.
2444 579 2494 647 5,

540 820 708 887 Viro
744 822 1153 887 sanctissimo
1189 825 1374 886 iuxta
1417 821 1891 886 acdoctissimo
1943 823 2024 887 D.
2073 822 2304 887 Ioanni
2341 821 2495 889 Gal-

539 910 701 974 'vino
768 908 1181 975 Genevensis
1246 909 1556 974 ecclesiae
1638 909 1916 972 antistiti
1985 910 2494 993 vigilantissimo

887 994 1079 1060 fratri
1122 995 1191 1058 in
1226 994 1517 1059 Domino
1553 993 2159 1059 observandissime

718 1166 865 1232 Etsi
909 1166 1031 1231 tibi
1076 1167 1299 1231 omnia
1341 1166 1531 1248 plane
1568 1187 1768 1249 quum
1812 1186 1931 1249 per
1969 1187 2149 1231 meas
2191 1166 2416 1231 literas
2446 1168 2495 1250 ¹)

539 1260 685 1317 tum
721 1253 915 1318 etiam
964 1273 1082 1334 per
1123 1251 1209 1316 D.
1258 1250 1625 1335 Orispinum
1667 1251 1970 1330 indicavi,
2014 1252 2118 1317 vir
2163 1252 2497 1317 sanctissi-

537 1360 663 1419 me,
719 1359 1142 1421 quaecunque
1198 1336 1281 1402 ad
1340 1337 1854 1420 promovendum
1913 1338 2246 1404 doctrinae
2291 1359 2493 1403 sanae

536 1445 930 1491 consensum
997 1434 1062 1489 et
1119 1424 1537 1489 ecclesiarum
1597 1423 2110 1506 pacificationem
2154 1424 2278 1489 hoe
2321 1432 2493 1488 tem-

533 1530 694 1595 pore
737 1511 1185 1595 intelligebam
1231 1510 1575 1592 pertinere,
1620 1519 1839 1575 tamen
1884 1520 1947 1574 et
2004 1532 2180 1575 nunc
2223 1531 2493 1575 rursum

537 1596 861 1680 quaedam
905 1596 1175 1679 exposui
1220 1608 1622 1679 symmystae
1686 1595 1839 1661 huic
1897 1607 1964 1660 et
2017 1597 2204 1660 fratri
2263 1606 2493 1660 nostro

539 1684 873 1749 communi
924 1684 1007 1747 D.
1044 1681 1281 1746 Ioanni
1339 1703 1380 1745 a
1445 1680 1507 1745 S.
1578 1681 1859 1759 Andrea,
1906 1703 2075 1764 quae
2118 1692 2266 1764 post
2314 1680 2490 1747 Oris·

526 1770 676 1852 pini
734 1768 984 1832 abitum
1050 1768 1238 1832 nobis
1304 1767 1410 1832 hio
1475 1778 1862 1847 evenerunt,
1921 1789 2159 1850 nempe
2202 1766 2361 1850 quid
2407 1767 2491 1833 ab

538 1855 722 1920 urbis
769 1855 965 1919 huius
1010 1854 1328 1918 ministris
1353 1854 1707 1919 Germanis
1753 1853 2064 1918 adversus
2107 1853 2491 1937 peregrinas

539 1940 650 2006 hio
695 1962 923 2004 omncs
968 1939 1270 2003 ecclesias
1313 1950 1637 2003 tentatum
1684 1952 2032 2022 actumque
2078 1940 2183 2017 sit,
2220 1953 2287 2003 et
2331 1961 2490 2021 quo-

541 2048 696 2091 nam
744 2025 956 2090 adhuc
1001 2036 1292 2106 spectare
1337 2026 1560 2089 omnia
1607 2026 1968 2090 videantur.
1990 2024 2045 2110 2)
2127 2026 2260 2090 Nos
2297 2046 2491 2108 porro

539 2112 1006 2195 magistratum
1065 2110 1272 2186 nobis,
1342 2111 1427 2176 sit
1477 2112 1619 2175 Deo
1683 2114 1909 2194 gratia,
1973 2133 2252 2194 aequum
2297 2111 2492 2194 plane

544 2220 620 2263 ac
687 2197 1018 2261 faventem
1076 2196 1410 2275 habemus,
1475 2196 1760 2279 adeoque
1818 2197 1925 2261 hic
1968 2198 2136 2262 nihil
2177 2196 2495 2261 habemus

540 2282 744 2367 quod·
779 2283 962 2365 queri
1031 2283 1160 2347 ullo
1227 2282 1417 2346 modo
1485 2284 1834 2366 possimus:
1906 2294 1976 2348 ut
2033 2305 2304 2366 magnas
2373 2304 2491 2348 nos

538 2369 738 2434 etiam
805 2369 1050 2451 gratias
1115 2368 1290 2433 illius
1357 2370 1619 2433 nomine
1691 2370 1975 2434 Domino
2055 2368 2199 2433 Deo
2266 2378 2491 2434 nostro

541 2477 735 2539 agere
781 2466 1078 2536 oportere
1117 2456 1456 2533 fateamur,
1507 2456 1630 2519 nisi
1678 2456 1848 2537 quod
1889 2477 2113 2520 vereor
2157 2476 2241 2519 ne
2268 2466 2493 2520 nostra

539 2542 664 2623 ipsi
739 2539 1209 2621 ingratitudine
1286 2542 1450 2604 iram
1533 2542 1654 2605 Dei
1723 2543 1788 2605 in
1858 2564 1975 2605 nos
2044 2562 2488 2624 provocemus.

539 2627 689 2692 Non
771 2628 1203 2707 agnoscimus,
1277 2628 1494 2690 nescio
1560 2627 1896 2709 quomode,
1964 2627 2491 2710 magnitudinem

541 2713 841 2779 beneficii
903 2713 1109 2776 divini
1169 2713 1232 2776 in
1280 2713 1626 2795 impetrato
1672 2713 2004 2796 dissipatis
2064 2714 2351 2779 eeclesiis
2392 2735 2491 2777 re-

540 2798 875 2881 ceptaculo
931 2814 1122 2881 atque
1176 2797 1477 2880 hospitio,
1536 2800 1655 2863 sub
1701 2812 1882 2864 tauta
1929 2801 2310 2881 praesertim
2360 2800 2493 2882 pio-

540 2907 688 2950 rum
751 2885 986 2966 ubique
1044 2885 1411 2949 afflictione.
1502 2886 1647 2949 Imo
1710 2908 1861 2950 vero
1899 2895 2082 2949 tanto
2129 2886 2253 2950 Dei
2292 2886 2489 2950 bene-

541 2973 689 3037 ficio
735 2969 1067 3035 abutimur
1110 2972 1305 3033 etiam
1348 2970 1425 3033 ad
1474 2972 1775 3035 alendam
1823 2974 2172 3036 affectuum
2231 2984 2490 3036 nostro-

537 3078 686 3123 rum
730 3056 1228 3140 indulgentiam,
1282 3070 1348 3121 et
1394 3057 1472 3120 de
1510 3058 1703 3122 rebus
1739 3058 2035 3123 leviculis
2077 3055 2254 3122 haud
2299 3058 2490 3122 aliter

537 3145 995 3210 contendimus
1070 3163 1263 3224 quam
1325 3145 1375 3206 si
1437 3144 1508 3207 in
1575 3145 1890 3208 altissima
1957 3165 2112 3227 pace
2178 3155 2243 3207 et
2299 3158 2491 3207 extra

537 3251 802 3294 omnem
855 3230 1122 3291 omnino
1190 3228 1469 3292 telorum
1535 3230 1783 3294 iactum
1833 3252 2260 3294 versaremur.
2353 3232 2488 3294 Do·

540 3317 759 3379 minus
791 3316 961 3379 adsit
1005 3335 1160 3378 suae
1196 3315 1522 3379 ecclesiae.
1609 3319 1837 3380 Amen.

714 3398 1028 3482 Optareru
1101 3423 1214 3463 vos
1271 3414 1337 3463 et
1401 3413 1688 3466 vestram
1754 3401 2088 3467 ecclesiam
2145 3422 2330 3483 posse
2391 3402 2488 3466 vi-

539 3486 713 3564 dere,
738 3489 792 3571 ³)
839 3485 951 3550 sed
989 3487 1291 3550 valetudo
1344 3488 1433 3551 ita
1477 3506 1576 3552 est
1622 3491 1842 3562 tracta,
1904 3500 1977 3551 ut
2018 3488 2356 3552 itineribus
2399 3488 2488 3551 is-

538 3572 847 3637 tiusmodi
887 3576 998 3636 vix
1035 3573 1314 3654 amplius
1351 3595 1469 3656 par
1513 3595 1654 3639 esse
1699 3574 1920 3655 possit.
2001 3572 2144 3638 Iam
2182 3574 2261 3637 ab
2307 3574 2490 3637 abitu

543 3657 831 3736 Crispini
868 3660 1075 3722 nostri
1124 3671 1221 3721 ter
1268 3659 1336 3722 in
1384 3662 1655 3724 icterum
1713 3659 1933 3736 recidi,
1992 3660 2098 3742 qui
2149 3659 2489 3725 revellitur

539 3743 804 3826 quidem
853 3744 1066 3808 adhue
1103 3755 1451 3826 utcunque,
1521 3745 1635 3809 sed
1675 3746 1887 3810 indies
1932 3747 2178 3809 maiora
2222 3744 2486 3809 interim

540 3831 820 3912 vestigia
869 3841 1014 3912 post
1079 3853 1148 3892 se
1215 3839 1352 3894 toto
1415 3853 1681 3914 corporo
1750 3832 2081 3914 relinquit.
2170 3830 2364 3911 Quod
2433 3832 2488 3895 si

537 3915 644 3980 hio
691 3916 875 3980 nobis
917 3936 1046 3979 non
1093 3915 1285 3979 detur
1309 3929 1532 3981 mutuo
1581 3941 1695 3982 nos
1741 3917 1962 3981 vidore
2000 3939 2203 3998 posse,
2245 3916 2488 3981 videbi-

543 4023 694 4066 mus
755 4023 868 4065 nos
933 4001 1148 4082 procul
1213 4000 1408 4066 dubio
1455 4004 1883 4068 nihilomiuus
1929 4013 2152 4067 tamen
2197 4024 2315 4086 per
2360 4004 2488 4067 Dei

544 4089 824 4171 gratiani
874 4089 940 4150 in
984 4108 1187 4168 regno
1232 4088 1576 4164 coelorum,
1624 4091 1692 4152 in
1738 4112 1862 4171 quo
1922 4111 2258 4172 nunquam
2304 4088 2488 4153 dein-

541 4197 694 4256 ceps
739 4173 821 4239 ab
865 4175 1144 4238 invicem
1181 4175 1249 4237 in
1274 4187 1614 4239 aeternum
1660 4175 2068 4239 divellemur.
2129 4176 2317 4240 Nune
2354 4176 2491 4239 Do-

541 4261 795 4324 minum
862 4281 1122 4322 oremus
1189 4271 1262 4323 ut
1299 4281 1417 4324 nos
1477 4273 1664 4344 regat
1727 4283 1802 4326 ac
1845 4262 2217 4326 corroboret
2252 4262 2492 4343 spiritu

544 4359 770 4410 sancto
836 4367 953 4409 suo
1014 4345 1330 4410 adversus
1382 4359 1647 4412 conatus
1692 4358 1884 4430 atque
1928 4347 2213 4411 insultus
2258 4347 2490 4411 adver-

542 4432 867 4497 sariorum
917 4444 1305 4506 nostrorum,
1354 4441 1428 4495 ut
1472 4433 1539 4495 in
1587 4449 1808 4497 nostra
1868 4434 2150 4498 statione
2199 4433 2350 4496 forti
2397 4433 2493 4496 in-

541 4519 874 4599 fractoque
911 4519 1129 4581 animo
1173 4529 1485 4600 perstare,
1512 4532 1857 4600 nostraque
1895 4519 2239 4584 tolerantia
2259 4518 2491 4583 mundi

541 4607 746 4669 totius
792 4604 991 4668 furias
1029 4625 1338 4687 superare
1384 4605 1725 4688 possimus.
1799 4605 2074 4670 Salvere
2119 4604 2311 4670 iubeo
2355 4606 2494 4669 offi-

543 4763 582 4770 --

544 4843 814 4911 28211)
853 4843 926 4895 Ν.
964 4841 1118 4895 2296.

749 4913 810 4972 2)
855 4913 1070 4964 Hareni.
1116 4912 1355 4982 Beyerus
1398 4914 1619 4982 eiusque
1663 4912 1894 4978 colloque
1926 4911 2079 4978 apud
2123 4918 2386 4975 senatun,
2423 4927 2493 4964 ne

540 4982 701 5035 aedes
727 4983 802 5034 ad
832 4983 883 5032 S.
915 4981 1249 5034 (lotharium
1268 4983 1569 5049 petentibus
1602 4983 2032 5045 com-ederentur,
2068 4981 2487 5045 intervenerunt,

543 5052 708 5105 simul
741 5051 1094 5114 declarantes,
1142 5051 1264 5103 illos
1299 5061 1585 5104 extraneos
1631 5053 1691 5104 in
1727 5050 1978 5105 doctrina
2014 5049 2083 5103 ab
2115 5049 2255 5116 ipsis
2288 5049 2487 5103 disere·

539 5134 698 5188 pare.
768 5117 884 5173 Sub
916 5120 1075 5180 finem
1115 5125 1311 5172 mensis
1341 5121 1589 5174 Octobris
1623 5121 1800 5174 denuo
1835 5118 1901 5173 de
1936 5135 2000 5172 ea
2034 5133 2094 5171 re
2128 5116 2205 5171 ad
2230 5116 2488 5172 Senatum

537 5187 860 5243 retulerunt.
931 5187 1190 5254 (Frank-f.
1236 5188 1355 5243 Rez.
1397 5189 1600 5243 Handl.
1639 5189 1677 5242 1.
1717 5188 1857 5242 Rea.
1892 5187 1944 5254 5,
1979 5203 2037 5256 p.
2074 5185 2145 5252 7·)

751 5255 812 5314 3)
857 5253 1030 5322 Quum
1056 5257 1319 5311 Calvinus
1353 5273 1502 5312 anno
1535 5264 1785 5328 sequente
1804 5255 2238 5321 lvo-annosum.-
2273 5269 2332 5310 ω
2362 5271 2488 5311 eon·

539 5326 667 5381 aaa
704 5324 919 5378 Laneus
952 5327 1061 5379 iam
1099 5326 1325 5381 abierat.

2050 392 2577 460 EPISTOLAE
2623 395 3045 459 2322—2325

4415 400 4532 462 820

2603 581 2994 647 ciossissime
3034 583 3272 647 fratres
3295 584 3350 659 ⁴)
3393 582 3544 648 istic
3579 602 3804 648 omnes
3847 603 4081 666 meque
4124 584 4355 649 sanctis
4400 606 4533 668 pre·

2600 666 2784 733 cibus
2829 671 3068 734 vestris
3112 668 3462 752 diligenter
3506 678 3718 733 totum
3773 668 4175 734 commendo.

2774 753 3095 820 Ricardus
3112 754 3169 837 ὁ)
3207 765 3429 819 noster
3464 756 3664 831 abest,
3712 756 4037 837 profectus
4072 756 4142 819 in
4168 753 4527 828 Saxoniam.

2602 839 2818 903 Huius
2885 840 3174 905 absent-is
3239 840 3503 905 domum
3570 843 3773 924 pestis
3834 842 4099 918 invasit,
4158 861 4233 905 ao
4266 845 4530 925 primum

2599 925 2901 989 ancillam
2962 927 3158 1001 illius,
3220 924 3456 991 deinde
3517 947 3674 991 vero
3729 937 3798 992 et
3863 948 4141 992 uxorem
4183 927 4373 994 hodie
4407 934 4532 1014 pri·

2601 1033 2779 1076 mum
2819 1012 3155 1077 exstinxit.
3262 1012 3655 1078 Valerandus
3700 1033 3853 1077 vero
3898 1013 4017 1078 tibi
4060 1013 4330 1079 multam
4370 1017 4534 1082 salu-

2600 1106 2735 1160 tem
2772 1099 2991 1165 verbis
3035 1100 3170 1164 suis
3195 1100 3431 1164 ascribi
3475 1100 3680 1165 iussit.
3740 1098 3927 1176 Vale,
3974 1099 4080 1164 vir
4111 1099 4535 1184 integerrime,

2600 1192 2665 1246 et
2730 1205 2881 1261 nos,
2956 1184 3129 1268 quod
3186 1185 3378 1262 facis,
3448 1206 3611 1249 ama.
3723 1184 4191 1251 Franofordiae
4262 1193 4347 1250 14.
4397 1188 4532 1254 Oct.

2599 1290 2774 1334 anno
2819 1275 2998 1335 1555.

3406 1410 3587 1473 Tuae
3634 1408 3861 1489 pietati
3899 1406 4375 1476 addictissimus

3585 1494 3864 1560 Ioannes
3910 1517 3949 1559 a
3994 1492 4217 1561 Lasoo.

3474 2072 3678 2143 2323.

3087 2228 3591 2296 PIPERINUS
3641 2228 4076 2295 GALVINO.

2774 2401 3145 2466 Calumnias
3207 2405 3416 2465 eontra
3460 2422 3599 2465 eum
3649 2401 3903 2482 passim
3979 2421 4247 2480 sparsas
4324 2401 4537 2477 recolit,

2594 2508 2907 2569 unamque
2971 2488 3256 2567 aliquam
3308 2507 3472 2567 prae
3538 2489 3796 2553 caeteris
3858 2489 4242 2553 invidiosam
4286 2488 4540 2568 exempli

2591 2576 2805 2657 qratia
2856 2575 3048 2655 refert
3104 2592 3295 2654 quam
3342 2573 3597 2655 publice
3651 2575 3928 2654 refutari
3983 2576 4172 2655 cupit.
4282 2575 4540 2639 Harmo-

2595 2662 2769 2725 niam
2814 2661 2883 2723 in
2928 2659 3371 2743 Evanyelistas
3415 2680 3609 2723 emere
3650 2661 3796 2723 vult.

2908 2832 3022 2896 (Ex
3057 2830 3397 2899 autographo
3433 2830 3565 2883 cod.
3604 2830 3805 2884 Genev.
3849 2829 3967 2893 109,
4001 2833 4092 2883 fol.
4127 2831 4247 2896 60.)

2594 3004 2983 3070 Eruditione
3064 3014 3132 3066 et
3198 3002 3493 3066 doctrina
3574 3003 3935 3067 clarissimo
4013 3004 4156 3067 viro
4243 3003 4543 3069 ccclesiae

2595 3091 2846 3157 Christi
2906 3090 3150 3174 pastori
3212 3089 3449 3154 eximio
3512 3090 3591 3153 D.
3643 3090 3874 3153 Ioanni
3921 3089 4205 3155 Calvino
4242 3091 4429 3155 fratri
4479 3089 4541 3152 in

3181 3176 3449 3241 Christo
3493 3177 3963 3241 amantissimo,

2768 3348 2839 3414 S.
2904 3349 3040 3413 Etsi
3100 3370 3227 3412 non
3289 3346 3600 3422 dubitem,
3651 3346 4024 3413 doctissime
4087 3346 4370 3427 Calvine,
4437 3368 4546 3430 per

2596 3435 2953 3500 amicorum
3010 3434 3235 3499 literas
3286 3435 3417 3497 iam
3475 3431 3724 3498 dudum
3784 3435 3867 3498 ad
3913 3443 3979 3498 te
4024 3435 4315 3498 relatum
4359 3453 4548 3516 quam

2594 3520 2993 3585 horribiliter
3058 3520 3230 3602 apud
3307 3518 3620 3602 quosdam
3689 3518 4067 3596 traducaris,
4097 3520 4146 3604 ¹)
4218 3540 4385 3603 quae
4448 3540 4549 3584 res

2593 3607 2756 3671 mihi
2823 3619 2891 3671 et
2957 3606 3178 3670 multis
3245 3606 3430 3671 bonis
3504 3629 3633 3668 non
3691 3628 3967 3688 parvum
4016 3605 4315 3671 dolorem
4363 3606 4546 3689 parit,

2595 3716 2727 3757 non
2786 3693 2966 3776 potui
3027 3701 3246 3757 tamen
3307 3692 3831 3774 praetermittere
3876 3692 3999 3756 hoc
4043 3703 4227 3757 certo
4275 3707 4342 3756 et
4381 3711 4547 3757 com-

2594 3778 2787 3844 modo
2847 3780 3104 3857 nunci0,
3165 3778 3323 3861 quin
3369 3789 3433 3841 ot
3477 3799 3619 3860 eg0,
3665 3778 3818 3843 licet
3863 3779 4292 3843 tenuissimae
4336 3775 4547 3843 erudi·

2596 3866 2792 3931 tionis
2855 3875 2922 3930 et
2985 3875 3318 3930 extremae
3384 3866 3578 3929 sortis
3646 3864 3857 3942 homo,
3905 3886 4119 3929 meam
4166 3864 4549 3944 συμπάθειαν

2595 3972 2711 4033 per
2779 3951 3009 4015 literas
3075 3951 3297 4032 paucis
3357 3948 3772 4016 declararem.
3869 3948 4020 4016 Scio
4065 3951 4242 4033 quod
4293 3960 4365 4015 tu
4408 3967 4547 4013 mea

2594 4038 3044 4114 instructione,
3074 4036 3338 4100 Domini
3388 4038 3618 4119 gratia,
3666 4057 3798 4100 non
3828 4036 4071 4101 habeas
4094 4059 4281 4120 opus.
4344 4035 4546 4118 Spero

2597 4125 2752 4187 item
2778 4123 3158 4198 Dominum,
3206 4131 3472 4205 propter
3505 4144 3700 4205 quem
3744 4123 3864 4187 has
3907 4122 4374 4187 tribulationes
4412 4141 4549 4186 sus-

2596 4211 2807 4274 tinere
2873 4209 3144 4293 cogeris,
3213 4207 3682 4290 dissipaturum
3735 4208 3957 4273 omnia
4006 4209 4287 4275 consilia
4331 4207 4550 4272 dolosa

2598 4306 2663 4360 et
2715 4296 2941 4377 iniqua
2988 4294 3304 4361 adversus
3359 4304 3421 4358 te
3467 4304 3535 4358 et
3577 4315 3802 4359 omnes
3846 4295 4006 4378 pios.
4097 4292 4390 4362 Omissis
4429 4292 4550 4443 iffi-

2598 4391 2706 4445 tur
2749 4382 3078 4465 plerisque
3123 4388 3304 4464 (nam
3332 4377 3741 4462 quarundam
3786 4380 4340 4446 contumeliarum
4379 4401 4451 4444 re
4521 4413 4550 4427 -

2596 4469 2911 4531 tationem
2955 4488 3039 4530 ex
3083 4467 3419 4531 carissimo
3465 4463 3726 4530 domino
3769 4475 4101 4549 compatre
4136 4468 4234 4532 M.
4270 4464 4551 4532 Ambro-

2598 4553 2695 4618 sio
2747 4552 3066 4618 Blaurero
3127 4552 3452 4630 intellexi)
3510 4572 3675 4634 quae
3735 4574 3866 4617 non
3935 4561 4070 4616 tam
4119 4576 4158 4617 a
4207 4551 4550 4618 malevolis

2597 4660 2792 4722 quam
2859 4638 3246 4722 quibusdam
3313 4660 3446 4702 non
3504 4638 3725 4716 malis,
3791 4639 3899 4720 qui
3966 4647 4187 4704 tamen
4256 4636 4550 4704 caritatis

2595 4725 2990 4790 christianae
3068 4725 3255 4789 obliti
3334 4743 3574 4807 magna
3630 4727 4107 4790 asseveratione
4178 4727 4337 4791 hinc
4401 4722 4550 4787 inde

2596 4823 3017 4894 sparguntur,
3087 4832 3293 4874 unum
3354 4808 3590 4874 addam
3658 4808 3831 4892 quod
3896 4832 4002 4875 me
4057 4830 4218 4893 prae
4277 4809 4550 4876 caeteris

2596 4905 2870 4981 torquet,
2919 4904 2995 4961 ut
3030 4896 3082 4961 si
3130 4895 3467 4961 excusatio
3509 4896 3680 4979 apud
3729 4917 3848 4961 nos
3890 4896 4262 4962 istiusmodi
4310 4896 4549 4962 calum-

2795 5188 2858 5248 4)
2898 5185 3077 5240 Porit-
3113 5188 3363 5256 seripsit:
3396 5188 3524 5243 fere.

2795 5254 2855 5324 5)
2902 5256 3162 5310 Ῠαυυᾱὶε.

2592 5323 2780 5379 2828.
2801 5324 2860 5391 1)
2905 5322 2989 5388 Of.
3027 5324 3104 5379 N.
3138 5322 3296 5378 2294.
