4850 6200
464 407 588 469 167

452 595 633 663 'urbe
693 602 1020 673 moratur,
1087 593 1200 660 ubi
1260 592 1421 660 haec
1484 591 1729 660 scelera
1793 602 1952 660 sunt
2004 593 2290 677 cogitata
2351 597 2420 658 ot

458 689 749 767 peracta.
814 679 1019 746 Liber
1059 676 1494 763 Magdeburgi
1536 699 1772 744 nomen
1826 678 2202 762 praeferens
2241 676 2416 760 apud

456 789 624 835 ⁴eum
679 768 1034 850 impressus
1088 772 1239 843 est„
1284 763 1364 829 de
1432 765 1621 832 'cuius
1685 764 1947 831 licentia
2013 775 2084 829 et
2146 765 2417 848 profana

464 853 751 920 avaritia
834 849 1216 935 iampridem
1316 851 1562 917 frustra
1658 850 1995 933 conquesti
2092 870 2339 915 sumus.
2354 851 2417 926 Β)

454 938 672 1006 Oerte
715 960 847 1004 non
890 948 1005 1013 est,
1063 933 1234 1019 qnod
1288 933 1369 1001 de
1412 935 1788 1021 longinquis
1828 936 2113 1002 inimicis
2156 934 2415 1001 solliciti

456 1044 866 1108 magnopere
900 1024 1126 1098 simus,
1162 1022 1395 1087 sicum
1416 1020 1559 1088 istis
1583 1021 1954 1089 domesticis
1976 1022 2411 1100 conferantur,

462 1111 644 1177 sicut
690 1107 1036 1193 aliquando
1088 1107 1435 1191 intelliges.
1534 1105 1673 1173 Det
1727 1106 2055 1173 Dominus
2109 1107 2293 1173 nobis
2348 1115 2416 1173 et

452 1197 658 1281 *pium
721 1203 786 1260 et
858 1195 1092 1260 fortem
1168 1193 1479 1258 animum.
1588 1193 1760 1259 Nam
1823 1194 1949 1259 nisi
2014 1205 2411 1272 occurratur,

466 1280 884 1347 acerbissima
959 1290 1025 1344 et
1102 1278 1668 1363 impudentissima
1729 1300 2020 1363 quaeque
2085 1286 2410 1364 exspecto.

465 1366 619 1433 Hoc
672 1374 748 1432 ut
793 1366 1026 1432 melius
1079 1386 1428 1451 cognoscas
1483 1366 1804 1450 tantisper
1844 1364 2004 1432 dum
2043 1363 2285 1431 librum
2329 1364 2414 1431 ad

472 1460 540 1518 te
575 1453 836 1518 mittam
870 1448 1189 1535 quaedam
1225 1452 1297 1517 in
1333 1451 1632 1517 chartula
1666 1450 2005 1536 exscripsi,
2053 1474 2136 1517 ex
2177 1451 2414 1536 quibus

459 1538 909 1605 coniecturam
942 1537 1141 1604 facies
1176 1537 1258 1603 de
1291 1537 1581 1604 caeteris.
1647 1537 1833 1603 Bene
1867 1538 2034 1617 vale,
2076 1537 2169 1602 mi
2205 1547 2408 1621 pater.

460 1621 793 1690 Dominus
835 1622 1026 1689 Iesus
1068 1631 1137 1688 te
1178 1623 1365 1690 nobis
1409 1623 1593 1708 (quid
1635 1622 1871 1689 nobis?
1930 1624 2060 1690 imo
2104 1623 2412 1690 ecclesiae

460 1710 614 1784 toti)
657 1718 1014 1776 conservet.
1085 1708 1166 1772 D.
1208 1708 1457 1775 Viretus
1499 1718 1740 1785 noster,
1785 1729 1867 1774 ex
1913 1710 2100 1776 cuius
2140 1709 2411 1776 consilio

462 1794 632 1862 haec
676 1794 760 1860 ad
802 1806 869 1859 te
913 1795 1160 1877 scripsi,
1207 1794 1398 1860 valde
1442 1804 1508 1861 te
1553 1794 1809 1860 salutat.
1898 1793 2044 1880 Ego
2085 1817 2242 1861 vero
2288 1795 2407 1859 im·

458 1880 700 2031 {rimis
766 1880 988 2030 cupi?8
1023 1881 1321 2031 pgffiibuls
1368 1881 1519 2031 1tulis
1586 1879 1876 1945 Domino
1946 1880 2403 1948 commendari.

534 1986 864 2031 ausannae
996 2018 1007 2030 .
1177 1987 1261 2031 en
1308 2016 1322 2030 .
1406 1988 1449 2031 u
1476 1989 1539 2030 n.

1420 2103 1541 2167 Th.
1587 2103 1778 2181 Beza,
1824 2103 2018 2188 plane
2062 2111 2232 2169 tuus.

454 2290 567 2355 Ex
615 2290 814 2355 Bellii
864 2291 1263 2374 praefatione
1307 2293 1374 2356 in
1418 2289 1713 2356 libellum
1759 2292 1840 2357 de
1884 2291 2230 2358 haereticis
2273 2313 2404 2358 non

1206 2375 1572 2461 puniendis.
1600 2379 1652 2453 ⁰)

634 2512 1018 2596 Disputatur
1072 2534 1194 2578 non
1246 2514 1319 2579 de
1370 2516 1478 2579 via
1532 2534 1658 2597 qua
1714 2516 1800 2581 ad
1846 2514 2166 2582 Christum
2205 2517 2410 2582 veniri

444 2601 675 2684 possit,
720 2601 762 2663 i.
810 2620 859 2664 e.
904 2598 978 2664 de
1020 2600 1181 2664 vitae
1222 2600 1594 2679 corredione,
1650 2602 1759 2667 sed
1799 2603 1876 2667 de
1917 2604 2129 2686 ipsium
2173 2601 2410 2669 Christi

460 2690 633 2751 stam
673 2691 727 2750 et
769 2685 998 2767 officio,
1055 2684 1313 2751 ubinam
1368 2706 1532 2751 nunc
1586 2687 1672 2751 sit
1714 2688 1848 2769 ipse
1896 2687 2195 2767 Christus,
2251 2689 2409 2772 quid

456 2775 624 2855 ayat,
681 2771 973 2853 quomodo
1012 2772 1216 2837 sedeat
1255 2772 1342 2838 ad
1382 2774 1667 2838 dextram
1700 2775 1931 2853 patrie,
1987 2775 2284 2856 quomodo
2325 2776 2411 2839 sit

452 2876 660 2922 anum
692 2878 832 2923 eum
855 2862 1072 2940 patre:
1110 2859 1255 2923 item
1287 2858 1363 2923 de
1393 2858 1973 2939 praedestinatione,
2008 2860 2084 2924 de
2111 2861 2409 2937 trinitate,

457 2943 537 3008 de
591 2941 781 3009 libero
832 2943 1113 3020 arbitrio,
1157 2945 1236 3009 de
1276 2942 1440 3022 Deo,
1502 2944 1578 3008 de
1622 2945 1889 3027 an9e1i3,
1946 2946 2022 3010 de
2062 2950 2231 3010 statu
2271 2945 2409 3011 ani-

458 3048 714 3093 marum
754 3033 893 3110 post
931 3028 1091 3093 hanc
1132 3030 1325 3093 vitam
1377 3034 1435 3094 et
1487 3030 1746 3095 caeteris
1803 3029 2165 3096 huiusmodi
2203 3032 2407 3109 rebus,

454 3135 623 3197 quae
674 3134 866 3196 neque
919 3114 1006 3178 ad
1057 3114 1315 3179 salutem
1360 3135 1480 3196 per
1529 3116 1717 3195 fidem
1773 3116 2162 3183 obtinendam
2214 3138 2411 3200 usque

459 3201 614 3266 adeo
668 3201 909 3281 coquite
960 3202 1347 3266 neeessariae
1400 3206 1549 3266 sunt
1608 3202 1942 3283 (siquidem
1999 3204 2136 3268 sine
2190 3223 2410 3269 earum

459 3287 801 3369 coynitione
864 3284 1029 3350 salvi
1088 3286 1244 3366 faeti
1316 3291 1461 3352 sunt
1517 3286 1839 3369 publicani
1896 3294 1951 3354 et
2015 3290 2409 3371 meretrices),

476 3371 1653 3455 nequecofflwseipoesuntantequam
1702 3375 2408 3441 cormundumhabea-

458 3476 606 3556 mnis
666 3458 998 3538 (siquidem
1059 3458 1181 3523 illa
1232 3458 1441 3557 videre
1489 3465 1598 3559 ‚est
1653 3459 1862 3527 Deum
1916 3463 2129 3544 ipsum
2181 3462 2409 3540 videre,

455 3544 1658 3728 &gemtfflmww
1689 3547 2411 3718 ffiffffifflffi

448 3721 748 3780 sciantur
787 3714 1059 3780 reddunt
1099 3715 1407 3781 hominem
1446 3719 1771 3784 meliorem.

639 3851 728 3914 Et
770 3851 961 3933 paulo
1004 3860 1151 3935 post
1195 3852 1276 3918 de
1319 3853 1424 3920 his
1459 3854 1688 3920 iisdem
1726 3875 1959 3941 agens:

639 3968 810 4035 Hinc
850 3971 1099 4050 exsilia,
1156 3972 1300 4040 Ιιίησ
1340 3975 1532 4057 iynes,
1584 3979 1639 4040 et
1678 3977 2064 4045 miserabilis
2109 3980 2414 4060 quotidia-

454 4076 690 4121 nornm
744 4058 1196 4138 suppliciomm
1249 4060 1475 4140 facies,
1538 4061 1610 4125 ob
1665 4062 1908 4129 invisas
1954 4064 2413 4146 potentioribus

460 4141 787 4224 opiniones
827 4144 904 4208 de
946 4144 1133 4210 rebus
1173 4145 1377 4212 adhue
1416 4146 1645 4229 iynotis
1686 4153 1743 4212 et
1780 4150 1943 4215 inter
1980 4150 2256 4216 hmines
2288 4171 2412 4234 per

458 4228 722 4379 &casiam
765 4230 1011 4294 saecula
1067 4230 1428 4311 disputatis,
1486 4233 1742 4300 necdum
1799 4239 2003 4300 tamen
2057 4243 2218 4303 certo
2270 4257 2411 4303 eort-

640 4449 821 4516 Idem
870 4473 1125 4518 rursus:

639 4569 745 4636 De
798 4570 1131 4654 baptimo,
1187 4575 1262 4639 de
1318 4597 1502 4642 coena
1558 4575 1840 4656 Domini,
1907 4577 1984 4643 de
2035 4581 2415 4646 invocatione

460 4661 837 4738 sanctorum,
893 4659 971 4725 de
1011 4661 1477 4742 iustificatione,
1531 4663 1606 4727 de
1655 4662 1849 4729 libero
1893 4663 2175 4742 arbitria,
2231 4669 2415 4731 eaete-

458 4743 938 4894 mmmmm-3
980 4744 1257 4812 obscuris
1289 4747 1756 4829 quaestionibus
1796 4770 1971 4816 aeres
2002 4754 2150 4816 sunt
2183 4757 2414 4816 contro-

641 4966 825 5048 Quos
882 4971 987 5034 isti
1051 4981 1287 5036 vocent
1342 4969 1741 5054 potentiores
1795 4969 2033 5039 abhinc
2089 4981 2233 5039 octo
2276 4970 2416 5038 dies

674 5205 734 5274 8)
776 5209 1075 5290 onrinum
1124 5215 1301 5292 notat·
1365 5209 1615 5281 (Machly
1689 5249 1702 5264 .
1738 5210 1855 5294 ⁴51)
1938 5211 2171 5267 maht·-
2222 5227 2417 5269 m

468 5275 1145 5413 Wiih‘uifflsswi'
1178 5294 1497 5416 &affixi
1528 5295 1614 5402 32.
1644 5295 1762 5335 ‘m
1795 5296 1911 5335 '‘¹⁰'‘
1944 5296 2266 5337 ''m““m'

1908 402 2433 472 EPIS'POLAB
2485 404 2901 467 1973—1976

4349 404 4469 466 168

2520 590 2950 657 ostenderunt
3006 593 3358 658 summissa
3411 589 3651 677 gallica
3705 590 3979 676 epistola
4035 588 4119 657 ad
4162 598 4466 657 senatum

2521 675 3003 757 Genevensem,
3031 681 3116 757 ²⁰)
3187 677 3302 744 sed
3356 699 3484 742 uon
3544 676 3891 762 adscriptis
3944 674 4339 757 nominibus,
4394 677 4462 742 in

2519 784 2649 845 qua
2691 784 3112 848 quaecunque
3154 765 3228 829 in
3261 763 3568 831 sicarium
3603 773 3670 829 et
3702 760 4214 847 perditissimum
4260 761 4466 827 nebu-

2518 846 2736 914 lonem
2781 848 2907 915 dici
2951 859 3226 934 possunt
3259 850 3331 915 in
3369 848 3703 916 Calvinum
3747 847 4227 916 debacchantur
4263 846 4462 914 furio·

2518 934 2794 1015 sissime,
2851 934 3192 1003 studentes
3232 935 3545 1003 tumultui
3588 944 3655 1003 et
3692 943 3956 1019 apertae
3996 933 4315 1011 seditioni,
4372 934 4467 999 ita

2519 1028 2740 1086 tamen
2785 1029 2860 1086 ut
2901 1022 3026 1091 sibi
3068 1030 3335 1088 cautum
3375 1043 3518 1089 esse
3560 1022 3788 1089 velint.
3850 1020 3935 1087 In
3976 1019 4200 1087 eadem
4243 1027 4464 1086 autem

2517 1107 2966 1173 criminatione
2987 1107 3463 1175 Neocomenses
3505 1108 3700 1175 etiam
3742 1107 4126 1173 nominatim
4169 1106 4463 1191 proscin-

2518 1190 2702 1257 dunt.
2794 1194 3050 1260 Deinde
3112 1193 3193 1260 de
3236 1194 3559 1279 Tigurina
3616 1193 3891 1261 ecclesia
3931 1212 4008 1259 ac
4050 1193 4461 1275 magistratu,

2516 1279 2781 1429 nongine
2859 1290 3076 1346 tamen
3157 1299 3291 1345 non
3369 1301 3708 1364 expresso,
3787 1280 3882 1344 ita
3959 1278 4312 1361 loquuntur
4379 1277 4462 1344 ad

2515 1384 2633 1430 ver
2675 1384 2817 1430 um:

2692 1481 2881 1550 Scitis
2915 1490 3255 1568 praeterea,
3300 1486 3618 1551 carissimi
3647 1486 3884 1567 fratres
3915 1487 3972 1550 et
4001 1483 4264 1559 domini,
4304 1485 4464 1567 quid

2515 1570 2809 1636 acciderit
2849 1575 3068 1636 nostra
3121 1571 3421 1637 memoria
3475 1571 3725 1637 cuidam
3768 1571 4149 1654 praecipuae
4199 1572 4461 1648 civitati,

2514 1677 2591 1721 σω
2629 1657 2718 1721 iis
2757 1676 2918 1739 quae
2957 1657 3342 1741 evanyelim
3381 1662 3751 1737 receperunt.
3848 1657 4020 1740 Quae
4076 1675 4268 1738 quum
4301 1675 4464 1738 pas·

2514 1746 2704 1808 torem
2761 1742 3005 1808 haberet
3058 1743 3376 1808 addictum
3426 1743 3743 1825 fundendo
3809 1743 4111 1826 sanquini
4163 1748 4222 1807 et
4276 1742 4462 1808 rebus

2512 1827 2796 1926 omnibus
2829 1848 2956 1910 pro
2995 1829 3217 1927 animi·
3241 1829 3582 1911 cupiditate
3609 1828 3920 1909 faciendis
3952 1829 4020 1894 vi
4052 1833 4110 1893 et
4149 1829 4460 1905 violentia,

2511 1919 3083 2067 mewa
3102 1914 4278 2099 ersmwffmff
4231 1915 4464 2065 ὡς..

2511 2085 2741 2151 damno
2784 2092 2839 2151 et
2880 2087 3261 2153 incommodo
3302 2088 3490 2153 totins
3528 2107 3811 2168 ipsorum
3853 2086 4228 2170 reipublicae
4272 2092 4328 2151 et
4361 2107 4462 2152 ne-

2506 2172 2663 2256 yotii
2705 2171 3008 2256 evanyebii
3062 2173 3497 2250 retardatione,
3557 2192 3752 2256 neque
3807 2173 3945 2254 ipse
3984 2173 4299 2239 duntaxat
4337 2174 4461 2238 mi-

2511 2259 2727 2336 nister,
2784 2259 2895 2340 qui
2950 2258 3038 2324 ad
3083 2258 3201 2324 has
3255 2259 3653 2326 crudelitates
3743 2259 3783 2322 i.
3841 2279 3895 2325 e.
3956 2256 4040 2322 ad
4095 2257 4462 2341 puniendos

2512 2343 2997 2428 Anabaptistas,
3054 2354 3133 2410 ut
3191 2344 3477 2411 declarat
3532 2345 3689 2412 Mon
3719 2346 3927 2410 ortius
3983 2345 4053 2409 in
4106 2365 4225 2409 sua
4282 2344 4461 2410 refu-

2512 2430 2776 2505 tatione.
2812 2430 2988 2495 unde
3007 2430 3167 2498 haec
3187 2451 3395 2515 paene
3416 2429 3500 2497 ad
3521 2430 3795 2497 verbum
3818 2438 3976 2497 sunt
4008 2427 4346 2517 excerpta]
4378 2431 4466 2513 ¹¹)

2513 2516 2685 2599 ipsos
2741 2517 3090 2600 impulerat,
3148 2519 3258 2583 sed
3311 2519 3501 2584 etiam
3557 2523 3719 2582 totus
3775 2522 4032 2583 senatus
4084 2517 4195 2600 qui
4248 2519 4465 2598 ipsum

2513 2607 2645 2666 erat
2687 2608 3004 2685 sequutus,
3051 2608 3108 2668 et
3149 2603 3326 2669 urbis
3369 2624 3443 2670 ae
3483 2603 3756 2686 reqionis
3785 2603 3906 2683 flos
3944 2603 4080 2684 ipse
4113 2603 4464 2669 ceciderunt

2511 2688 2580 2787 in
2626 2709 2821 2754 unum
2862 2709 3171 2767 acervum,
3228 2690 3580 2772 interempti
3628 2688 3843 2774 yzadio
3899 2689 4037 2754 irae
4079 2688 4207 2755 Dei
4246 2694 4465 2754 contra

2514 2779 3082 2961 WOSHaeeQCizl‘lits
3095 2859 3274 2943 Quid
3316 2860 3552 2961 facturi
3595 2860 3731 2961 sint
3751 2861 4192 2960 Genevenses·
4219 2861 4461 2927 nescio.

2514 2942 2649 3012 Sed
2693 2967 2988 3030 suspicor
3027 2968 3170 3013 sine
3226 2948 3523 3013 factionis
3574 2946 3850 3013 alicuius
3907 2968 4024 3031 spe
4067 2954 4135 3012 et
4174 2945 4463 3029 impulsu

2513 3052 2591 3096 eo
2640 3031 3084 3117 impudentiae
3137 3034 3162 3098 i
3208 3053 3316 3100 sos
3372 3053 3504 3098 non
3563 3033 3762 3101 fixisse
3815 3041 4259 3119 prorupturos.
4361 3031 4464 3097 Tu

2514 3116 2900 3184 deliberabis
2943 3117 3102 3202 quid
3173 3129 3314 3185 acto
3374 3121 3463 3186 sit
3520 3140 3701 3202 opus.
3788 3120 3960 3186 Nam
4020 3121 4078 3186 si
4124 3118 4283 3186 haec
4327 3118 4466 3184 illis

2514 3203 2977 3282 conceduntur,
3023 3203 3181 3287 quid
3227 3204 3487 3272 tandem
3533 3226 3665 3270 non
3711 3205 4089 3273 audebunt?

3395 3784 3580 3857 1974.

2910 3941 3391 4009 SULZERUS
3437 3942 4070 4010 BULLINGERO.

2687 4111 2994 4181 Basileae
3032 4117 3242 4181 omnia
3282 4114 3626 4195 tranquilla
3670 4123 3729 4184 et
3768 4117 4134 4184 aServetico
4173 4123 4468 4200 termento

2515 4198 2611 4263 nil
2651 4200 3008 4265 timendum.
4393 4233 4450 4282 ς

2515 4370 2879 4438 (Excerptum
2924 4386 2992 4425 ex
3264 4370 3376 4441 pho
3422 4372 3585 4426 Arcb.
3630 4373 3809 4427 Turio.
3857 4375 3999 4429 Plnt.
4046 4376 4143 4431 vl.
4180 4376 4304 4431 Vol.
4343 4377 4465 4444 155,

2562 4440 2692 4492 olim
2729 4439 2899 4494 Soa-in.
2935 4441 2999 4495 B.
3031 4440 3173 4510 Epp.
3208 4439 3365 4494 Tem.
3399 4439 3485 4507 33,
3518 4441 3608 4496 fol.
3646 4440 3763 4496 373.
3801 4471 3866 4482 -
3902 4444 4112 4501 simler.
4151 4446 4272 4499 Vol.
4308 4444 4418 4510 82.)

2521 4610 2684 4677 Viro
2728 4612 3285 4695 praestantissimo
3321 4614 3405 4679 D.
3430 4613 3796 4682 Heinricho
3831 4615 4215 4703 Bullingero
4257 4617 4469 4686 eccle-

2518 4698 2657 4762 siae
2713 4698 3070 4782 'I'igurinae
3127 4698 3628 4783 vigilantissimo
3692 4702 4002 4782 antistiti,
4072 4703 4331 4770 domino
4396 4715 4470 4771 et

3060 4784 3246 4850 fratri
3290 4784 3747 4852 colendissimo
3789 4807 3924 4852 suo.

2517 4955 2606 4969 a*
2651 4956 2730 4967 —
2779 4957 2856 4967 —u—
2917 4956 3000 4965 ——
3067 4958 3138 4968 -ο
3257 4960 3275 4969 -ο
3335 4960 3421 4971 ᾳ
3477 4957 3561 4969 —
3609 4959 3685 4969 —
3730 4957 3817 4972 -
3863 4960 3934 4974 -ρ
3997 4958 4082 4971 -ι-
4126 4961 4208 4971 -ν
4253 4962 4336 4971 —
4379 4965 4468 4978 -

2695 5212 3408 5339 mmmm
3422 5216 3536 5339 fs..
3553 5214 4366 5341 emersi-:210
4399 5231 4470 5270 ⁶2

2695 5352 2783 5418 ιι)
2814 5351 2948 5408 ιιαω
2981 5352 3135 5408 Bm
3168 5353 3230 5407 in
3265 5369 3524 5423 man-qm.
4287 5328 4294 5335 ’
