4850 6200
554 414 635 477 91

556 597 720 666 dant
773 618 930 664 suae
984 594 1493 683 ingratitudinis.
1583 595 1819 679 Tiguri
1875 597 1978 659 26.
2036 592 2267 659 Martii
2329 612 2502 659 anno

570 690 750 749 1554.
1688 764 2116 850 Bullingerus
2159 771 2329 830 tuus.

1350 976 1747 983 —ffl—--ffl—

558 1112 995 1196 Quaestionos
1036 1109 1156 1173 IV.
1205 1107 1387 1175 Secti
1431 1108 1773 1173 cuiusdam
1837 1106 1918 1172 de
1963 1107 2197 1191 Regno
2243 1105 2505 1174 Scotiae

1287 1203 1355 1260 et
1399 1194 1695 1277 Angliae.
1721 1198 1775 1274 ⁴)

730 1334 782 1396 I.
852 1332 1093 1399 Utrum
1153 1331 1330 1396 filius
1386 1332 1558 1415 regis
1612 1339 1799 1413 patre
1858 1350 2012 1415 rege
2055 1339 2314 1396 mortuo
2360 1332 2505 1396 iure

560 1418 944 1496 nativitatis,
992 1428 1325 1500 utcunque
1367 1427 1631 1499 propter
1674 1416 2022 1498 pueritiam
2065 1436 2344 1501 regnum
2389 1416 2502 1481 ad-

560 1506 938 1571 ministrare
992 1525 1127 1568 non
1178 1504 1384 1586 possit
1399 1554 1413 1580 ,
1485 1501 1823 1567 habendus
1884 1503 1973 1567 sit
2038 1523 2157 1586 pro
2214 1502 2505 1586 legitimo

560 1593 970 1677 magistratu,
1014 1591 1119 1655 cui
1161 1590 1303 1654 inre
1346 1588 1569 1654 divino
1610 1598 1904 1669 oporteat
1946 1587 2219 1671 parere?

735 1676 824 1741 ΙΙ.
892 1675 1137 1742 Utrum
1180 1674 1424 1740 femina
1454 1674 1598 1739 iure
1633 1672 1856 1739 divino
1899 1694 2101 1759 regno
2136 1673 2506 1756 praesidere

562 1778 630 1827 et
686 1764 808 1826 hoc
864 1760 1227 1846 gubernare
1282 1761 1502 1843 possit,
1568 1760 1856 1843 adeoque
1928 1761 2167 1826 marito
2224 1781 2340 1826 suo
2401 1762 2507 1826 ius

564 1850 757 1931 regni
801 1846 1102 1913 tradere?

733 1934 859 1998 111.
927 1933 1169 1999 Utrum
1212 1931 1623 2016 magistratui
1680 1932 2031 2015 imperanti
2072 1931 2509 1997 idololatriam

563 2028 630 2086 et
674 2020 1010 2085 damnanti
1054 2040 1277 2084 veram
1321 2018 1699 2099 religionem
1758 2017 2333 2101 obtemperandum
2377 2017 2507 2083 sit‘?

564 2107 659 2172 Et
700 2126 783 2170 an
826 2125 1125 2188 proceres
1170 2124 1352 2170 arces
1410 2112 1475 2168 et
1530 2102 1767 2187 oppida
1809 2102 2121 2169 habentes
2145 2108 2199 2181 5)
2257 2114 2511 2169 armata

563 2212 761 2257 manu
808 2192 1001 2256 istam
1046 2193 1183 2255 vim
1203 2196 1256 2268 θ)
1303 2212 1341 2254 a
1383 2212 1453 2255 se
1497 2202 1565 2255 et
1606 2189 1745 2255 suis
1787 2190 2170 2272 propulsare
2211 2190 2507 2272 possint?

736 2278 855 2340 IV.
923 2277 1076 2343 Utri
1133 2278 1299 2359 parti
1359 2275 1847 2341 adhaerendum
1906 2277 1996 2342 sit
2047 2276 2191 2357 piis,
2249 2277 2303 2342 si
2360 2275 2511 2341 reli-

564 2365 729 2447 giosi
776 2383 1073 2445 proceres
1117 2362 1285 2428 bello
1328 2363 1642 2427 resistant
1684 2361 1827 2446 regi
1869 2361 2294 2427 idololatrae?

567 2500 989 2584 Responsum
1014 2499 1482 2583 Tigurinorum
1526 2499 1609 2562 ad
1644 2500 2056 2581 quaestiones
2098 2497 2263 2564 illas.
2332 2504 2510 2564 1554.

735 2620 787 2685 Ι.
857 2620 986 2683 Pro
1043 2619 1337 2703 legitimo
1393 2641 1547 2704 rege
1601 2620 1661 2684 is
1716 2620 1881 2684 mihi
1901 2623 1958 2697 ⁷)
2018 2618 2356 2685 habendus
2411 2621 2513 2684 vi-

570 2705 761 2770 detur
814 2705 927 2788 qni
986 2704 1349 2771 secundum
1403 2706 1580 2789 leges
1633 2706 1878 2788 patrias
1919 2727 2054 2770 non
2109 2706 2367 2788 iniquas
2411 2726 2516 2770 or-

565 2792 832 2857 dinatus
875 2804 992 2856 est.
1083 2790 1196 2856 Sic
1235 2800 1456 2856 autem
1497 2791 1868 2856 ordinatum
1913 2799 2174 2857 constat
2194 2796 2248 2873 ⁸)
2288 2791 2515 2858 beatae

563 2878 920 2943 memoriae
980 2877 1367 2942 Eduardum
1412 2876 1532 2941 VI.
1580 2876 1863 2960 Angliae
1920 2898 2159 2960 regem.
2186 2882 2238 2954 ⁹)
2325 2876 2516 2943 Hunc

561 2965 737 3029 enim
773 2972 957 3045 pater
992 2963 1277 3027 moriens
1312 2962 1687 3047 designavit
1720 2981 1977 3047 regem:
2007 2966 2092 3039 ¹⁰)
2131 2973 2517 3045 receperunt

560 3048 749 3114 illum
793 3049 979 3132 regni
1024 3046 1301 3128 ordines,
1356 3047 1425 3113 id
1487 3048 1657 3132 quod
1713 3056 1780 3113 et
1834 3049 2249 3114 coronatione
2292 3050 2515 3115 testati

563 3145 746 3212 sunt,
819 3145 886 3199 et
939 3133 1327 3200 consiliariis
1382 3135 1869 3211 instruxerunt,
1895 3133 1981 3219 ¹²)
2056 3145 2135 3200 ut
2191 3135 2251 3201 ei
2309 3155 2513 3221 regno

562 3219 731 3285 nihil
789 3218 911 3284 sub
966 3220 1087 3287 hoc
1139 3241 1344 3304 puero
1395 3220 1707 3299 defuerit,
1766 3220 1939 3304 quod
1996 3221 2069 3287 in
2121 3218 2516 3286 felicissimis

562 3306 807 3389 alioqui
867 3307 1088 3390 regnis
1150 3307 1400 3391 requiri
1464 3306 1647 3373 solet.
1748 3305 2119 3391 Legitimus
2176 3326 2335 3392 ergo
2391 3328 2515 3371 rex

561 3392 692 3456 fuit
724 3401 791 3456 et
825 3393 1188 3476 parendum
1224 3403 1326 3459 est
1345 3393 1488 3459 eius
1522 3392 2099 3460 constitutionibus
2134 3394 2400 3459 sanctis.
2426 3394 2513 3476 ¹²)

568 3514 637 3526 ἡ

769 3564 830 3631 4)
868 3563 1266 3633 Autem-ephon
1299 3564 1613 3633 Ballionem-i
1646 3569 1826 3618 exstat
1860 3564 1922 3617 in
1946 3565 2113 3618 Areh.
2160 3564 2339 3619 strio.
2362 3562 2508 3632 Epp.

572 3632 634 3688 Τ.
652 3633 737 3702 43,
768 3634 865 3701 fol.
905 3632 1007 3686 751
1042 3639 1095 3688 st
1128 3632 1452 3702 descriptum
1485 3639 1565 3687 est
1596 3649 1686 3702 ap.
1715 3632 2001 3687 Sin-lerum
2034 3633 2149 3689 Vol.
2182 3631 2266 3687 81.
2338 3633 2514 3688 Aliud

557 3705 837 3772 are-oplan-
869 3702 1002 3757 n'bs‘d.
1047 3701 1194 3756 Tem.
1229 3700 1317 3771 30,
1346 3703 1443 3768 fol.
1478 3699 1582 3755 299
1616 3718 1664 3754 v.
1747 3700 1986 3756 Tertium
2017 3717 2187 3756 manu
2202 3701 2516 3770 Bulliayeri

559 3773 800 3828 sanioris
830 3773 944 3826 scri
979 3778 1092 3825 tum
1125 3771 1323 3826 widem
1339 3814 1353 3838 ,
1401 3773 1555 3825 varie
1591 3775 1853 3828 mutatum
1889 3770 2037 3839 quod
2066 3772 2194 3840 ipsa
2237 3770 2515 3839 Respoasi

556 3842 851 3909 {suscriptio
966 3840 1161 3895 clarat.
1236 3839 1309 3892 In
1344 3840 1472 3893 edit.
1510 3837 1863 3893 Purher-iana
1909 3842 2289 3908 responsiones
2321 3855 2512 3909 quaes-

558 3910 805 3992 5⁸⁶9an
848 3909 1081 3977 sinodis
1129 3910 1397 3989 subiectae
1444 3915 1587 3962 sune.
1671 3908 1960 3991 Varianus
2007 3924 2044 3962 a
2077 3909 2235 3966 nobis
2267 3910 2330 3962 in
2363 3925 2510 3963 mar-

555 4045 760 4113 m
793 3978 1067 4100 zeta<
1116 3983 1802 4127 samem
1751 3977 2202 4102 „mam
2248 3979 2513 4100 tm

566 4113 819 4170 Genevae
870 4131 923 4168 a.
987 4112 1121 4167 1557
1167 4120 1416 4183 scr-epm:
1474 4113 1592 4169 The
1637 4115 1757 4167 first
1802 4116 1956 4168 Blast
2008 4115 2070 4169 of
2106 4115 2201 4169 the
2250 4115 2514 4185 Trumpet

670 4185 782 4236 inst
814 4183 909 4236 the
955 4190 1261 4236 monstrous
1297 4183 1586 4252 Regiment
1619 4183 1681 4238 of
1712 4183 1952 4237 Women.
2024 4183 2290 4250 (ΜὈνίε,
2327 4183 2422 4250 life
2457 4183 2516 4250 of

566 4201 759 4306 3:0ae-
794 4251 836 4305 L
868 4250 1014 4319 218.)
1085 4251 1196 4306 Hic
1239 4259 1402 4306 autor
1445 4251 1631 4307 addit.-
1677 4252 1808 4306 'l'his
1861 4270 1970 4306 was
2017 4253 2284 4324 probably
2321 4269 2424 4307 one
2458 4254 2521 4307 of

566 4321 663 4375 the
771 4322 880 4374 ints
915 4337 986 4373 on
1022 4320 1197 4375 which
1232 4320 1302 4374 he
1337 4321 1446 4374 had
1480 4321 1766 4375 conferred
1802 4320 1937 4374 with
1971 4321 2066 4376 the
2101 4321 2267 4375 Swiss
2302 4322 2513 4376 divines

566 4391 623 4444 in
881 4389 1038 4443 Iden
1067 4405 1125 4457 p.
1159 4387 1290 4443 220:
1339 4390 1618 4445 Goodman
1667 4389 1771 4444 ado
1810 4390 1904 4443 ted
1938 4390 2032 4444 the
2077 4392 2371 4444 sentiment
2404 4390 2513 4444 and

566 4456 920 4512 commended
955 4458 1048 4512 the
1094 4458 1428 4528 publication
1476 4463 1537 4512 of
1572 4459 1657 4512 his
1703 4475 1766 4513 co
1807 4475 1976 4529 sagus
2018 4459 2077 4512 in
2119 4459 2203 4513 his
2247 4460 2392 4514 book
2441 4476 2512 4514 on

567 4527 875 4581 obedience
909 4531 968 4579 to
1002 4527 1250 4596 superior
1284 4527 1521 4581 Powers.

772 4594 835 4661 5)
870 4599 1117 4649 tenentes
1152 4594 1328 4649 adhuc
1360 4596 1561 4666 oppida
1595 4605 1652 4649 et
1684 4612 1853 4651 arces,

772 4663 835 4728 6)
872 4665 979 4718 vim
1014 4665 1175 4719 istam
1210 4665 1454 4734 impiam.

773 4731 833 4798 7)
869 4732 1118 4803 Aqnoscs
1150 4733 1526 4803 Bullinorum
1562 4740 1821 4789 autorem,

773 4800 829 4864 8)
865 4802 953 4857 Ita
990 4819 1118 4857 vero
1152 4808 1367 4857 constat
1400 4802 1706 4857 ordinatum
1744 4818 1877 4856 esse.

772 4871 834 4937 9)
994 4871 1096 4925 liae
1133 4887 1314 4937 regem
1351 4888 1452 4926 om.

532 5005 539 5017 ,
743 4939 835 5008 10)
986 4982 997 4993 .
1042 4957 1105 4994 ac
1148 4941 1227 4993 ita
1281 4940 1611 5010 deposcebat
1654 4940 1739 4995 ius
1785 4940 1941 5010 regni
1989 4939 2135 5007 quod
2188 4939 2342 4993 aiunt
2394 4955 2514 4994 esse

566 5008 1003 5063 haereditarium.

745 5077 831 5143 11)
866 5076 993 5131 add.
1052 5079 1160 5133 alio
1200 5079 1257 5131 ui
1314 5078 1522 5148 magnis
1577 5077 1678 5130 Dei
1734 5077 1954 5131 dotibus
2007 5077 2330 5146 praeditum.
2397 5075 2513 5131 Nec

568 5146 743 5201 defuit
777 5146 825 5198 ei
864 5161 1028 5215 reguo
1063 5147 1157 5217 qui
1196 5163 1359 5216 quam
1395 5145 1542 5215 quod
1576 5152 1670 5201 etc.

742 5213 837 5280 12)
874 5215 1081 5284 legibus
1114 5224 1169 5270 et
1203 5214 1532 5271 constitutis.
1602 5214 1853 5269 Sanctius
1886 5215 1978 5269 ille
2014 5230 2241 5284 regnum
2276 5214 2517 5268 instituit

572 5301 732 5354 quam
777 5292 892 5337 tres
926 5283 1330 5352 prudentissimi
1377 5292 1437 5337 et
1477 5283 1774 5337 felicissimi
1821 5283 1982 5337 huius
2028 5284 2182 5353 regni
2229 5299 2385 5354 reges
2421 5285 2516 5353 qui

570 5361 700 5407 ante
736 5354 911 5422 ipsum
944 5361 1257 5423 regnarunt.

2063 401 2588 473 EPIS'POLAE
2641 407 3056 468 1934—l!³:²,5

4470 409 4547 470 92

2777 590 2864 656 Π.
2935 591 3081 657 Lex
3121 602 3398 659 naturae
3439 600 3506 659 et
3545 592 3674 659 Dei
3700 595 3778 672 ι51)
3823 592 4135 661 feminam
4177 593 4442 660 subesse
4482 602 4553 660 et

2607 697 2742 742 non
2781 676 3099 742 dominari
3136 678 3346 744 iubet:
3388 677 3456 743 id
3491 678 3663 762 quod
3698 678 3951 745 clarum
3973 688 4074 746 est
4108 680 4174 745 in
4213 680 4551 764 utriusque

2605 764 2986 828 testamenti
3028 761 3230 829 libris.
3317 761 3394 830 Si
3439 785 3595 830 vero
3655 764 3909 849 legibus
3970 780 4037 830 et
4078 765 4318 832 ritibus
4359 766 4549 851 regni

2606 849 3137 932 permittentibus
3164 850 3248 932 ¹⁴)
3308 850 3623 934 recipitur
3664 851 3912 916 femina
3953 851 4211 936 regina,
4239 853 4325 932 ι*5)
4384 872 4551 935 quae

2604 956 2724 1019 per
2779 934 3183 1000 consiliarios
3238 934 3617 1002 moderetur
3686 958 3962 1022 regnum
4028 936 4231 1004 veluti
4291 937 4553 1005 Debora

2607 1021 2838 1104 aliqua,
2884 1020 3318 1103 periculosum
3360 1021 3487 1087 erit
3530 1022 3658 1106 piis
3702 1023 3761 1088 si
3804 1044 3875 1089 se
3916 1023 4227 1089 obiiciant
4267 1022 4550 1107 politicis

2603 1106 2887 1191 legibus,
2945 1107 3232 1173 maxime
3288 1128 3493 1191 quum
3548 1108 3965 1194 evangelium
3993 1114 4080 1185 ¹⁶)
4136 1109 4302 1175 nulli
4355 1130 4550 1175 suum

2605 1193 2710 1259 ius
2753 1193 3125 1275 praeripiat,
3171 1215 3290 1259 nec
3333 1215 3451 1277 per
3491 1194 3876 1279 Philippum
3913 1193 4281 1263 Candacem
4328 1195 4549 1262 detur-

2607 1278 2822 1344 bant*
2866 1279 3228 1362 aethiopico
3272 1301 3493 1364 regno.
3573 1279 3648 1346 Si
3692 1282 3895 1366 impia
3937 1282 4025 1347 sit
4063 1301 4231 1364 quae
4274 1292 4550 1364 praeest,

2606 1375 2675 1430 et
2730 1363 3084 1448 tyrannide
3139 1374 3538 1448 consequuta
3589 1367 3678 1432 sit
3729 1367 4075 1450 imperium
4094 1419 4108 1445 ,
4167 1368 4417 1433 habent
4457 1368 4552 1451 pii

2606 1450 2980 1534 exemplum
3038 1460 3104 1515 et
3166 1452 3673 1517 consolationem
3738 1453 3812 1517 in
3870 1453 4154 1519 Athalia.
4259 1453 4550 1519 Iniustas

2607 1536 2935 1601 Dominus
2969 1536 3443 1603 dominationes
3476 1559 3595 1621 per
3626 1559 3796 1616 suos,
3833 1561 3993 1622 quos
4029 1540 4114 1605 ad
4140 1539 4264 1606 hoc
4281 1539 4554 1606 instruit

2605 1621 3048 1701 facultatibus,
3074 1625 3156 1704 ¹⁷)
3229 1623 3552 1690 deturbat.
3655 1626 3767 1690 An
3837 1645 3993 1691 vero
4061 1625 4223 1692 hoec
4292 1623 4551 1691 tradere

2609 1710 2812 1791 possit
2853 1709 2956 1774 ius
2993 1710 3178 1793 regni
3220 1710 3458 1774 marito
3494 1730 3630 1789 suc,
3676 1711 4011 1776 commode
4045 1710 4549 1794 respondebunt,

2608 1794 2720 1877 qui
2762 1794 2940 1877 leges
2984 1802 3051 1859 et
3090 1815 3303 1860 mores
3328 1796 3413 1879 18)
3457 1798 3642 1881 regni
3686 1805 4033 1862 noverunt.

2784 1879 2913 1945 ΠΙ.
3006 1880 3154 1945 Non
3191 1882 3775 1964 optemperandum
3822 1903 3965 1948 esse
4009 1884 4150 1967 regi
4193 1894 4307 1949 aut
4342 1886 4551 1970 magi-

2608 1967 2938 2044 stratuiw)
3006 1965 3344 2032 damnanti
3417 1988 3643 2033 veram
3708 1968 4088 2051 religionem
4107 2021 4125 2048 ,
4206 1969 4550 2036 mandanti

2610 2051 3063 2130 idololatriam,
3107 2053 3222 2117 sed
3264 2053 3696 2118 obiiciendum
3742 2054 4031 2137 periculo
4065 2076 4300 2138 corpus
4343 2055 4549 2123 facul·

2611 2146 2782 2203 tates
2824 2148 2892 2202 et
2937 2140 3141 2202 vitam
3161 2190 3175 2215 ,
3221 2138 3410 2204 docet
3462 2139 3734 2205 historia
3775 2140 4075 2206 Danielis
4118 2150 4187 2206 et
4230 2142 4550 2208 disertum

2612 2224 2882 2290 Domini
2927 2224 3134 2291 nostri
3178 2226 3454 2289 verbum
3487 2224 3727 2291 Matth.
3764 2226 3952 2302 ΣΝ)
4033 2225 4209 2293 Sunt
4249 2237 4315 2292 et
4354 2229 4550 2293 innu-

2615 2329 2798 2375 mera
2851 2317 3221 2393 martyrum
3279 2311 3580 2395 exempla
3637 2312 3705 2376 in
3761 2312 4036 2377 historia
4089 2311 4549 2381 ecclesiastica.

2616 2395 2866 2461 Eadem
2924 2395 3209 2461 Eusebio
3269 2404 3438 2461 teste
3496 2395 3643 2462 Lib.
3710 2397 3833 2462 IX.
3882 2398 4032 2463 eccl.
4079 2398 4252 2464 Hist.
4300 2421 4442 2486 cap.
4491 2403 4549 2464 8.

2615 2491 3096 2557 commemorat,
3123 2484 3472 2549 Armenios
3494 2485 3856 2568 pugnasse²
3868 2488 3918 2560 1)
3939 2494 4169 2550 contra
4189 2484 4556 2569 legitimum

2617 2588 2813 2634 suum
2891 2569 3347 2651 magistratum
3368 2621 3383 2646 ,
3460 2569 3886 2654 imperatores
3951 2590 4257 2636 romanos
4274 2622 4288 2649 ,
4376 2593 4560 2637 man-

2619 2654 2941 2727 dantes²2)
2986 2653 3439 2734 idololatriam,
3487 2677 3606 2721 nec
3641 2656 4046 2740 improbatur
4087 2656 4380 2740 ipsorum
4425 2658 4559 2723 fac-

2615 2750 2775 2805 tum.
2865 2739 2972 2804 Illi
3015 2740 3142 2822 ipsi
3187 2740 3486 2806 Armenii
3530 2741 3770 2806 multos
3826 2754 3974 2823 post
4027 2762 4233 2808 annos
4291 2752 4562 2827 propter

2617 2827 3022 2909 impietatem
3068 2847 3301 2910 regum
3344 2848 3617 2892 suorum
3665 2826 4123 2910 vitandam,²³)
4182 2828 4563 2895 defecerunt

2618 2910 2700 2977 ad
2741 2912 3074 2978 Iustinum
3118 2913 3480 2996 principem
3525 2914 3733 2978 caesis
3777 2914 4188 2999 tyrannis.²⁴)
4260 2913 4340 2979 Id
4383 2913 4567 2999 quod

2619 2997 3007 3064 describitur
3030 2997 3203 3080 apud
3227 2998 3595 3082 Evagrium
3615 2998 3791 3065 Eccl.
3816 2999 3966 3065 hist.
3991 3000 4033 3065 l.
4083 3000 4162 3065 V.
4192 3020 4329 3085 cap.
4365 3005 4424 3066 7.
4458 3002 4562 3085 ²⁶)

2788 3082 3116 3164 Quoniam
3138 3082 3229 3169 ²⁶)
3300 3105 3453 3151 vero
3511 3106 3703 3168 saepe
3770 3085 3900 3152 alia
3962 3096 4365 3171 quaeruntur
4435 3089 4565 3154 sub

2917 3357 3032 3410 Lex
3068 3358 3184 3411 Dei.

2788 3358 2881 3492 143
2915 3428 3004 3479 vel
3038 3426 3345 3480 iubentibus
3381 3426 3512 3480 add.

2788 3491 2881 3560 15)
2919 3495 3050 3549 add.
3083 3496 3202 3548 iure
3238 3495 3603 3550 haereditario
3638 3498 3791 3565 regni
3827 3498 3908 3551 ita
3940 3497 4213 3568 exigente,
4264 3515 4400 3568 quae
4451 3518 4570 3554 ma·

2616 3562 2723 3616 rito
2758 3564 2954 3630 nubat,
2999 3564 3221 3618 interim
3263 3580 3362 3634 per
3397 3565 3741 3619 consiliarios
3785 3567 4098 3621 moderetur
4142 3567 4355 3637 imperii
4391 3569 4568 3625 habe·

2616 3648 2727 3697 nas,
2765 3632 3126 3699 periculosum
3161 3639 3257 3687 etc.

2787 3699 2880 3764 16)
2918 3717 3023 3755 non
3071 3702 3322 3755 videatur
3362 3703 3450 3756 ins
3503 3707 3561 3756 et
3604 3718 3894 3773 regnorum
3949 3705 4095 3773 leges
4140 3705 4393 3785 politicas
4437 3722 4572 3761 con-

2614 3769 2818 3822 vsllere
2854 3777 2948 3823 aut
2983 3772 3264 3840 abrogare,
3307 3787 3483 3841 neque
3517 3773 3759 3842 legamus
3796 3771 4108 3843 Philippum
4140 3790 4258 3829 iure
4294 3778 4574 3846 evangelii

2614 3839 2932 3893 deturbasse
2969 3839 3270 3894 Candacem
3303 3858 3337 3893 a
3382 3857 3548 3910 regno
3595 3840 3918 3910 aethiopico.
3993 3841 4051 3896 si
4089 3842 4304 3897 Dsbora
4338 3860 4447 3898 non
4486 3846 4576 3899 sit

2612 3906 2709 3961 sed
2745 3909 2818 3960 im
2859 3909 2910 3960 ia
2944 3909 3115 3978 magis
3150 3915 3243 3963 etc.

2785 3925 2878 4043 1¹1³)
2915 3977 3049 4031 add.
3090 3982 3154 4030 nt
3200 3977 3330 4032 olim
3362 3977 3662 4032 Hierobaal
3721 3987 3778 4033 et
3827 3979 4183 4033 Machabaeos
4227 3985 4284 4034 et
4331 3980 4574 4050 leundas,

2613 4061 2712 4099 suo
2747 4050 3009 4114 tempore.

2791 4113 2877 4181 18)
2911 4115 3063 4167 ritus.

2787 4182 2875 4246 19)
2909 4183 3078 4251 impia
3110 4192 3299 4236 contra
3333 4184 3504 4237 Deum
3553 4189 3609 4236 et
3655 4185 3858 4238 cultum
3905 4185 4018 4238 eius
4065 4186 4366 4255 legitimum
4411 4204 4574 4242 man·

2615 4253 2783 4315 danti,
2822 4251 2918 4303 sed
2952 4253 3133 4321 potius
3169 4259 3226 4305 et
3260 4268 3454 4322 corpus
3489 4259 3546 4306 et
3580 4254 3748 4306 vitam
3784 4261 3841 4305 et
3875 4255 4119 4308 fortunas
4162 4256 4219 4309 in
4265 4255 4578 4325 periculum

2616 4320 2948 4375 obiiciendas
2984 4337 3102 4374 esse
3137 4327 3292 4376 casu.

2786 4388 2875 4452 20)
2912 4388 3044 4443 add.
3102 4396 3160 4444 et
3203 4389 3508 4458 exemplum
3563 4389 3934 4458 apostolorum
3982 4392 4103 4444 Act.
4150 4391 4248 4445 IV.
4294 4396 4352 4445 et
4399 4392 4464 4447 V.
4509 4401 4586 4446 et

2616 4461 2787 4513 multa
2820 4463 3114 4526 martyrum
3150 4459 3400 4526 exempla
3433 4458 3490 4511 in
3525 4458 3888 4512 ecelesiastica
3904 4458 4149 4514 historia.
4199 4459 4347 4515 Haec
4379 4467 4580 4530 potes-

2615 4537 2700 4581 tas
2736 4532 2821 4581 est
2855 4532 3096 4595 potestas
3140 4529 3512 4592 tenebrarum,
3569 4533 3630 4580 ut
3674 4527 3806 4581 dicit
3853 4529 3909 4580 in
3954 4529 4231 4597 evangelio
4280 4530 4580 4585 Dominus.

2617 4598 2700 4651 Ac
2736 4595 3001 4650 Eusebius
3035 4601 3189 4651 caen.

2786 4663 2883 4726 21)
2917 4682 3069 4718 arma
3102 4665 3408 4733 sumpsisse.

2785 4732 2882 4800 22)
2915 4749 3106 4803 cogere
3141 4734 3384 4787 volentes
3420 4733 3506 4786 ad.

2786 4802 2882 4866 23)
2921 4819 3108 4871 regum
3142 4803 3490 4871 persicorum.

2786 4870 2881 4936 24)
2919 4871 3186 4926 Iustinum
3214 4872 3598 4939 imperatorem
3617 4872 3788 4925 caesis
3807 4871 4145 4939 praesidibus
4179 4872 4375 4941 impiis,
4414 4876 4587 4940 quod

2615 4948 3002 4994 commemorat
3039 4940 3305 5009 Evagrius
3341 4946 3437 4996 etc.

2783 5007 2879 5072 25)
2917 5008 3048 5063 add.
3087 5009 3226 5062 Nam
3262 5017 3318 5062 et
3335 5009 3604 5077 scriptura
3638 5014 3828 5062 sancta
3861 5008 4058 5061 iustam
4094 5009 4583 5079 necessariamque

2613 5078 2979 5132 defensionem
3016 5095 3124 5131 non
3160 5077 3321 5132 modo
3353 5076 3605 5132 concedit
3636 5076 3735 5130 sed
3769 5076 3992 5129 mandat
4017 5077 4182 5131 etiam
4203 5079 4588 5147 magistratui.

2787 5146 2884 5210 26)
2924 5148 3076 5201 Haec
3109 5147 3221 5201 iam
3264 5148 3430 5214 plane
3475 5147 3665 5200 aliter:
3709 5143 3995 5198 Caeterum
4039 5163 4206 5214 quum
4249 5148 4351 5200 sub
4385 5162 4590 5203 asser·

2615 5217 2782 5271 tionis
2832 5223 2892 5270 et
2941 5216 3270 5270 defensionis
3324 5215 3499 5269 iustae
3557 5220 3613 5268 et
3666 5215 4002 5269 necessariae
4058 5221 4345 5284 praetextu
4396 5232 4500 5270 sae

2615 5290 2948 5355 quaerantur
2981 5286 3102 5351 alia,
3139 5292 3196 5338 et
3230 5283 3385 5337 bonis
3419 5300 3479 5338 se
3514 5284 3777 5337 misceant
3791 5283 4029 5352 pessimi,
4062 5291 4248 5353 tempo
4348 5300 4417 5339 ue
4450 5297 4598 5343 saut

2614 5353 3082 5424 periculosissima,
3121 5352 3337 5407 difficile
3371 5360 3460 5408 est
3492 5353 3849 5422 pronunciare
3884 5352 3952 5405 de
3971 5353 4146 5406 causis
4181 5353 4339 5424 singu
4426 5354 4438 5367 ”
