4850 6200
336 470 449 531 121·
2038 473 2197 533 1554
2240 466 2552 534 APRIL.

473 652 718 720 Μαι
757 664 1055 739 optarem
1110 664 1442 723 maturare
1492 678 1659 743 opus
1710 659 1778 723 in
1823 656 2060 742 impios
2101 656 2254 724 hae-

325 741 554 807 reticos.
580 743 637 811 ⁸)
722 738 858 807 Sed
898 741 1188 807 currenti
1232 741 1391 827 qnid
1446 743 1810 810 calcaribus
1853 742 2056 828 opus?
2146 742 2255 809 Ita

326 835 479 893 unct
516 836 804 910 patrem,
860 848 947 892 ns
988 825 1246 894 desinat
1286 828 1358 894 in
1398 830 1700 897 omnibus
1754 828 1969 896 colere
2012 830 2250 896 Deum.

323 913 567 980 Osi-tam
626 912 822 978 habet
874 914 1314 993 vocationem,
1385 936 1579 998 quam
1637 937 1757 1000 pro
1808 916 2058 982 incerta
2116 935 2251 981 non

322 1008 529 1065 namt
596 997 909 1065 Christus
951 1019 1147 1067 servo
1187 1021 1308 1067 suo
1349 999 1580 1080 aderit,
1622 1003 1733 1087 qni
1776 1014 1841 1068 te
1882 1002 2254 1069 inconsulto

319 1083 464 1150 nihil
502 1083 943 1169 aggredietur.

467 1170 702 1236 Placet
756 1179 949 1236 tuum
990 1191 1190 1256 super
1240 1171 1441 1239 vidua
1496 1172 1831 1240 musicos
1891 1173 2253 1240 consilium.

316 1260 517 1342 Agam
562 1278 710 1323 cum
753 1256 1087 1324 fratribus.
1175 1258 1381 1325 Plura
1423 1279 1556 1325 non
1598 1259 1769 1326 licet.
1847 1260 2132 1325 Tantum
2168 1257 2252 1323 ad

322 1341 633 1411 &buum
676 1344 936 1421 scribes,
980 1342 1427 1431 Bullia-qma·
1468 1367 1728 1412 omnem
1774 1366 1955 1430 spem
2002 1344 2251 1430 praeci·

317 1430 469 1497 disse
510 1442 875 1497 conventus
918 1442 986 1495 et
1026 1431 1348 1531 colloquii.
1370 1436 1428 1516 ⁶)
1489 1431 1735 1497 Literis
1777 1431 2001 1532 omn-ia
2043 1444 2254 1497 trans·

315 1516 600 1689 a&
614 1525 2042 1702 tiermes-{twega
2062 1517 2254 1671 ts:

312 1689 474 1754 niani
519 1688 686 1754 ebni
729 1686 977 1754 editum
1020 1689 1132 1767 ait,
1169 1700 1236 1754 et
1277 1710 1396 1774 per
1437 1710 1508 1755 se
1550 1691 1765 1776 ipsum
1810 1690 2249 1768 evaniturum‚

311 1772 773 1861 indignumque
828 1774 939 1840 cui
988 1774 1473 1860 respondeatur.
1568 1774 1671 1841 Ad
1716 1778 2092 1844 concionem
2137 1797 2248 1841 vc-

311 1881 424 1927 cor.
511 1859 753 1927 Saluta
824 1881 1068 1944 quaeso
1131 1883 1383 1932 omnes.
1476 1860 1828 1927 Neminem
1886 1876 2039 1945 post
2099 1872 2250 1928 tuas

310 1946 480 2014 licuit
522 1947 879 2013 convenire
930 1947 1063 2012 nisi
1116 1946 1437 2033 collegam
1480 1957 1550 2013 et
1592 1947 1674 2012 D.
1722 1947 2247 2024 Domuum-timont,

309 2032 411 2117 ³¹²³
466 2032 974 2184 ξὲξῖωῧζιῖᾶ
994 2034 1692 2186 αζζωέᾜίῗὲξῗὲἕέ
1748 2044 1851 2184 θῗιι
1859 2033 2251 2187 33ζὲΞῖἰέ

312 2204 551 2290 Aprilis
596 2209 780 2270 1554.

1528 2291 1832 2358 Fal-ellus
1874 2304 2042 2359 tuns.

1174 2800 1364 2873 luo.

830 2955 1223 3025 HERULA
1267 2956 1701 3027 OALVINO.

459 3127 807 3210 Profitetur
847 3149 914 3195 se
958 3128 1211 3197 Calvina
1253 3133 1641 3214 discipulum
1681 3139 1741 3201 et
1777 3136 2244 3213 admo-atores»,

298 3213 2247 3303 dmoaoehiuoadclwiaumoonvermmqueiwi-

295 3319 420 3367 m
459 3299 970 3382 cupidinosam

638 3473 749 3539 (Ex
783 3473 1123 3545 autographo
1155 3474 1285 3531 eod.
1321 3476 1483 3532 Goth.
1516 3475 1637 3544 405,
1672 3479 1763 3533 fol.
1799 3476 1909 3546 58.)

455 3646 751 3712 Domino
795 3645 1025 3713 Ioanni
1071 3647 1350 3715 Calvino
1392 3649 1565 3733 apud
1590 3649 2017 3716 Genevenscs
2060 3648 2247 3715 verbi

296 3731 659 3818 evang-elici
704 3732 1140 3800 concionatcri
1188 3735 1548 3801 verissimo.
1744 3822 1849 3887 Ge

1851 3841 2075 3888 nevae.

454 3955 753 4022 Domino
794 3954 1033 4022 Ioanni
1077 3955 1359 4024 Calvino
1404 3959 1545 4025 viro
1589 3969 1656 4024 et
1696 3958 2136 4024 eruditissimo
2180 3967 2249 4024 et

295 4042 477 4123 plane
520 4041 888 4109 christiano
934 4040 1349 4110 Gaudentius
1392 4044 1669 4110 Merula.
1696 4050 1743 4114 ¹)
1808 4043 1879 4110 S.

446 4126 742 4195 Servum
787 4129 1263 4212 turpissimum,
1313 4127 1571 4196 Calvina
1605 4131 1868 4214 optime,
1914 4151 2091 4197 nunc
2135 4128 2246 4194 de-

296 4234 469 4280 mum
538 4236 686 4281 esse
751 4236 857 4280 me
911 4236 1255 4298 cognosco:
1318 4217 1470 4301 quia
1534 4218 1835 4281 servituti
1892 4216 2247 4283 obnoxium

296 4320 428 4366 csse
469 4322 586 4366 me
631 4301 1051 4384 turpissimae
1095 4300 1301 4367 video.
1383 4302 1476 4368 Et
1517 4304 1571 4369 si
1630 4303 1700 4368 in
1745 4324 1822 4368 ea
1866 4322 2245 4387 persevera-

296 4405 461 4465 rem,
523 4387 823 4451 omnium
883 4387 1171 4470 profecto
1226 4409 1388 4470 quos
1442 4399 1619 4453 terra
1674 4389 1994 4454 sustineat
2036 4388 2248 4454 homi-

297 4492 484 4549 num,
543 4479 613 4537 et
671 4472 912 4539 orchus
956 4472 1248 4539 includat
1290 4473 1667 4551 noxiorum,
1728 4475 2246 4541 infelicissimum

294 4575 395 4622 ms
436 4557 835 4625 iudicarem:
902 4568 1248 4642 propterea
1290 4559 1458 4643 quod
1506 4582 1748 4627 merces
1788 4561 2077 4644 obsequii
2122 4559 2246 4624 hn-

300 4641 469 4709 iusce
536 4644 669 4709 mei
734 4653 996 4712 tantum
1076 4653 1251 4712 esset
1313 4666 1526 4728 poena
1590 4658 1657 4711 et
1720 4645 1903 4712 dolor
1966 4648 2244 4712 futurus.

494 4917 559 4983 5)
601 4917 808 4973 Contra
841 4917 1095 4973 Bauium.
1168 4916 1245 4972 N.
1284 4916 1433 4972 1936.

498 4986 556 5051 6)
597 4985 873 5110 &orm
906 4986 1040 5042 haec
1073 4992 1310 5055 spectent
1343 4993 1405 5044 tu
1441 4987 1601 5043 κάφ’
1604 5005 1645 5042 s.

497 5054 563 5121 ⁷)
662 5059 714 5110 ic
743 5058 926 5111 neseio
968 5071 1127 5126 qm
1172 5056 1371 5111 nodum
1418 5058 1480 5111 in
1526 5060 1708 5125 scirpo
1740 5072 1999 5128 quaerere
2032 5056 2248 5112 videtur

297 5131 345 5177 a
374 5127 437 5178 ι’σι
469 5140 556 5193 ep.
594 5123 910 5196 Ballionem·
940 5141 1134 5180 nom
1168 5126 1231 5179 in
1278 5126 1436 5181 titulo
1471 5127 1600 5181 libri
1634 5125 1880 5181 Bellieni
1915 5125 2244 5195 Maydebur-

293 5195 716 5316 maevium
750 5194 957 5276 bqisqe,
989 5195 1154 5276 quau·
1183 5194 1351 5287 qliae:
1388 5196 1573 5276 urben
1607 5195 1919 5265 ᾱοείρκοκο.

304 5263 557 5385 habuit)
577 5260 698 5387 mDJae
715 5262 1384 5413 fflmfssuzmat}
1400 5263 2248 5402 ξῖωοὶέᾳοὶοῃᾶἕὶικαποῖὸιζῖ

298 5397 471 5469 Laod.
516 5398 667 5455 1586.
744 5401 1180 5458 uun-oram
1216 5402 1271 5457 11.
1307 5402 1370 5458 V.
1404 5403 1479 5458 ὦ.
1516 5350 1665 5457 15ἔῖ5.

4184 475 4302 538 122

2354 657 2596 740 ‘l'nrpis
2639 668 2740 724 est
2783 669 2851 723 et
2890 657 3120 724 infelix
3163 659 3273 742 qui
3328 659 3654 742 corporeis
3696 658 4144 743 voluptatibus
4184 661 4304 727 cb-

2355 744 2683 827 sequitur:
2734 744 2936 829 longo
2993 754 3212 811 tamen
3269 745 3620 810 intervallo
3673 745 3786 810 ille
3827 747 4122 811 omnium
4162 759 4303 812 tur-

2354 829 2667 913 pissimus
2720 841 2789 894 et
2841 851 2990 897 meo
3047 831 3310 914 quidem
3367 830 3605 896 iudicio
3663 832 4148 899 infelicissimus
4189 834 4302 916 qui

2358 913 2607 982 Christi
2667 917 2874 981 nostri
2931 918 3284 982 servatoris
3340 915 3638 984 hostibus
3705 927 3774 983 et
3831 917 4183 985 subscribit
4233 934 4306 985 et

2353 1000 2672 1067 inhaeret.
2741 1002 2876 1069 Sed
2912 1003 3025 1085 qni
3049 1002 3298 1068 Christi
3333 1013 3488 1068 sunt
3520 1001 3768 1069 hostes:
3814 1002 4015 1083 Vitia,
4058 1004 4302 1072 Satha-

2354 1108 2493 1165 nas,
2549 1087 2997 1165 Maumethes‚
3061 1099 3131 1153 et
3190 1088 3308 1153 illa
3369 1097 3737 1172 purpurata
3795 1092 4108 1156 meretrix
4164 1094 4302 1159 sive

2355 1171 2547 1239 Circe
2588 1195 2758 1257 quae
2792 1174 3019 1257 poculo
3055 1173 3433 1240 divitiarum
3469 1176 3748 1240 menteis
3784 1176 4123 1242 hominum
4158 1180 4306 1244 sub-

2357 1259 2575 1324 vertit.
2663 1258 2798 1326 Sed
2844 1274 2920 1325 ut
2960 1270 3112 1326 ante
3154 1261 3277 1326 hoc
3318 1260 3504 1335 fecit,
3563 1270 3822 1326 avertet
3861 1283 3968 1327 me
4010 1263 4195 1329 Dens
4237 1278 4304 1330 et

2354 1366 2395 1409 a
2459 1344 2692 1429 poculo
2753 1344 2933 1411 illius
2998 1346 3289 1412 venefico
3367 1366 3476 1412 me
3538 1346 3828 1412 servabit
3889 1347 4300 1415 incolumem.

2356 1431 2447 1496 Et
2487 1431 2660 1497 sicut
2679 1452 2785 1497 me
2807 1432 3118 1517 dignatus
3160 1444 3263 1497 est
3306 1432 3640 1515 erripere*
3682 1454 3724 1498 a
3763 1432 4044 1517 caligine
4081 1434 4302 1519 Baby-

2351 1516 2584 1597 lonica,
2627 1517 2723 1583 ita
2764 1528 2842 1583 ut
2883 1539 2967 1583 ne
3010 1517 3094 1583 ad
3138 1538 3282 1583 eam
3319 1538 3550 1583 rursus
3582 1517 3844 1584 redeam
3890 1519 4304 1600 providentia

2352 1622 2474 1669 sua
2533 1601 2845 1669 daturum
2901 1624 3166 1687 operam
3225 1612 3294 1670 et
3347 1604 3478 1669 iter
3532 1606 3980 1689 praccisurum
4036 1606 4306 1671 omnino

2351 1687 2624 1755 confido.
2720 1689 2890 1755 Nam
2949 1691 3083 1755 iam
3148 1700 3548 1756 evanescunt
3614 1712 3700 1755 ex
3766 1691 3984 1756 animo
4037 1690 4304 1757 Christo

2350 1774 2650 1841 adiutore
2692 1777 2987 1841 omnium
3032 1776 3337 1841 vitiorum
3376 1775 3737 1842 illecebrae.
3817 1777 4070 1842 Natura
4114 1798 4302 1844 senes

2351 1861 2823 1945 propemodum
2867 1861 3026 1927 facit
3067 1881 3297 1927 avaros
3341 1870 3409 1925 et
3444 1861 3565 1927 hac
3609 1864 3679 1927 in
3715 1872 3929 1927 aetate
3963 1862 4302 1929 liberalem

2354 1968 2461 2013 me
2502 1946 2808 2013 Christus
2879 1948 3097 2012 effecit
3158 1961 3224 2012 et
3281 1945 3592 2012 salarium
3651 1947 3761 2013 hie
3826 1968 3946 2032 pro
4012 1958 4301 2032 tempore

2351 2032 2517 2099 satis
2556 2032 2927 2113 honestum,
2973 2033 3128 2117 quia
3160 2033 3428 2098 Christo
3471 2033 3670 2098 libere
3705 2035 3952 2099 servire
3987 2055 4117 2098 non
4155 2056 4303 2117 pos·

2352 2140 2521 2198 sum,
2569 2140 2745 2185 nunc
2787 2139 2991 2184 senex
3035 2119 3346 2203 relinquo.
3415 2118 3618 2195 Haec,
3663 2140 3703 2183 o
3742 2119 3999 2186 Calvina
4041 2125 4311 2202 optime,

2354 2207 2546 2289 signa
2590 2225 2732 2271 esse
2781 2204 2865 2270 ad
2908 2205 3184 2270 salutem
3245 2203 3433 2271 video
3493 2205 3652 2271 satis
3707 2207 4009 2271 efficacia
4103 2208 4309 2272 Dese-

2353 2290 2597 2357 rcndae
2641 2292 2938 2357 carnium
2996 2292 3181 2368 ollae,
3242 2291 3671 2373 relinquenda
3713 2295 4058 2376 Aegyptus
4102 2304 4202 2358 est
4244 2302 4310 2357 et

2353 2375 2773 2443 destituenda
2814 2375 3133 2461 Babylon.
3220 2376 3351 2441 Hic
3394 2379 3570 2441 enim
3627 2397 3755 2441 non
3803 2378 4008 2443 lector
4049 2399 4088 2442 a
4130 2399 4305 2443 com-

2354 2461 2654 2546 pluribus
2697 2474 2882 2535 (sunt
2938 2462 3114 2527 enim
3175 2465 3373 2527 etiam
3437 2463 3548 2545 qui
3605 2463 3711 2529 hic
3755 2464 4142 2529 beneficium
4190 2486 4304 2547 ag-

2354 2560 2630 2614 noscant
2671 2548 2920 2613 Christi
2979 2562 3046 2613 et
3088 2549 3200 2632 qui
3244 2569 3444 2631 quum
3500 2561 3567 2612 et
3608 2549 3953 2614 autoritate
3998 2562 4064 2613 et
4106 2549 4301 2615 clion-

2354 2635 2504 2700 telis
2541 2636 2792 2717 possint
2824 2634 2985 2699 mihi
3023 2632 3290 2699 student
3324 2634 3542 2711 unice)
3587 2633 3700 2699 sed
3723 2635 4305 2720 Archisynagogus

2352 2720 2648 2804 appellor
2680 2733 2746 2786 et
2780 2740 3173 2803 quamquam
3229 2721 3421 2803 plane
3476 2722 3599 2785 sim
3644 2717 3906 2793 ἄμουσος
3939 2741 4045 2785 me
4081 2731 4302 2787 tamen

2353 2818 2591 2871 vocant
2636 2805 2798 2890 legis
2840 2806 3285 2890 interpretem.
3375 2805 3518 2871 Iam
3579 2805 3690 2869 diu
3749 2804 3831 2871 ab
3874 2827 4096 2870 eorum
4143 2808 4305 2872 urbe

2351 2913 2459 2957 me
2503 2892 2905 2976 exegissent,
2966 2892 3071 2957 vel
3127 2894 3197 2957 in
3248 2890 3651 2957 calamitates
3693 2890 3944 2974 aliquas
3988 2895 4304 2976 praecipi-

2351 2986 2621 3056 tassent,
2665 2979 2724 3043 si
2768 2978 2931 3043 hora
2973 2978 3224 3044 decima
3256 2978 3650 3043 accessisset.
3717 2978 3810 3042 Et
3853 2999 3972 3060 ego
4015 2979 4144 3043 iam
4191 2980 4302 3044 diu

2350 3064 2433 3131 ab
2477 3065 2560 3130 iis
2603 3062 2876 3132 liberam
2923 3063 3204 3130 abeundi
3247 3062 3624 3129 facultatem
3685 3063 3762 3129 ad
3811 3062 4110 3130 calendas
4155 3088 4303 3130 sex-

2348 3152 2500 3218 tiles
2557 3151 2716 3235 petii
2773 3163 2841 3217 et
2899 3150 3012 3217 ubi
3068 3149 3452 3216 coloniolam
3496 3170 3711 3215 meam
3753 3153 3823 3214 in
3865 3152 4143 3234 patriam
4190 3150 4303 3215 de-

2351 3237 2601 3304 duxero
2646 3258 2764 3322 per
2806 3247 3018 3303 totum
3072 3236 3461 3320 septembris
3518 3257 3812 3301 mensem
3858 3257 3898 3299 a
3938 3257 4046 3301 me
4091 3247 4155 3300 te
4200 3258 4302 3300 sa-

2350 3324 2634 3390 lutatum
2690 3323 2803 3400 iri,
2878 3324 3002 3388 nisi
3061 3344 3253 3389 casus
3307 3323 3541 3406 aliquis
3609 3321 3963 3398 obstiterit,
4036 3325 4303 3388 omnino

2350 3408 2626 3476 confido.
2715 3408 2901 3474 Nihil
2960 3409 3134 3473 enim
3195 3423 3294 3473 est
3336 3406 3508 3490 quod
3549 3409 3807 3490 cupiam
3855 3411 4063 3492 magis
4107 3430 4303 3490 quam

2351 3508 2417 3561 te
2460 3505 2528 3561 et
2569 3492 3058 3560 Bernardinum
3092 3493 3396 3559 Ochinum
3415 3495 3472 3569 2)
3515 3514 3707 3576 quem
3757 3493 4103 3557 Mediolani
4147 3515 4304 3559 con-

2351 3582 2724 3648 cionantem
2769 3580 2989 3645 audivi
3037 3591 3103 3643 et
3139 3580 3379 3656 videre,
3427 3589 3491 3642 et
3521 3579 3574 3644 si
3620 3599 3738 3662 per
3773 3581 4037 3662 negotia
4077 3591 4303 3645 vestra

2350 3668 2609 3733 licuerit
2651 3666 2908 3749 alloqui.
2999 3667 3161 3730 Tuis
3221 3678 3292 3730 tn
3354 3686 3457 3730 me
3516 3664 3717 3742 libris,
3776 3686 4053 3747 quorum
4101 3667 4302 3746 parti·

2350 3754 2568 3819 culam
2630 3752 2714 3818 ad
2783 3772 3019 3816 manus
3090 3751 3327 3822 habeo.
3397 3749 3732 3814 illuminas
3792 3751 4108 3833 quotidie:
4193 3751 4303 3815 ille

2349 3853 2568 3904 autem
2649 3838 2811 3903 mihi
2893 3839 3142 3920 primus
3220 3838 3396 3901 viam
3476 3837 3713 3901 stravit
3791 3835 3870 3901 ad
3940 3837 4299 3904 Christum.

2350 3926 2568 3991 Ambo
2625 3924 2829 4006 igitur
2885 3945 2924 3987 a
2978 3944 3085 3987 me
3129 3937 3195 3986 et
3240 3921 3605 3987 honorandi
3664 3934 3728 3986 et
3772 3924 4058 3986 maxime
4103 3945 4298 4004 exop-

2352 4011 2555 4076 tandi.
2625 4010 2926 4075 Profecto
2963 4010 3093 4073 tuis
3130 4008 3331 4095 (absit
3358 4005 3677 4094 adulatio)
3702 4007 4301 4074 elucubrationibus

2350 4098 2446 4161 ita
2488 4118 2716 4162 omnes
2749 4096 3053 4159 tenebras
3091 4117 3130 4159 a
3164 4104 3424 4177 pectore
3448 4093 3713 4158 Christo
3751 4109 3966 4158 tamen
4006 4093 4303 4159 adiutore

2352 4181 2733 4254 excussisti,
2794 4192 2872 4245 ut
2930 4202 3108 4244 nunc
3164 4180 3429 4245 tandem
3487 4180 3651 4244 mihi
3710 4179 3937 4245 videar
3995 4181 4061 4244 in
4107 4181 4305 4245 meri-

2352 4269 2547 4335 diana
2590 4269 2733 4334 luce
2779 4267 3042 4332 versari.

2523 4354 2677 4421 Una
2733 4374 2838 4418 me
2897 4366 3117 4416 tamen
3175 4372 3281 4415 res
3335 4353 3402 4415 in
3474 4350 3596 4415 hae
3667 4353 3974 4435 aegyptia
4026 4351 4304 4434 ealigine

2351 4443 2784 4508 constitutum
2831 4438 3122 4503 maxime
3165 4437 3430 4514 solatur,
3474 4433 3646 4518 quod
3691 4438 4016 4502 auditores
4061 4437 4304 4520 aliquot

2351 4526 2432 4591 ad
2479 4526 2828 4591 veritatem
2872 4533 2940 4589 et
2984 4525 3194 4589 lucem
3239 4521 3683 4605 evangelicam
3730 4524 4098 4588 excitarim:
4147 4544 4306 4586 non-

2352 4612 2571 4678 nullos
2628 4634 2710 4677 ex
2771 4610 3022 4675 haeresi
3083 4608 3466 4694 babylonica.
3521 4609 3616 4672 ita
3659 4606 3890 4674 dubios
3933 4606 4186 4672 reddidi
4229 4621 4305 4672 ut

2352 4699 2478 4765 sibi
2523 4698 2754 4763 timere
2798 4697 3184 4779 incipientes
3235 4693 3542 4759 facillimo
3587 4715 3670 4757 ne
3757 4695 3845 4757 tio
3888 4693 4108 4758 reduci
4155 4713 4303 4776 pos-

2352 4786 2490 4851 sint
2556 4783 2637 4849 ad
2706 4783 2948 4847 mentis
3018 4783 3384 4846 sanitatem.
3489 4777 3665 4861 Oppi
3713 4778 3894 4843 ulum
3962 4789 4064 4843 est
4128 4779 4304 4844 inter

2352 4872 2627 4936 Ananes
2693 4867 2926 4934 Gallos
2989 4867 3061 4930 in
3131 4865 3503 4949 Cispadano
3574 4876 3785 4931 tractu
3865 4866 3988 4929 sub
4059 4863 4303 4931 ditione

2352 4956 2605 5039 gallica.
2673 4954 2869 5019 Illinc
2913 4953 3025 5036 qui
3061 4952 3144 5017 ad
3190 4973 3308 5017 nos
3361 4949 3643 5016 veniunt
3688 4951 3929 5016 milites
3964 4951 4304 5016 cniusdam

2351 5042 2633 5107 Antonii
2714 5039 2901 5106 Savii
2977 5035 3530 5104 admonitionibus
3587 5037 3780 5101 ‚bene
3856 5038 4141 5102 instituti
4219 5037 4303 5101 ad

2351 5127 2690 5194 Christum
2754 5124 3048 5190 redeunt.
3155 5125 3336 5189 Haeo
3393 5121 3514 5187 tibi
3580 5122 3982 5205 significasse
4035 5125 4299 5207 placuit.

2559 5401 2616 5459 2)
2654 5399 2742 5453 De
2782 5399 2988 5454 Ochino
3035 5398 3336 5451 Mediolani
3368 5399 3721 5453 concionante
3753 5415 3803 5451 v.
3835 5398 4080 5453 stechsel
4113 5397 4177 5449 11.
4215 5396 4302 5463 ‘221
