4850 6200
345 446 460 509 4oe
2053 450 2210 510 1555
2254 442 2633 511 IANUAR.

346 630 801 712 traducuntur,
857 644 1012 698 ante
1069 634 1395 719 principes
1411 684 1428 711 ,
1486 653 1707 718 reges,
1774 634 1944 718 pios,
2024 635 2280 718 impios,

347 730 651 800 tanquam
716 731 1274 786 sacramentorum
1339 718 1812 803 profanatrices
1832 771 1847 798 ,
1926 721 2125 804 impie
2200 719 2281 786 de

346 803 499 881 Deo,
547 802 834 883 Christo,
878 805 1262 885 ministerio,
1309 805 1506 871 verbo
1551 818 1618 869 et
1667 808 2090 871 sacramentis
2133 827 2281 872 sen-

345 889 593 968 u'entes‚
649 911 852 973 quum
911 913 1015 956 res
1080 892 1222 974 ipsa
1273 891 1467 976 longe
1523 890 1856 957 diversum
1916 891 2152 958 clamet
2217 899 2285 958 et

347 973 583 1041 doceat.
657 976 974 1043 Misertus
1016 977 1225 1061 igitur
1268 978 1631 1043 innocentis
1673 977 1777 1043 sui
1811 977 2053 1062 popelli
2077 979 2279 1057 Deus,

345 1083 420 1127 ne
473 1062 737 1145 penitus
792 1062 1108 1129 obruatur
1159 1063 1505 1129 calumniis
1558 1063 2100 1141 adversariorum,
2162 1084 2281 1129 suo

342 1146 505 1213 bono
548 1148 784 1230 spiritu
839 1148 938 1213 illi
980 1148 1195 1227 adest,
1255 1151 1728 1233 patrocinatur,
1789 1151 2282 1234 hyperaspistas

344 1233 600 1311 excitat,
658 1233 1001 1312 industria,
1067 1235 1325 1318 pietate,
1384 1235 1679 1301 doctrina
1736 1244 1804 1300 et
1860 1256 2017 1301 vere
2073 1236 2281 1303 chris-

341 1319 516 1384 tiano
561 1320 789 1386 robore
830 1321 1200 1399 instructos,
1246 1318 1480 1404 quibus
1515 1322 1723 1387 utitur
1766 1336 2077 1405 tanquam
2121 1323 2280 1389 fide·

342 1403 511 1471 libus
574 1405 927 1484 advocatis,
995 1408 1108 1489 qui
1174 1407 1381 1491 ipsius
1445 1427 1709 1473 causam
1770 1410 1872 1491 pie
1928 1419 1995 1473 et
2052 1408 2281 1474 dextre

341 1500 663 1557 tueantur.
734 1491 819 1557 In
860 1493 1101 1575 quibus
1143 1501 1210 1556 te
1253 1493 1543 1576 primum
1585 1493 1893 1572 locamus,
1938 1494 2279 1560 humanis-

341 1578 499 1642 sime
547 1576 822 1657 Calvina,
864 1580 968 1646 cui
1015 1580 1139 1644 hoc
1182 1578 1407 1644 datum
1453 1600 1597 1645 esse
1632 1579 1947 1645 divinitus
1981 1578 2280 1646 videmus

340 1673 410 1727 ut
449 1674 587 1729 tam
632 1663 863 1730 dextre
906 1674 1223 1730 tractares
1266 1665 1650 1731 universum
1687 1666 2020 1749 negotium
2065 1687 2280 1732 sacra-

341 1750 749 1827 mentarium,
809 1772 958 1815 eum
1002 1752 1074 1816 in
1119 1751 1386 1816 modum
1433 1749 1608 1835 quod
1652 1750 1992 1816 videamus
2034 1752 2278 1818 calum·

339 1834 697 1900 niatoribus
755 1838 1016 1919 penitus
1071 1834 1478 1921 praeclusam
1537 1858 1763 1902 ansam
1822 1838 1893 1901 in
1949 1848 2278 1919 posterum

338 1919 481 2070 {gua
504 1919 890 2000 oblatrandi,
946 1923 1132 1989 nobis
1175 1945 1333 1988 vero
1385 1923 1452 1987 id
1498 1922 1669 2005 quod
1714 1933 1910 1989 antea
1954 1922 2281 1988 desidera-

486 2029 564 2071 ns
627 2006 776 2090 plus
841 2030 1040 2091 quam
1117 2009 1519 2075 sufficienter
1595 2009 1984 2091 praestitum
2061 2010 2278 2074 fuisse.

339 2090 524 2170 Nam,
571 2108 650 2157 ut
685 2114 840 2176 pace
885 2106 1000 2159 tua
1035 2095 1412 2173 dixerimus,
1458 2094 1776 2178 scriptum
1813 2095 2283 2161 conciliationis

341 2188 594 2243 vestrae
660 2199 810 2244 cum
875 2180 1198 2262 Tiguriua
1260 2181 1533 2247 ecclesia
1599 2181 1794 2246 nimis
1876 2181 2280 2246 succinctum

339 2282 540 2347 eoque
584 2264 918 2347 aliquanto
961 2266 1298 2331 obscurius
1346 2266 1556 2332 visum
1617 2279 1731 2331 est.
1821 2266 2013 2331 Nunc
2057 2280 2281 2331 autem

338 2346 557 2414 divina
599 2350 1013 2434 providentia
1058 2352 1243 2416 nobis
1287 2355 1527 2418 excitat
1580 2352 1904 2436 quendam
1949 2350 2281 2417 Saxoniae

335 2448 900 2520 propugnatorem,
953 2459 1068 2519 per
1111 2460 1302 2520 quem
1349 2450 1422 2502 tu
1477 2439 1547 2501 in
1604 2459 1870 2502 arenam
1915 2447 2282 2519 protractus

333 2520 555 2604 illique
615 2524 1030 2607 antagonista
1094 2523 1490 2589 fortissimus
1556 2524 1843 2588 obiectus
1908 2524 2283 2589 obscuriora

335 2608 401 2669 in
441 2606 560 2672 illo
605 2618 718 2673 tuo
777 2611 1019 2692 scripto
1081 2621 1214 2674 tam
1261 2618 1483 2693 aperte
1526 2619 1793 2692 tamque
1838 2609 2067 2674 dextre
2111 2618 2279 2674 trac·

333 2700 428 2757 tas
475 2700 552 2757 ut
592 2693 760 2759 nihil
810 2696 1093 2778 supersit
1137 2696 1308 2778 quod
1352 2710 1573 2760 nostro
1630 2694 1868 2759 iudicio
1924 2692 2281 2759 desiderari

331 2779 553 2861 possit.
644 2779 970 2861 Quamvis
1015 2782 1357 2847 mallemus
1403 2780 1733 2845 Saxonem
1791 2780 1977 2845 illum
2023 2781 2094 2844 in
2138 2790 2278 2845 tam

332 2865 724 2931 exulceratis
759 2875 826 2931 et
859 2866 1326 2950 propemodum
1355 2865 1704 2950 deploratis
1739 2866 2046 2931 ecclesiae
2082 2867 2277 2932 rebus

331 2949 536 3014 altum
573 2951 906 3017 silentium
944 2953 1248 3018 tenuisse.
1316 2952 1638 3017 Videmus
1668 2964 1889 3017 tamen
1912 2952 2275 3017 Dominum

232 3067 240 3077 ·
329 3035 532 3118 ipsius
581 3040 944 3104 temerariis
989 3039 1335 3104 insultibus
1381 3038 1462 3104 ad
1521 3039 1797 3125 gloriam
1842 3038 2126 3103 nominis
2171 3039 2271 3103 sui

330 3135 392 3186 et
435 3124 774 3208 singulare
815 3125 1122 3192 ecclesiae
1168 3148 1326 3190 suae
1371 3125 1780 3190 commodum
1830 3125 2103 3190 abusum
2150 3125 2272 3190 tibi

329 3206 500 3274 hanc
544 3210 873 3276 scribendi
917 3233 1142 3277 ansam
1189 3211 1516 3276 obtulisse.
1574 3212 1796 3276 Labor
1836 3213 2057 3293 itaque
2101 3219 2270 3288 tuus,

330 3302 400 3357 ut
441 3294 649 3361 libere
689 3297 1028 3372 fateamur,
1087 3298 1270 3361 unice
1295 3297 1479 3361 nobis
1501 3297 1849 3380 perplacet.
1912 3296 2273 3380 Speramus

327 3382 500 3444 enim
546 3391 617 3446 et
660 3380 1052 3447 adversariis
1098 3399 1159 3447 et
1185 3383 1425 3448 nostris
1449 3383 1825 3448 hominibus
1863 3383 2271 3449 satisfactum

326 3483 485 3531 esse.
597 3467 710 3532 Illi
776 3490 950 3547 vero,
1017 3471 1126 3552 qui
1194 3469 1375 3532 litem
1443 3470 1559 3535 tibi
1626 3470 1997 3546 intentavit,
2058 3471 2273 3554 potius

325 3552 797 3619 consulendum
872 3554 950 3619 de
1018 3555 1375 3620 deserenda
1452 3576 1644 3621 causa
1707 3577 1858 3634 sua,
1938 3577 2134 3638 quam
2199 3564 2276 3621 ut

326 3637 538 3705 denuo
586 3661 657 3706 se
703 3643 770 3706 in
805 3643 1164 3723 periculum
1201 3651 1267 3705 et
1298 3641 1507 3707 famae
1538 3655 1605 3706 et
1647 3642 1914 3725 pudoris
1951 3644 2269 3707 coniiciat.

322 3724 528 3791 Nobis
577 3727 791 3809 placet
831 3727 1134 3808 inprimis
1179 3726 1339 3793 haec
1399 3737 1510 3792 tua
1553 3727 1874 3793 scribendi
1936 3728 2271 3806 modestia,

323 3833 452 3892 qua
496 3822 570 3877 ut
614 3835 852 3897 pergas
898 3812 1166 3878 Christo
1225 3814 1660 3895 ecclesiaeque
1719 3836 1872 3878 suae
1930 3815 2022 3879 sic
2064 3815 2270 3878 inser-

327 3898 468 3961 vire
513 3913 578 3963 te
617 3922 737 3983 per
780 3901 999 3964 omnia
1043 3920 1227 3966 sacra
1263 3921 1540 3965 oramus.
1605 3900 2071 3964 Maluissemus
2113 3921 2273 3964 sane

324 3982 612 4050 Saxonis
657 3985 852 4052 huius
898 3988 1210 4070 scriptum
1251 3998 1361 4050 tuo
1396 3985 1792 4062 adiunctum,
1838 4006 1965 4066 quo
2009 3983 2273 4049 liberior

324 4091 622 4137 accessus
666 4081 781 4137 tuo
825 4072 1047 4138 libello
1092 4072 1302 4137 factus
1345 4071 1573 4135 fuisset
1616 4069 1698 4134 ad
1743 4071 2047 4137 ecelesias
2089 4091 2274 4136 saxo-

321 4158 523 4236 nicas,
584 4159 653 4222 in
712 4157 946 4242 quibus
998 4158 1304 4224 exsulant
1355 4171 1430 4222 ut
1483 4157 1841 4239 plurimum
1899 4164 2273 4221 nostrorum

322 4243 582 4326 scripta,
645 4245 1053 4327 quorundam
1097 4243 1270 4309 male
1321 4243 1705 4308 feriatorum
1766 4242 2102 4307 hominum
2149 4243 2272 4307 ini-

321 4347 452 4410 qua
497 4329 861 4395 sedulitate.
931 4328 1125 4410 Quod
1163 4337 1384 4395 autem
1422 4329 1885 4393 acceleraveris
1921 4327 2273 4394 editionem

319 4412 492 4478 bene
533 4415 782 4481 factum
825 4417 1264 4490 aestimamus,
1311 4416 1441 4479 imo
1484 4436 1559 4478 eo
1602 4415 1867 4478 nomine
1911 4413 2028 4478 tibi
2065 4415 2273 4480 maxi·

321 4521 467 4567 mas
521 4502 771 4585 gratias
831 4503 1104 4586 agimus.
1191 4501 1338 4566 Hoc
1393 4522 1549 4566 sane
1606 4500 1687 4565 de
1729 4500 1918 4566 nobis
1962 4501 2081 4566 tibi
2123 4522 2271 4585 per-

321 4585 599 4653 suadeas
657 4586 935 4653 velimus
993 4597 1085 4665 ut,
1151 4587 1449 4671 quamvis
1514 4586 1700 4652 nobis
1764 4586 1966 4669 probe
2032 4588 2272 4653 conscii

321 4674 532 4738 simus
593 4672 958 4739 cuiusmodi
1022 4683 1288 4739 nostrae
1347 4674 1483 4737 sint
1539 4673 1798 4737 futurae
1856 4674 2272 4756 (praesertim

320 4759 392 4822 in
437 4758 814 4844 scribendo)
858 4762 1225 4843 suppetiae,
1284 4759 1566 4824 liberum
1621 4769 1840 4822 tamen
1886 4778 2273 4824 consensum

320 4853 388 4908 et
433 4843 778 4911 cordatum
834 4846 1218 4929 suffragium
1267 4844 1605 4909 offerimus
1663 4864 1886 4908 omnes
1929 4865 2080 4910 cum
2123 4845 2272 4910 uni-

319 4950 522 4995 versa
592 4939 886 4997 nostrate
949 4930 1237 4998 ecclesia.
1342 4931 1438 4995 Et
1502 4929 1671 5013 quod
1736 4930 1994 5013 scriptis
2055 4932 2274 4995 minus

318 5035 700 5098 possumus,
759 5017 1053 5082 oratione
1095 5017 1350 5082 ardenti
1397 5015 1479 5082 ad
1525 5016 1744 5081 Deum
1800 5016 2053 5099 piisque
2096 5017 2274 5081 votis

321 5100 444 5166 tibi
491 5101 838 5168 aderimus.
926 5103 1188 5185 Nosque
1227 5112 1292 5168 et
1337 5122 1565 5168 omnes
1609 5102 1785 5167 vires
1830 5110 2085 5168 nostras
2130 5102 2271 5182 tibi,

321 5188 380 5252 si
423 5187 520 5253 sit
552 5209 836 5266 necesse,
881 5190 1238 5269 adfuturas,
1272 5199 1348 5253 ut
1390 5188 1508 5254 tibi
1544 5186 1939 5272 persuadeas
1976 5188 2271 5254 velimus.

320 5273 652 5341 Dominus
699 5285 767 5339 te
810 5295 966 5340 suae
1008 5275 1314 5341 ecclesiae
1349 5274 1741 5340 fidissimum
1777 5281 2122 5357 patronum
2160 5276 2274 5341 diu

321 5369 553 5425 servet
601 5360 1012 5426 incolumem.
1102 5361 1267 5426 Vale
1325 5371 1392 5424 et-
1444 5361 1595 5426 vive
1652 5361 1722 5424 in
1770 5358 2037 5425 Christo
2090 5360 2267 5426 felix.

4200 452 4329 517 410

2375 630 2803 700 Resalutabis
2866 628 3132 699 nomine
3194 642 3423 699 nostro
3484 641 3631 701 tuos
3684 644 4103 723 symmystas.
4190 634 4333 704 Ora

2381 740 2500 803 pro
2556 717 2744 785 nobis
2801 717 3183 785 Dominum.
3271 719 3686 788 Schaffhusii
3748 728 3802 787 5.
3860 722 4141 789 Kalend.
4198 723 4328 790 Pe-

2381 804 2630 871 bruarii
2673 825 2851 871 anno
2894 828 2935 872 a
2977 805 3242 873 Christo
3288 814 3443 872 nato
3497 812 3676 873 1555.

3374 945 3500 1009 'rui
3544 966 3627 1010 ex
3671 946 3891 1011 animo

3333 1046 3711 1130 simpertus
3754 1049 3937 1134 Vogt

3334 1133 3766 1200 Sebastianus
3811 1134 4064 1201 Grubel

3334 1219 3610 1286 Iacobus
3652 1221 3881 1305 Riiger

3119 1321 3407 1387 ministri
3453 1321 3760 1389 ecclesiae
3804 1320 4329 1390 Scaffhusianae.

3257 1834 3450 1905 2100.

2901 1986 3308 2056 VIRETUS
3353 1989 3816 2058 FARELLO.

2559 2160 2733 2224 Inter
2794 2157 2946 2237 abia,
3012 2180 3168 2242 quae
3234 2159 3428 2226 obiter
3490 2167 3732 2228 tantum
3795 2165 4073 2249 αᾱίηρίι,
4138 2168 4330 2248 refert

2383 2245 2694 2327 quaedam
2734 2246 2810 2311 de
2845 2244 3170 2325 Zebedan,
3217 2245 3454 2330 Anyelo
3490 2254 3545 2312 et
3590 2248 3923 2327 Fon-soleto,
3968 2256 4099 2315 tum
4140 2253 4329 2317 etiam

2383 2331 2459 2395 de
2524 2329 2702 2396 Besa
2765 2332 2870 2397 oui
2932 2333 3290 2399 adversm-ii
3355 2333 3427 2399 ob
3492 2335 3799 2401 iuvenilia
3861 2356 3983 2402 sua
4038 2343 4330 2418 poemata

2383 2436 2547 2482 nunc
2580 2418 2889 2501 nepotiam
2920 2417 3253 2499 facessunt.

2384 2588 2497 2651 (Ex
2532 2589 2868 2658 autographo
2905 2589 3276 2642 Bibliothecae
3324 2595 3602 2657 pastorum
3648 2591 4107 2648 Neocomensium.
4188 2596 4327 2666 Epp.

3008 2658 3187 2712 Vireti
3223 2658 3350 2712 fasc.
3387 2658 3480 2713 IX.
3519 2660 3588 2715 N.
3624 2659 3704 2725 3.)

2552 2847 2819 2914 Eximio
2862 2846 3111 2912 christi
3170 2868 3359 2912 servo
3417 2846 3777 2913 Guilielmo
3836 2849 4097 2916 Farello
4154 2851 4324 2916 Neo-

2379 2935 2702 3000 comensis
2766 2934 3073 2999 ecclesiae
3140 2934 3383 3016 pastori
3453 2934 3954 3017 vigilantissimo
4021 2937 4205 3001 fratri
4259 2942 4325 3001 et

2379 3024 2549 3104 patri
2594 3021 2951 3104 plurimum
2997 3018 3417 3085 observando.

3830 3124 3894 3188 N
3895 3124 4156 3190 eocomi.

2549 3296 2619 3363 S.
2690 3296 2937 3363 Audies
2984 3296 3103 3361 hos
3146 3296 3386 3361 fratres
3446 3306 3703 3360 nostros
3758 3295 3839 3360 de
3896 3307 4071 3362 statu
4129 3298 4325 3364 huius

2377 3383 2701 3449 ecclesiae.
2819 3382 3087 3464 Oollega
3142 3402 3327 3446 meus
3349 3387 3399 3457 1)
3453 3380 3709 3446 laborat
3773 3383 3999 3447 morbo
4057 3383 4322 3462 difficili,

2375 3471 2731 3550 implicitus
2808 3469 3119 3534 continua
3195 3467 3397 3533 febre.
3518 3467 3813 3532 Medicus
3892 3468 3985 3531 illi
4068 3472 4322 3549 metuit,

2376 3556 2605 3620 saltem
2673 3575 2758 3619 ne
2824 3554 2910 3618 sit
2973 3553 3208 3636 longus
3264 3554 3403 3618 eius
3450 3553 3729 3618 morbus.
3836 3552 4165 3619 Dominus
4230 3554 4327 3619 illi

2377 3640 2562 3706 adsit.
2688 3640 2887 3704 Illum
2966 3639 3252 3703 Domino
3332 3638 3630 3722 precibus
3715 3640 4196 3706 commendabis
4263 3651 4330 3706 et

2377 3727 2677 3809 precibus
2722 3726 3097 3790 amicorum.

2550 3812 2834 3894 Scripsit
2889 3809 2971 3874 ad
3041 3830 3144 3874 me
3218 3809 3463 3891 caspar
3517 3809 4108 3877 Grandissonensis
4128 3814 4183 3890 2)
4247 3811 4328 3877 de

2378 3899 2562 3962 exitu
2606 3916 2839 3961 causae
2884 3917 3039 3961 suae
3081 3916 3231 3959 cum
3274 3895 3607 3974 monacho,
3651 3896 3730 3961 de
3775 3917 3904 3980 qua
3947 3906 4012 3961 et
4056 3897 4202 3961 aliis
4247 3897 4328 3963 de

2378 3984 2573 4048 rebus
2628 3984 2888 4065 plenius
2948 4005 3030 4046 ex
3088 4003 3165 4046 eo
3220 3980 3445 4047 audire
3496 3983 3757 4065 poteris.
3858 3984 4092 4048 Monui
4151 3985 4327 4049 enim

2376 4068 2560 4133 illum
2605 4078 2681 4133 ut
2724 4066 2807 4133 ad
2850 4077 2917 4132 te
2961 4069 3291 4144 scriberet,
3338 4068 3465 4132 nisi
3509 4069 3637 4133 iam
3683 4069 4032 4151 scripserit.
4121 4069 4327 4134 Prae-

2376 4155 2564 4220 stabo
2630 4152 2917 4220 Orbanis
2982 4174 3240 4218 omnem
3311 4174 3504 4235 quam
3571 4162 3796 4237 potero
3861 4175 4146 4238 operam,
4212 4152 4327 4222 sed

2376 4412 2564 4468 2100.
2585 4410 2641 4470 1)
2670 4411 2793 4465 Jac.
2843 4410 3036 4465 Vazier.

2580 4480 2641 4547 2)
2677 4480 2927 4538 Ecclesia
3007 4479 3505 4534 Grandi-saonensis
3575 4478 3876 4545 (Gn-aneon
3892 4481 3942 4546 ),

2383 4550 2635 4616 Orbana,
2683 4549 2760 4603 ad
2807 4564 2971 4605 sacra
3014 4551 3315 4614 reformata
3362 4550 3590 4604 transiit
3635 4565 3686 4602 a.
3745 4547 3798 4604 d.
3860 4547 3957 4601 VI.
3994 4547 4124 4601 Kal.
4190 4547 4323 4606 Dec.

2376 4618 2515 4674 1554
2548 4625 2598 4673 et
2631 4620 3000 4673 inventarium
3031 4618 3239 4683 factum
3268 4624 3347 4672 est
3381 4619 3640 4672 bonorum
3674 4617 3752 4671 ad
3786 4619 4115 4672 monasteria
4142 4615 4322 4670 Han·

2374 4691 2716 4744 ciseanorum
2752 4694 2802 4740 et
2838 4686 3135 4741 Priorum
3150 4687 3535 4741 monachorum
3571 4689 3852 4755 niyrorum
3874 4688 3972 4755 qui
4003 4684 4323 4740 dicebantur

2372 4758 2755 4826 pminentn'um
2769 4795 2789 4824 ,
2839 4772 3068 4825 quorum
3116 4756 3313 4809 deinde
3358 4757 3586 4823 partitio
3632 4757 3818 4822 effecta
3866 4762 3943 4807 est
3989 4754 4077 4809 die
4126 4755 4322 4808 Lunae

2371 4834 2497 4895 post
2665 4825 2870 4880 simodo
2906 4824 3016 4889 (22.
3049 4826 3220 4893 Apr.)
3259 4823 3397 4878 1555
3430 4821 3685 4893 (Buchat,
3724 4824 3815 4878 VI.
3854 4822 3922 4876 74
3955 4838 4066 4892 sqq.
4105 4822 4320 4876 Pierre-

2372 4897 2510 4960 fleur
2546 4902 2593 4914 ··
2661 4917 2676 4946 .·
2714 4895 2796 4948 En
2834 4911 2896 4948 ce
2933 4902 3111 4964 temps
3146 4895 3296 4947 avoit
3329 4909 3517 4963 grosse
3552 4893 3851 4946 dissension
3888 4909 3956 4946 en
4002 4893 4051 4944 la
4088 4892 4216 4945 ville
4251 4891 4319 4945 de

2375 4964 2680 5032 Grandson,
2718 4971 2940 5017 causant
2976 4979 3081 5032 que
3117 4964 3235 5015 leur
3258 4962 3550 5014 Predicant
3583 4964 3795 5016 nomme
3831 4963 4053 5014 maistre
4073 4960 4319 5030 Gaspard

2375 5034 2525 5087 avoit
2558 5034 2639 5087 dit
2674 5033 2825 5103 publi
2868 5041 3086 5086 uemeut
3120 5048 3226 5101 que
3261 5047 3395 5084 ceux
3440 5029 3596 5083 dudit
3629 5030 3911 5084 Grandson
3948 5046 4015 5082 ne
4064 5034 4320 5098 tenoyent

2375 5108 2534 5155 conte
2567 5102 2666 5156 des
2700 5119 2824 5155 man
2865 5117 3050 5154 emens
3084 5100 3179 5153 des
3207 5100 3495 5169 Seigneurs
3531 5099 3598 5151 de
3630 5100 3806 5152 Ber-ne
3842 5105 3898 5151 et
3932 5098 4001 5151 de
4035 5099 4319 5166 Fribourg.

2376 5173 2428 5224 A
2463 5172 2616 5225 icelle
2653 5187 2810 5224 cause
2840 5172 2894 5223 la
2930 5167 3057 5223 ville
3093 5170 3236 5222 insta
3342 5186 3370 5221 r
3407 5168 3594 5221 'ustice
3640 5174 3827 5221 contre
3862 5167 3998 5220 ledit
4031 5167 4320 5221 Prodicsnt

2414 5241 2471 5293 ui
2504 5240 2817 5294 finalement
2850 5239 2962 5292 fust
2996 5239 3291 5292 condamne
3326 5236 3359 5290 'a
3429 5237 3580 5289 evoir
3614 5236 3755 5290 crier
3788 5252 3970 5306 mercy
4013 5235 4047 5288 a
4092 5236 4143 5288 la
4189 5236 4318 5288 ville

2413 5325 2445 5362 e
2481 5309 2762 5363 Grandson
2802 5313 2860 5362 et
2894 5325 2951 5361 se
2988 5307 3203 5360 desdire
3258 5306 3655 5375 ubliquement:
3693 5320 3754 5358 oe
3790 5304 3918 5373 qu'il
3958 5305 4047 5357 fist
4084 5313 4139 5359 ct
4174 5304 4318 5357 aussi

2374 5378 2486 5432 fust
2520 5379 2720 5446 depose
2754 5378 2882 5432 hors
2918 5377 2987 5430 de
3022 5393 3119 5430 son
3156 5393 3189 5430 o
3247 5391 3325 5430 oe.

4036 4486 4095 4533 ut
4162 4471 4323 4534 antea
