4850 6200
1176 604 1373 675 2311.

722 758 1194 827 SULZERUS
1240 758 1813 827 MARBAOHIO.

296 928 875 1082 mGommendat
935 930 1353 996 Hotomanum
1411 932 1896 1016 Aryentoratum
1957 930 2240 1013 proficis·

441 1187 553 1251 (Ex
589 1187 857 1256 Epistolis
893 1187 960 1241 ad
995 1187 1337 1242 Marbachios
1373 1205 1407 1241 a
1445 1186 1667 1241 Fechtio
1703 1187 1866 1241 editis
1899 1205 1953 1257 p.
1990 1184 2101 1251 51.)

472 1358 543 1424 S.
612 1359 1021 1426 oumannus
1077 1360 1203 1439 hic,
1251 1362 1353 1425 vir
1396 1360 1795 1425 clarissimus
1840 1359 2133 1424 doctrina
2174 1366 2243 1423 et

295 1443 558 1527 pietate,
605 1445 686 1510 ad
732 1468 850 1510 vos
894 1468 1038 1513 cum
1086 1449 1221 1512 suis
1265 1445 1576 1513 concedit.
1610 1448 1654 1523 ¹)
1728 1445 1942 1527 Quem
1989 1444 2240 1529 gaudeo

297 1531 572 1597 civitate
606 1531 940 1608 donatum,
985 1534 1136 1615 quia
1165 1534 1525 1598 constantis
1569 1530 1718 1596 fidei
1743 1544 1808 1596 et
1851 1531 2241 1597 sinceritatis

298 1614 545 1682 indicia
600 1620 680 1684 ab
739 1621 928 1683 annis
985 1618 1116 1683 iam
1159 1627 1301 1684 octo
1318 1619 1651 1702 ²)·quibus
1694 1618 1858 1681 mihi
1902 1629 2098 1682 notus
2143 1627 2243 1682 est

298 1704 566 1787 egregia
622 1704 817 1781 dedit,
875 1714 949 1769 ut
997 1727 1251 1787 sperem
1292 1704 1593 1788 deinceps
1632 1705 1828 1768 etiam
1877 1703 2059 1769 bonis
2103 1723 2240 1767 om·

298 1785 495 1853 nibus
539 1812 680 1855 sese
726 1791 1252 1874 adprobatumm.
1313 1788 1855 1855 Commendarem
1898 1809 2054 1872 ergo
2092 1810 2239 1853 eum

304 1870 422 1938 tibi
470 1875 771 1958 plurimis
816 1878 941 1941 nisi
985 1887 1099 1941 tua
1136 1887 1365 1960 sponte
1409 1897 1565 1961 erga
1608 1876 1793 1939 illum
1844 1887 1908 1938 te
1948 1897 2064 1956 per
2107 1875 2239 1939 sin-

303 1959 599 2042 gularem
646 1963 1163 2027 benevolentiam
1213 1965 1362 2027 ferri
1404 1961 1660 2027 abunde
1705 1964 1969 2026 scirem:
2017 1971 2088 2024 ut
2132 1961 2238 2042 qui

301 2064 513 2128 nuper
556 2049 752 2112 etiam
798 2048 1153 2113 liberaliter
1199 2048 1544 2114 declarasti
1589 2069 1782 2129 quam
1841 2068 2033 2111 verae
2076 2046 2242 2111 cari·

301 2133 456 2198 tatis
481 2134 837 2199 visceribus
859 2134 1046 2198 illum
1068 2137 1447 2217 complexus
1472 2136 1578 2199 sis.
1604 2167 2243 2180 ——————

300 2213 505 2284 Basil.
552 2220 763 2303 pridie
810 2218 946 2285 Gal.
994 2219 1295 2286 Octobris
1341 2242 1511 2284 anno
1567 2224 1742 2282 1555.

1237 2357 1419 2422 'l'uus
1463 2355 1696 2422 Simon
1740 2355 2071 2421 Sulcerus.

1159 2919 1352 2992 2312.

473 3079 650 3148 Lus
699 3077 1320 3146 PRISONNIERS
1365 3078 1493 3144 DE
1546 3060 2073 3144 OHAMBERY

1045 3186 1107 3248 A
1153 3181 1524 3247 estvm.

477 3355 683 3420 Lame
724 3354 1038 3421 d'adieux.
1069 3354 1118 3438 ¹)

784 3526 1054 3591 (Histoire
1090 3527 1185 3594 des
1221 3526 1460 3596 Mai-tyrs
1494 3525 1587 3578 fol.
1624 3522 1770 3589 354.)

475 3698 818 3764 Monsieur
885 3710 952 3761 et
995 3698 1420 3763 treshonnore
1463 3717 1616 3780 pere
1660 3717 1740 3758 en
1788 3704 2009 3759 nostre
2055 3692 2242 3777 Seig-

297 3806 485 3862 neur,
547 3807 712 3851 nous
771 3807 974 3850 avons
1032 3806 1219 3850 receu
1286 3807 1402 3849 vos
1445 3783 1669 3846 lettres
1714 3780 1802 3845 du
1845 3780 2243 3860 cinquiesme

300 3869 378 3934 de
449 3870 859 3953 Septembre,
919 3871 1028 3953 qui
1094 3891 1257 3934 nous
1293 3881 1411 3933 ont
1453 3865 1888 3950 grandement
1928 3866 2239 3930 consolez.

301 3954 431 4021 Gar
499 3958 656 4022 elles
714 3979 879 4023 nous
944 3958 1255 4021 testifient
1309 3962 1528 4019 vostre
1573 3952 1839 4016 ardente
1882 3951 2134 4015 charite
2178 3961 2245 4015 et

300 4039 378 4107 de
447 4053 594 4108 tous
659 4043 753 4107 les
819 4044 1057 4107 Freres
1116 4062 1353 4106 envers
1420 4059 1600 4115 nous,
1645 4045 1876 4101 entant
1918 4058 2042 4118 que
2080 4057 2243 4101 vous

298 4149 464 4194 vous
520 4130 869 4194 contristez
929 4128 1263 4192 tellement
1325 4124 1404 4190 de
1470 4132 1694 4188 nostre
1749 4124 1880 4186 mal
1940 4122 2119 4187 selon
2179 4122 2243 4186 la

299 4213 505 4293 chair,
552 4236 676 4298 que
720 4213 1085 4297 cependant
1126 4236 1207 4278 ne
1230 4211 1459 4277 laissez
1494 4231 1609 4293 pas
1654 4210 1734 4274 de
1772 4229 1935 4273 vous
1979 4209 2244 4291 esiouyr

298 4502 470 4558 2811„
511 4505 569 4566 1)
612 4504 688 4557 Et
732 4504 945 4575 quidem
992 4509 1134 4558 serio
1179 4511 1228 4557 et
1267 4517 1675 4572 permansurus.
1751 4499 1896 4553 Nam
1934 4504 2098 4552 antea
2131 4501 2244 4552 iam

295 4575 440 4628 idm
476 4590 597 4627 eum
630 4575 735 4627 iter
767 4577 1064 4641 suscepisse
1097 4576 1292 4641 leyieti.
1372 4572 1638 4625 Taedebat
1672 4585 1791 4622 eum
1827 4568 2068 4621 muneris
2093 4565 2242 4620 Lau·

294 4644 594 4696 cannensis
629 4652 678 4696 et
707 4642 978 4696 Balduini
1013 4643 1469 4697 commendatione
1503 4641 1742 4709 aliquam
1777 4639 1919 4690 iuris
1948 4637 2243 4704 professio-

297 4727 416 4765 nem
454 4712 763 4782 quaerebat.
835 4712 1131 4764 Balduinus
1176 4729 1372 4764 novum
1419 4710 1690 4778 hospitem
1740 4713 1964 4776 propter
2002 4712 2242 4757 veterem

299 4782 598 4834 amicitiam
631 4782 954 4834 amicissime
993 4781 1222 4849 excepit,
1259 4781 1352 4833 sed
1378 4779 1618 4847 viperam
1656 4793 1775 4830 sese
1810 4776 1867 4827 in
1902 4775 2024 4826 sinu
2060 4775 2244 4826 fovere

298 4863 422 4903 mox
460 4851 650 4903 sensit.
722 4850 900 4918 (Biqa
932 4866 1020 4902 res
1061 4866 1178 4903 ons.
1209 4866 1266 4916 p.
1306 4846 1449 4912 163.)
1525 4847 1677 4900 Haec
1713 4845 1987 4898 illustrari
2015 4853 2244 4912 possum

299 4931 365 4971 ex
401 4919 686 4973 annotatis
718 4918 795 4971 ad
831 4918 904 4973 N.
942 4867 1098 4971 2211.

511 4989 568 5052 2)
614 4987 794 5108 Quugz
844 4986 1099 5041 Salui-us
1145 4985 1367 5040 Ber-nae
1419 4991 1466 5038 et
1514 4983 1858 5037 Hotomanus
1907 4980 2245 5034 Lausannae

299 5062 452 5109 emt.
529 5056 632 5118 (N.
671 5056 737 5108 93
778 5100 785 5108 .

299 5121 482 5178 2312.
514 5127 570 5186 1)
611 5123 683 5179 Ge
717 5057 850 5179 n'elu
884 5140 990 5190 pas
1023 5125 1059 5178 ὰ
1094 5123 1215 5176 dire
1257 5138 1357 5193 que
1393 5122 1518 5189 c'ait
1552 5120 1632 5176 e'te'
1665 5119 1721 5172 la
1757 5119 2015 5171 derniere.
2092 5116 2245 5171 Cres·

293 5193 399 5259 pin
436 5213 503 5248 en
540 5195 718 5248 doum
753 5210 941 5248 encore
974 5194 1244 5260 plusieurs
1280 5194 1455 5257 apres,
1494 5193 1634 5245 mais
1670 5203 1878 5241 aucune
1913 5185 2050 5240 n’est
2077 5185 2245 5254 datde,

299 5266 348 5314 et
381 5263 431 5316 le
471 5267 609 5331 jour
644 5264 720 5316 du
767 5264 1010 5329 supplice
1044 5261 1178 5314 n’est
1211 5277 1312 5329 pas
1347 5261 1570 5330 indique'
1606 5274 1717 5312 non
1752 5257 1892 5324 plus.
1963 5256 2124 5309 Nous
2156 5271 2242 5309 sa-

298 5344 435 5386 υοπε
467 5331 768 5402 cependant
802 5332 963 5401 qu’il-e
997 5332 1238 5386 subirent
1273 5331 1321 5383 te
1352 5337 1590 5400 martyre
1624 5331 1670 5383 le
1712 5329 1787 5382 12.
1831 5325 2068 5383 Octobre.

1976 420 2137 482 1555
2181 415 2623 484 SEPTEMB.

4156 426 4283 486 806

2343 603 2425 670 de
2481 614 2703 671 nostre
2762 605 2916 670 bien
2973 605 3153 671 selon
3204 606 3472 689 l’esprit,
3519 626 3603 671 en
3640 606 3945 689 pleurant
3980 628 4141 673 avec
4182 607 4286 674 108

2339 691 2648 774 pleurans
2692 699 2759 756 et
2800 691 2973 755 riant
3013 711 3172 757 avec
3214 691 3310 756 les
3345 691 3549 757 rians:
3600 691 3681 756 de
3724 693 3875 775 quoi
3910 714 4074 758 nous
4116 714 4288 760 vous

2341 778 2734 842 remercions
2810 778 3536 842 tresaffectueusement.
3648 777 3751 841 De
3828 791 4049 844 nostre
4113 788 4282 861 part,

2341 862 2636 927 combien
2680 884 2804 944 que
2847 884 3086 946 soyons
3130 864 3369 946 ioyeux
3415 863 3494 927 de
3538 884 3610 927 ce
3665 885 3788 946 (1110
3834 864 3896 928 10
3954 861 4285 947 Seigneur

2341 970 2461 1032 par
2514 968 2586 1013 sa
2649 968 2840 1032 grace
2898 969 3063 1013 nous
3107 948 3323 1012 donne
3367 946 3447 1012 de
3490 949 3642 1031 quoi
3680 971 3843 1015 nous
3879 950 4158 1014 resiouir
4198 970 4286 1015 en

2341 1034 2587 1099 saincte
2621 1035 2831 1112 110880,
2863 1034 3170 1116 quelques
3193 1033 3483 1099 chetives
3528 1056 3765 1117 povres
3808 1047 3876 1099 et
3906 1036 4283 1101 miserables

2344 1132 2675 1185 creatures
2743 1142 2867 1202 que
2928 1141 3092 1184 nous
3151 1141 3415 1203 soyous:
3464 1121 3518 1184 si
3556 1132 3761 1186 est-ce
3804 1129 4117 1202 pout-tant
4158 1142 4283 1203 que

2345 1226 2511 1269 110118
2536 1226 2814 1269 8011111108
2837 1203 3096 1269 faschez
3134 1205 3214 1269 de
3254 1226 3408 1270 vous
3457 1203 3724 1281 donner,
3771 1216 3837 1270 et
3872 1213 3913 1270 a
3957 1207 4283 1288 plusieurs

2347 1290 2673 1355 excellens
2737 1311 3196 1373 personnages,
3253 1299 3320 1354 et
3374 1312 3618 1355 mesme
3668 1298 3709 1355 a.
3767 1303 3944 1354 toute
3990 1291 4280 1374 l’Eglise,

2343 1386 2492 1440 tant
2562 1374 2643 1440 de
2697 1377 2889 1459 peine
2954 1386 3021 1439 et
3088 1376 3168 1440 de
3225 1377 3422 1442 sonci.
3510 1376 3720 1458 Iaqoit
3780 1398 3904 1459 que
3958 1377 4281 1459 plusieurs

2342 1461 2675 1527 occasions
2718 1459 2798 1526 de
2841 1462 3050 1543 gemir
3094 1482 3261 1525 nous
3306 1472 3541 1545 soyent
3587 1462 4088 1526 iournellement
4130 1484 4281 1547 pre-

2342 1555 2614 1623 sentees,
2659 1547 2960 1611 toutefois
3003 1547 3277 1612 ceste-la
3311 1547 3477 1611 n’est
3535 1549 3717 1629 point
3760 1546 3873 1612 des
3918 1547 4280 1614 dernieres:

2344 1633 2685 1698 tellement
2735 1653 2860 1714 que
2908 1632 3203 1697 desirons
3255 1642 3321 1697 et
3366 1634 3588 1715 prions
3631 1652 3703 1697 ce
3748 1633 3870 1698 bon
3908 1632 4080 1697 Dieu
4125 1634 4283 1716 qu’il

2345 1740 2507 1784 vous
2562 1727 2702 1783 oste
2758 1717 2907 1782 bien
2968 1727 3098 1783 tost
3141 1718 3221 1783 de
3264 1726 3436 1785 ceste
3480 1739 3701 1800 presse
3745 1719 3855 1800 qui
3898 1740 4061 1784 vous
4102 1740 4282 1785 serre

2342 1805 2849 1869 incessamment
2890 1810 2932 1868 a
2972 1823 3165 1869 cause
3209 1801 3288 1867 de
3331 1812 3553 1868 nostre
3597 1804 3835 1886 prison,
3882 1824 3963 1867 en
4007 1803 4284 1888 quelque

2344 1892 2639 1953 mamere
2704 1889 2860 1970 qu'il
2926 1888 3018 1953 lui
3086 1888 3309 1970 plaira.
3398 1889 3470 1954 Si
3528 1893 3684 1954 c'est
3741 1909 3858 1972 par
3900 1897 4106 1971 mort,
4141 1896 4293 1955 tant

2344 1977 2567 2040 mieux
2594 1996 2757 2057 pour
2780 1995 2960 2039 nous.
3022 1972 3403 2039 Seulement
3430 1996 3593 2039 nous
3629 1975 3690 2038 le
3726 1976 3949 2057 prions
3992 1975 4148 2057 qu'il
4190 1975 4291 2040 lui

2345 2062 2548 2143 plaise
2593 2063 2900 2125 acroistre
2947 2082 3025 2124 011
3055 2081 3220 2124 110118
3265 2058 3344 2124 (10
3379 2061 3527 2142 111118
3571 2080 3649 2124 011
3699 2061 3843 2143 111118
3887 2070 4061 2126 ceste
4095 2061 4291 2126 affec-

2345 2149 2505 2223 tion,
2562 2147 2706 2229 puis
2752 2166 2875 2228 que
2922 2146 3000 2209 de
3060 2167 3130 2209 sa
3189 2165 3379 2228 grace
3414 2145 3462 2208 il
3507 2167 3668 2209 nous
3713 2147 3801 2210 l’a
3843 2145 4124 2211 donnee:
4172 2167 4291 2230 par

2347 2253 2418 2296 00
2444 2253 2681 2316 moyen
2727 2252 2952 2295 serons
2990 2231 3268 2295 delivrez
3312 2231 3392 2294 de
3428 2230 3748 2312 plusieurs
3790 2231 4066 2313 prisons,
4108 2232 4292 2297 voire

2348 2317 2683 2399 beaucoup
2739 2317 2889 2400 plus
2949 2337 3361 2398 ennuyeuses
3418 2338 3540 2397 que
3585 2328 3753 2380 ceste
3800 2328 3946 2379 tour
3989 2326 4072 2381 ou
4117 2339 4289 2383 som-

2347 2424 2487 2468 mes
2532 2405 2874 2467 enfermez.
2958 2400 3079 2468 S’il
3127 2401 3222 2464 lui
3266 2402 3429 2484 plait
3471 2423 3634 2465 nous
3675 2401 3957 2465 delivrer
3993 2424 4073 2467 on
4109 2402 4292 2486 quel-

2349 2510 2476 2570 que
2531 2497 2719 2553 autre
2764 2489 2972 2571 faqon,
3030 2486 3430 2551 satisfaisant
3486 2508 3568 2551 au
3630 2487 3803 2551 desir
3848 2486 3928 2551 de
3972 2510 4135 2552 ceux
4182 2489 4296 2572 qui

2349 2596 2517 2639 nous
2560 2580 2926 2658 regrcttent
2968 2594 3122 2637 sans
3157 2572 3601 2654 comparaison
3646 2572 3794 2653 plus
3846 2592 3969 2654 que
4011 2595 4174 2637 nous
4210 2595 4292 2637 ne

2348 2662 2599 2737 valons,
2638 2681 2762 2740 que
2808 2680 2879 2723 00
2915 2660 3040 2723 soit
3071 2678 3236 2740 pour
3279 2657 3631 2739 respondre
3670 2666 3707 2721 a
3750 2658 3892 2721 leur
3936 2666 4183 2722 attente
4226 2667 4295 2723 et

2350 2753 2391 2810 a
2434 2745 2501 2809 la
2543 2755 2794 2810 vostre:
2838 2745 2946 2827 qui
2985 2757 3081 2808 est
3119 2765 3241 2826 que
3278 2765 3441 2808 nous
3465 2765 3627 2808 nous
3650 2745 4032 2826 employons
4068 2745 4293 2808 mieux

2350 2851 2477 2913 que
2530 2831 2759 2896 iamais
2820 2838 2861 2895 a
2916 2831 3203 2913 glorifier
3256 2850 3375 2893 son
3436 2830 3644 2894 sainct
3697 2829 3864 2892 Nom
3942 2839 4011 2892 et
4065 2828 4293 2894 edifier

2349 2938 2466 2981 son
2536 2916 2779 2999 Eglise.
2868 2916 3156 2997 Parquoi
3208 2915 3425 2979 disons
3484 2926 3763 2979 souvent
3818 2934 3973 2977 avec
4038 2913 4288 2978 David:

2350 3000 2411 3067 Ο
2458 3001 2783 3084 Seigneur
2816 3001 2987 3065 Dieu
3047 3001 3158 3065 des
3205 3021 3474 3078 armees,
3512 3020 3636 3082 que
3672 3020 3834 3064 ceux
3878 2999 3988 3082 qui
4024 2999 4289 3064 s’atten·

2349 3087 2506 3152 dent
2562 3094 2604 3153 a
2660 3089 2751 3152 toi
2803 3109 2885 3152 ne
2940 3095 3176 3171 soyent
3240 3088 3421 3169 point
3465 3086 3691 3150 confus
3737 3107 3818 3149 en
3855 3086 4015 3151 moi:
4061 3094 4131 3150 et
4164 3108 4290 3169 que

2347 3195 2514 3239 ceux
2545 3175 2656 3256 qui
2692 3182 2757 3238 te
2794 3173 3101 3238 cei-chent
3135 3194 3217 3237 ne
3254 3184 3488 3255 soyent
3521 3173 3708 3254 point
3733 3171 3974 3236 rendus
3997 3172 4291 3236 honteux

2348 3281 2426 3324 en
2476 3260 2624 3335 moi,
2671 3258 2843 3323 Dieu
2890 3258 3176 3323 d’Israel.
3266 3258 3414 3339 Que
3457 3258 3689 3321 iamais
3733 3277 3901 3321 nous
3944 3278 4028 3324 ne
4070 3257 4290 3341 1011318-

2347 3345 2525 3409 810118
2570 3344 2650 3409 (10
2694 3352 2830 3410 cest
2873 3347 3177 3427 ombrage
3229 3344 3308 3407 de
3356 3345 3459 3407 vie
3517 3344 3701 3408 sinon
3750 3350 3790 3407 a
3840 3352 4011 3408 ceste
4069 3343 4291 3407 condi·
4348 3354 4356 3362 ‘

2349 3432 2525 3498 tion:
2588 3433 2735 3513 puis
2792 3451 2916 3512 que
2959 3429 3037 3493 de
3083 3451 3155 3493 sa
3199 3451 3390 3512 grace
3436 3430 3478 3492 il
3527 3450 3689 3492 nous
3734 3451 3773 3492 a
3815 3429 3942 3493 mis
3987 3450 4070 3492 en
4115 3430 4289 3492 train

2350 3516 2428 3580 de
2475 3517 2671 3581 sortir
2715 3515 2804 3580 (111
2849 3515 3075 3579 milieu
3121 3514 3199 3578 de
3243 3524 3415 3579 ceste
3461 3514 3841 3597 generation
3886 3535 4188 3596 perverse
4224 3523 4292 3578 et

2348 3601 2644 3666 adultere
2700 3610 2782 3666 ou
2834 3599 2881 3663 il
2928 3609 3028 3664 est
3069 3599 3449 3683 blaspheme
3494 3621 3574 3662 en
3614 3605 3756 3662 tant
3798 3599 3878 3662 de
3922 3609 4127 3664 sortes
4164 3621 4289 3682 que

2349 3689 2509 3751 c'est
2571 3708 2663 3750 un
2722 3687 3018 3757 horreur,
3076 3706 3241 3767 pour
3294 3685 3384 3748 lui
3445 3684 3608 3749 aller
3658 3683 3931 3749 chanter
3974 3685 4288 3766 louanges

2348 3773 2774 3838 immortelles
2831 3793 2913 3836 en
2974 3773 3038 3834 la
3093 3772 3477 3854 compagnie
3538 3770 3650 3834 des
3692 3770 4175 3834 bienheureux:
4224 3780 4291 3834 et

2349 3880 2514 3923 vous
2571 3858 2794 3940 prions
2850 3859 2999 3920 bien
3053 3857 3184 3920 fort
3229 3878 3352 3940 que
3398 3877 3512 3938 par
3560 3877 3674 3920 vos
3719 3857 4012 3920 oraisons
4056 3877 4292 3921 envers

2350 3945 2521 4008 Dieu
2567 3966 2728 4008 vous
2771 3964 2935 4008 nous
2981 3940 3180 4006 aidiez
3217 3950 3258 4007 a
3301 3941 3553 4006 obtenir
3596 3951 3769 4006 ceste
3807 3953 4120 4023 requeste.
4191 3944 4290 4007 Au

2347 4030 2611 4111 surplus
2671 4031 2862 4103 aussi,
2910 4027 3126 4110 quand
3182 4031 3457 4091 escrirez
3516 4049 3646 4090 aux
3696 4027 3945 4109 Eglises
3992 4027 4070 4091 de
4115 4027 4291 4091 Lau-

2351 4137 2558 4179 sanne
2617 4124 2684 4178 et
2739 4114 2818 4178 de
2863 4113 3302 4189 Neufchastel,
3349 4114 3428 4177 de
3473 4113 3567 4176 les
3614 4114 3901 4177 soliciter
3942 4120 3982 4176 3
4021 4113 4182 4175 faire
4228 4113 4291 4176 10

2348 4221 2592 4265 mesine
2626 4212 2689 4263 et
2737 4201 2829 4263 les
2874 4202 3220 4263 remercier
3261 4198 3339 4262 de
3384 4200 3527 4262 leur
3572 4199 3783 4262 bonne
3827 4198 4128 4261 affection
4174 4218 4290 4260 en—

2347 4308 2495 4350 vers
2551 4306 2746 4349 nous:
2805 4283 2884 4348 de
2944 4283 3221 4366 laquelle
3281 4301 3344 4347 et
3395 4285 3474 4348 de
3519 4284 3584 4348 la
3630 4293 3842 4347 vostre
3889 4304 3971 4346 ne
4014 4282 4290 4346 doutons

2346 4377 2780 4435 aucunement
2832 4370 2998 4433 mais
3061 4391 3341 4434 sommes
3407 4372 3642 4434 marris
3695 4390 3818 4450 que
3877 4389 3956 4430 ne
3997 4389 4291 4449 pouvons

2345 4457 2701 4538 respondre
2745 4464 2779 4521 a
2828 4455 3044 4520 icelle:
3092 4465 3238 4519 tant
3273 4479 3315 4540 y
3352 4476 3391 4520 a
3425 4477 3551 4536 que
3587 4475 3753 4519 nous
3796 4473 3963 4517 nous
4007 4476 4051 4536 y
4097 4454 4291 4517 effor-

2348 4564 2525 4624 00118,
2592 4552 2659 4606 et
2713 4543 3049 4624 supplions
3107 4562 3180 4603 eo
3241 4541 3364 4605 bon
3425 4543 3594 4604 Dieu
3640 4539 3786 4620 qu'il
3837 4560 3998 4602 vous
4045 4559 4288 4603 recom-

2347 4649 2546 4710 pense
2590 4627 2703 4691 des
2749 4628 2929 4692 biens
2973 4635 3042 4691 et
3085 4628 3415 4709 spirituels
3458 4638 3525 4689 et
3567 4625 3890 4706 0011101018
3950 4646 4073 4706 (1110
4120 4645 4291 4689 1000-

2347 4736 2511 4777 vnns
2579 4712 2658 4777 de
2716 4734 2880 4778 vous
2940 4725 3102 4789 tous,
3170 4734 3417 4776 comme
3483 4713 3562 4774 de
3619 4733 3737 4775 nos
3782 4712 3956 4774 vrais
4002 4731 4189 4791 peres
4223 4719 4289 4773 et

2347 4800 2754 4863 nourricicrs.
2865 4799 2969 4861 En
3035 4801 3185 4880 quoi
3250 4811 3457 4862 certes
3524 4818 3691 4861 nous
3757 4797 4288 4876 experimentons

2345 4886 2499 4950 bien
2547 4886 2608 4948 la
2652 4885 2858 4948 verite
2894 4883 2971 4948 de
3008 4884 3073 4948 la
3095 4905 3422 4966 promesse
3460 4883 3545 4946 du
3584 4883 3723 4945 Fils
3770 4885 3847 4944 de
3873 4882 4064 4956 Dieu,
4113 4902 4287 4945 assa-

2346 4972 2494 5035 voir
2538 4970 2691 5052 qu’il
2738 4969 2849 5054 n’y
2896 4991 2935 5033 a
2979 4972 3092 5033 nul
3136 4971 3247 5050 qui
3287 4976 3377 5032 ait
3424 4971 3613 5032 laisse
3641 4968 3920 5030 maisons
3958 4988 4042 5030 ou
4087 4969 4289 5032 freres

2347 5079 2429 5121 011
2494 5079 2736 5134 8001118,
2792 5079 2875 5119 011
2920 5076 3072 5136 11010
3119 5078 3199 5118 011
3250 5077 3439 5128 more,
3487 5077 3567 5117 011
3616 5056 3867 5126 femme,
3913 5075 3994 5116 ou
4040 5055 4287 5132 enfans,

2348 5165 2431 5206 ou
2457 5143 2741 5224 champs‚
2779 5163 2944 5223 pour
2980 5141 3253 5203 l’amour
3290 5141 3368 5202 de
3406 5141 3497 5203 lui
3522 5155 3583 5203 et
3610 5141 3688 5202 (10
3726 5139 4125 5221 l’Evangile:
4164 5163 4288 5220 que

2346 5231 2757 5291 maintenant
2800 5250 2880 5290 en
2926 5247 2997 5290 ce
3043 5229 3334 5306 temps-ci
3383 5226 3429 5288 il
3475 5231 3621 5288 n'en
3661 5247 3937 5308 resgoyve
3974 5237 4124 5288 cent
4167 5226 4289 5288 fois

2348 5323 2595 5390 autaut,
2617 5321 2679 5377 et
2703 5333 2785 5376 au
2811 5311 3004 5377 siecle
3027 5318 3067 5374 3
3086 5312 3270 5375 venir
3296 5312 3397 5376 vie
3420 5312 3746 5376 eternelle.
3787 5310 4026 5390 Quand
4049 5335 4129 5376 en
4154 5322 4297 5376 cest

3772 5410 3882 5465 51·
