4850 6200
529 453 607 515 15
2059 443 2585 513 EPIS'POLAE
2640 450 3061 513 1901—1903
4469 457 4537 515 16

526 637 871 705 hominum
914 656 1030 719 spe
1074 644 1143 701 et
1198 633 1438 700 iudicio
1495 630 1702 701 solide
1752 640 2058 716 pacatum
2101 632 2319 712 fuerit,
2364 630 2483 700 sed

523 726 726 790 etiam
770 723 966 788 rebus
1010 723 1081 787 in
1122 721 1447 804 optimum
1491 718 1789 784 ordinem
1812 718 2187 801 compositis
2232 727 2480 784 statum

525 830 721 878 suum
763 807 957 875 hodie
1000 807 1307 874 obtineat.
1395 805 1618 871 Huius
1662 825 1915 888 quoque
1958 804 2287 870 felicitatis
2331 825 2482 887 pre-

526 899 693 961 tium
715 905 932 978 auget,
970 890 1141 976 quod
1161 894 1334 957 inter
1368 893 1527 958 istos
1562 890 1885 956 bellorum
1906 899 1975 955 et
2007 889 2480 956 discordiarum

522 992 773 1057 motus,
833 980 1066 1063 quibus
1109 981 1371 1046 concuti
1422 977 1531 1044 vel
1576 986 1877 1043 aestuare
1922 973 2220 1041 videmus
2265 985 2481 1042 totum

523 1069 663 1134 fere
705 1067 1141 1133 christianum
1183 1065 1410 1131 orbem
1424 1114 1440 1143 ,
1498 1065 1673 1128 laeta
1730 1082 1888 1147 pace
1930 1061 2193 1127 fruitur.
2283 1062 2482 1127 Tanti

524 1155 728 1220 refert
768 1152 1086 1217 divinitus
1128 1151 1323 1217 terris
1366 1150 1632 1234 praefici
1675 1168 2023 1233 generosos
2067 1168 2144 1213 ac
2185 1148 2482 1213 cordatos

524 1240 878 1324 principes,
938 1239 1051 1321 qui
1104 1248 1172 1303 et
1213 1258 1334 1302 sua
1376 1239 1621 1301 virtute
1680 1255 1942 1300 omnem
1988 1235 2126 1299 vim
2168 1234 2481 1299 iniustam

522 1335 955 1408 compescant,
1012 1333 1080 1390 et
1122 1324 1485 1408 legitimam
1531 1319 1938 1406 gubernandi
1988 1319 2266 1385 formam
2305 1319 2478 1385 domi

523 1433 647 1479 sua
689 1409 1042 1494 prudentia
1086 1417 1156 1474 et
1197 1410 1522 1492 aequitate
1565 1408 1986 1473 constituant.
2077 1406 2161 1470 In
2205 1417 2481 1489 utroque

524 1517 764 1582 genere
806 1517 1013 1579 quum
1053 1496 1506 1562 serenissimus
1546 1495 1712 1571 Rex,
1758 1493 2126 1559 Maiestatis
2170 1502 2320 1557 tuae
2366 1512 2479 1576 pa-

524 1598 642 1661 ter,
688 1583 989 1661 excellat,
1035 1603 1171 1647 non
1214 1582 1424 1665 potuit
1466 1580 1703 1645 melius
1760 1577 1863 1644 vel
1922 1578 2313 1662 prudentius
2357 1578 2481 1644 sibi

2585 654 2750 717 puro
2794 634 2922 699 Dei
2975 635 3159 700 cultu
3221 634 3574 701 asserendo
3620 635 4041 704 Christianus
4084 638 4235 704 Rex
4290 640 4540 705 nomini

2584 740 2703 785 suo
2756 719 3195 803 responderit,
3257 741 3525 786 narrare
3582 721 3750 788 nihil
3805 722 4058 791 attinet.
4159 725 4306 793 Hoc
4365 735 4540 792 certe

2584 827 2792 871 unum
2835 806 3002 871 mihi
3047 803 3309 871 videtur
3352 808 3511 872 satis
3553 807 3959 875 luculentum
4004 830 4146 876 esse
4189 811 4539 894 specimen,

2586 889 2757 974 quod
2791 891 2987 957 multi
3021 892 3368 975 principes,
3406 914 3615 976 quum
3649 893 3919 961 videant
3939 895 4123 961 foede
4157 906 4539 980 corruptum

2585 977 2895 1044 ecclesiae
2952 986 3224 1056 statum,
3285 977 3429 1043 ideo
3483 992 3706 1045 tamen
3761 980 4014 1047 nullam
4071 982 4538 1049 correctionem

2586 1064 2942 1148 attingunt,
2988 1066 3138 1147 quia
3179 1065 3248 1128 in
3291 1074 3554 1131 vetusta
3597 1087 3854 1149 quoque
3891 1075 3958 1133 et
3990 1068 4346 1151 tranquilla
4389 1089 4541 1152 pos·

2584 1150 2872 1216 sessione
2931 1150 3100 1233 quod
3151 1160 3458 1215 metuunt
3513 1172 3597 1217 ex
3663 1154 3954 1218 novitate
4011 1153 4375 1236 periculum
4429 1177 4538 1221 eos

2585 1235 2668 1301 ab
2713 1236 2926 1305 officio
2970 1234 3263 1301 retardat
3321 1244 3386 1302 et
3445 1235 3736 1320 impedit.
3826 1239 4030 1305 Pater
4085 1247 4304 1305 autem
4362 1249 4536 1320 tuus,

2584 1343 2623 1387 o
2666 1322 2845 1399 Rex,
2902 1323 3076 1387 inter
3117 1323 3262 1405 ipsa
3302 1323 3677 1407 primordia,
3733 1324 3927 1392 rebus
3988 1324 4205 1392 adhue
4248 1324 4354 1390 vel
4398 1334 4538 1393 tur-

2585 1408 2871 1473 bulentis
2915 1408 3022 1474 vel
3069 1407 3299 1485 dubiis,
3317 1411 3376 1487 ⁴)
3424 1422 3599 1475 totus
3643 1411 3715 1475 in
3756 1408 3928 1476 hanc
3972 1433 4197 1477 curam
4239 1432 4370 1477 non
4415 1416 4540 1478 mi-

2586 1515 2712 1558 nus
2785 1494 3110 1578 intrepide
3179 1515 3370 1576 quam
3440 1495 3546 1578 pie
3612 1495 3913 1562 incubuit
3985 1505 4061 1561 ut
4126 1518 4293 1580 pura
4363 1498 4540 1583 apud

2587 1580 2808 1645 Danos
2851 1595 2917 1645 et
2960 1601 3000 1643 a
3041 1581 3582 1661 superstitionum
3627 1581 3809 1648 faece
3844 1592 4128 1667 purgata
4163 1584 4390 1668 religio
4436 1586 4538 1649 vi-

524 1669 863 1736 consulere
890 1668 1127 1743 Dania,
1173 1689 1370 1750 quam
1404 1687 1555 1732 eum
1592 1665 1716 1731 sibi
1754 1664 2124 1730 asciscendo
2149 1665 2400 1748 Regem
2425 1666 2480 1749 3)
2529 1654 2535 1777 ξ
2585 1676 2786 1750 geret.
2875 1666 3070 1732 Nunc
3115 1676 3178 1731 te
3224 1687 3497 1750 quoque,
3542 1668 3695 1732 Rex
3740 1667 4159 1746 nobilissime,
4205 1670 4350 1754 pari
4393 1671 4538 1737 eius

524 1758 629 1821 cui
674 1757 804 1819 iam
852 1762 1093 1820 natura
1136 1755 1454 1819 honorem
1512 1753 1740 1836 iusque
1798 1753 2051 1834 regium
2097 1751 2478 1817 contulerat.
2531 1780 2534 1789 ·
2585 1752 2891 1837 puritatis
2936 1751 3319 1817 retinendae
3362 1774 3436 1820 ac
3482 1751 3766 1819 tuendae
3813 1754 4029 1819 studio
4072 1757 4352 1840 flagrare
4397 1777 4536 1822 om-

527 1840 870 1906 Caeterum
917 1863 1001 1905 ne
1044 1842 1373 1906 exstincta
1415 1839 1607 1904 unius
1645 1839 1927 1903 hominis
1970 1838 2127 1915 vita,
2172 1847 2246 1901 ut
2287 1857 2481 1919 saepe
2529 1808 2535 1921 Ῑ
2586 1860 2701 1903 1133
2746 1838 3142 1920 praedicant.
3232 1838 3442 1921 Atque
3497 1840 3750 1905 utinam
3803 1838 3885 1906 ad
3943 1841 4115 1907 hanc
4159 1843 4538 1907 continuam

525 1929 669 1993 fieri
715 1927 899 2003 solet,
945 1940 1079 1991 tam
1123 1926 1405 2011 insignis
1448 1924 1871 1989 intercideret
1910 1924 2037 1987 Dei
2099 1921 2477 1997 benedicti0,
2528 1942 2535 2047 1
2586 1923 2849 1990 divinae
2893 1926 3143 2008 gratiae
3189 1925 3424 1989 seriem
3473 1946 3624 1991 vere
3670 1928 3908 1991 attenti
3952 1928 4088 1991 sint
4130 1926 4325 1993 Dani.
4415 1927 4537 1992 Vi·

526 2015 801 2079 accessit
840 2011 971 2078 fida
1015 2013 1468 2077 diuturnitatis
1522 2019 1740 2076 custos
1783 2011 1926 2075 eius
1970 2009 2091 2074 filii
2134 2010 2478 2086 successio,
2529 2050 2535 2065 ι
2586 2010 2815 2076 demus
2876 2019 2951 2075 ut
3018 2032 3086 2076 se
3143 2011 3366 2076 multis
3421 2012 3798 2096 regionibus
3868 2010 3994 2078 hac
4048 2022 4274 2079 nostra
4326 2023 4538 2079 aetate

522 2103 635 2182 qui
682 2098 977 2164 ordinem
1036 2100 1240 2181 patris
1294 2097 1602 2182 auspiciis
1657 2097 1988 2179 praeclare
2047 2096 2478 2177 compositum
2528 2100 2535 2181 ξ
2586 2095 2893 2161 Christus
2928 2096 3268 2161 obtulerit:
3312 2095 3578 2181 indigue
3613 2106 3926 2182 exceptus
3963 2099 4089 2164 alio
4123 2100 4541 2166 transtulerit

523 2187 862 2252 continuet
920 2207 995 2251 ac
1035 2186 1341 2250 stabiliat.
1430 2183 1777 2249 Interdum
1839 2180 2101 2264 quidem
2158 2182 2482 2264 contingit
2529 2224 2535 2259 2
2585 2181 2909 2266 evangelii
2953 2182 3056 2247 sui
3090 2181 3328 2248 sedem.
3392 2182 3574 2264 Quos
3618 2205 3775 2268 ergo
3808 2184 4125 2267 peculiari
4160 2187 4285 2250 isto
4321 2186 4542 2251 favore

524 2293 657 2337 non
717 2272 925 2337 solum
985 2269 1330 2337 dissimiles
1389 2268 1687 2353 patribus
1744 2290 1885 2333 esse
1941 2268 2141 2345 filios,
2199 2266 2310 2331 sed
2369 2266 2477 2330 ubi
2530 2314 2536 2399 Ι
2585 2268 2892 2352 dignatus
2936 2277 3063 2346 est,
3121 2277 3194 2332 ut
3249 2290 3432 2352 spem
3488 2270 3747 2335 futurae
3804 2281 3870 2335 et
3921 2272 4149 2336 firmae
4207 2272 4382 2354 apud
4434 2292 4542 2336 eos

525 2366 909 2440 potestatem
972 2366 1126 2421 sunt
1181 2355 1420 2439 adepti,
1478 2356 1587 2421 vel
1643 2356 1969 2437 pravitate
2014 2353 2313 2436 quadam,
2376 2352 2478 2416 vel
2532 2410 2537 2427 ,
2588 2355 2890 2419 stationis
2927 2354 3247 2433 ostendat,
3294 2376 3369 2420 30
3408 2356 3745 2422 ardentius
3784 2357 3942 2420 eniti
3983 2357 4168 2423 decet
4214 2368 4285 2422 ut
4328 2379 4398 2423 33
4443 2358 4542 2421 1111

526 2445 728 2508 stulta
798 2444 1262 2519 aemulatione,
1338 2443 1445 2508 vel
1517 2441 1746 2507 aulicis
1812 2440 2338 2506 contentionibus
2405 2461 2481 2504 ac
2532 2440 2537 2499 f
2589 2452 2758 2506 totos
2803 2440 3125 2504 addicant.

530 2527 832 2605 dissidiis,
892 2531 961 2594 in
1022 2528 1347 2594 violandis
1406 2528 1702 2609 paternis
1760 2525 2014 2610 legibus
2071 2548 2200 2590 non
2263 2528 2481 2590 miuus
2531 2520 2539 2617 1
2758 2526 2853 2592 Ut
2896 2536 3114 2591 autem
3162 2525 3243 2590 ad
3281 2548 3384 2590 me
3421 2526 3718 2591 veniam:
3765 2548 3962 2610 quum
4000 2550 4178 2593 meos
4214 2549 4544 2594 commen·

522 2616 651 2680 sibi
686 2616 991 2680 licentiae
1024 2617 1421 2697 permittere,
1466 2635 1660 2697 quam
1692 2614 1747 2678 si
1783 2612 2214 2677 alienissimos
2251 2611 2482 2694 cupide
2533 2624 2538 2669 Ξ
2588 2614 2822 2687 tarios,
2900 2612 3136 2694 quibus
3212 2622 3366 2676 ante
3436 2611 3776 2676 biennium
3843 2616 4012 2679 Acta
4076 2614 4544 2697 Apostolorum

528 2702 947 2767 incesserent.
1018 2703 1250 2784 Regno
1297 2707 1516 2765 autem
1561 2701 1813 2764 Dauiae
1858 2698 1980 2763 1130
2024 2700 2094 2761 in
2141 2708 2323 2781 parte
2373 2700 2481 2763 be·
2533 2702 2539 2767 Ι
2589 2700 3012 2781 interpretari
3058 2720 3202 2763 sum
3249 2720 3626 2782 aggressus,
3683 2700 3754 2763 iu
3810 2699 3971 2766 duos
4015 2700 4215 2765 libros
4265 2702 4543 2783 partitus

527 2788 729 2872 nigne
772 2790 1108 2871 prospexit
1134 2789 1334 2865 Deus,
1379 2786 1551 2870 quod
1597 2795 1670 2851 tu
1700 2786 1850 2850 Rex
1886 2785 2483 2867 praestantissimus
2534 2774 2540 2849 Ι
2587 2786 2813 2863 forem,
2863 2794 2936 2849 ut
2978 2786 3159 2868 prior
3180 2785 3512 2850 Maiestati
3559 2786 3770 2868 patris
3819 2786 3933 2864 tui,
3980 2786 4144 2851 alter
4189 2808 4344 2852 vero
4389 2796 4544 2851 tuae

529 2873 612 2938 ad
638 2874 969 2940 heroicum
1007 2874 1210 2955 patris
1237 2874 1575 2956 ingenium
1600 2873 1919 2936 formatus
1940 2871 2093 2934 etin
2118 2871 2484 2935 castissima
2533 2852 2540 2921 ¹1
2592 2871 2843 2937 dicatus
2886 2871 3120 2936 faustis
3165 2871 3471 2953 auspiciis
3516 2872 3584 2935 iu
3629 2871 3839 2937 lucem
3882 2873 4120 2949 exiret,
4176 2872 4337 2937 haec
4382 2872 4544 2937 mihi

528 2961 668 3025 eius
712 2959 1054 3042 disciplina
1109 2959 1440 3036 educatuS,
1501 2958 1823 3022 rationem
1881 2957 1961 3020 de
2020 2978 2252 3033 manu,
2312 2955 2483 3039 quod
2592 2958 2843 3023 consilii
2869 2958 3034 3022 ratio
3073 2958 3212 3031 fuit,
3258 2957 3428 3039 quod
3452 2967 3969 3023 consentaneum
3991 2959 4128 3022 fore
4154 2961 4400 3041 putavi,
4427 2980 4543 3023 vos

529 3046 736 3122 aiunt,
792 3047 863 3109 in
910 3066 1179 3111 manum
1225 3044 1305 3111 ab
1349 3047 1489 3128 ipso
1531 3043 1839 3109 traditam
1891 3041 2254 3125 amplexus,
2316 3041 2485 3106 nihil
2535 3084 2540 3100 .
2590 3044 2659 3109 in
2705 3046 2845 3109 eius
2889 3043 3199 3108 historiae
3244 3044 3617 3108 narratione
3659 3044 4076 3128 coniungere,
4121 3066 4287 3128 quae
4331 3046 4545 3128 prima

528 3135 747 3214 potius
790 3131 990 3197 ducas
1051 3153 1251 3214 quam
1294 3133 1437 3196 eius
1497 3130 1789 3213 vestigiis
1848 3130 2162 3194 insistere.
2256 3127 2484 3209 Quan-
2535 3197 2540 3204 ,
2592 3131 2672 3194 ab
2719 3131 2877 3212 ipsis
2922 3151 3124 3211 usque
3170 3128 3495 3193 natalibus
3554 3128 3860 3194 ecclesiae
3917 3131 4310 3197 christianae
4354 3152 4542 3197 exor-

530 3238 726 3300 quam
773 3239 903 3282 non
941 3238 1274 3284 successor
1309 3216 1501 3282 modo
1538 3216 1904 3280 destinatus
1938 3234 2009 3279 es
2044 3216 2153 3297 qui
2194 3215 2483 3279 relictam
2535 3255 2541 3296 s
2592 3215 2727 3292 dia,
2790 3214 3024 3280 deinde
3069 3234 3450 3297 progressus
3507 3223 3570 3279 et
3628 3217 4031 3282 incrementa
4073 3218 4542 3299 complectitur,

532 3325 573 3368 a
616 3314 876 3368 mortuo
921 3304 1320 3386 provinciam
1378 3302 1723 3384 suscipias,
1784 3301 1898 3366 sed
1956 3301 2153 3365 etiam
2214 3302 2364 3365 vivo
2422 3309 2488 3364 et
2536 3323 2541 3364 ;
2590 3311 2668 3366 ut
2709 3303 2851 3384 ipsa
2893 3301 3293 3366 renascentis
3337 3300 3663 3379 ccclesiae,
3708 3322 3904 3384 quam
3951 3301 4280 3369 Dominus
4323 3311 4544 3368 vestro

528 3391 787 3454 florenti
830 3399 974 3455 tum
1014 3389 1155 3455 eius
1198 3389 1433 3455 iudicio
1478 3397 1851 3470 assumptus
1908 3397 2046 3451 tum
2092 3387 2218 3450 Dei
2264 3388 2485 3469 provi·
2536 3391 2542 3458 Ξ
2591 3385 2911 3471 praesidio
2970 3387 3317 3464 commisit,
3392 3385 3748 3452 similitudo
3808 3409 3927 3453 vos
3984 3389 4056 3453 in
4111 3401 4288 3455 recto
4349 3389 4545 3455 officii

533 3476 755 3541 dentia
794 3476 985 3541 datus
1028 3476 1318 3555 adiutor,
1377 3477 1446 3540 in
1489 3477 1674 3540 cuius
1720 3475 2029 3539 humeros
2071 3494 2223 3557 pars
2268 3474 2487 3537 oneris
2536 3489 2542 3544 ε
2593 3495 2786 3539 cursu
2840 3475 3051 3556 magis
3113 3495 3187 3537 ac
3245 3473 3453 3556 magis
3508 3473 3846 3537 animaret.
3951 3475 4120 3539 Nam
4180 3477 4306 3540 etsi
4364 3475 4545 3550 haec,

532 3559 885 3628 recumbat.
977 3562 1115 3627 Nec
1162 3584 1314 3627 vero
1360 3562 1581 3626 dubito
1624 3560 1782 3643 quin
1827 3560 1950 3625 1100
2006 3560 2074 3623 111
2121 3560 2486 3642 praecipuis
2537 3607 2542 3630 ,
2594 3580 2724 3625 non
2771 3560 2912 3623 dico
2948 3581 3111 3642 quae
3156 3557 3406 3641 pridem
3463 3561 3530 3623 in
3588 3569 3772 3642 patre
3825 3561 4092 3643 cognita
4150 3570 4217 3626 et
4274 3561 4545 3627 celebris

531 3647 649 3712 Dei
697 3648 900 3724 donis,
949 3649 1185 3730 quibus
1230 3646 1568 3731 splendide
1608 3655 1878 3711 ornatus
1916 3656 2031 3722 est,
2080 3646 2316 3710 merito
2362 3667 2486 3708 nu·
2536 3651 2542 3704 ἓ
2591 3646 2718 3709 fuit
2763 3646 3024 3709 heroica
3071 3644 3258 3726 plane
3301 3645 3639 3723 fortitude,
3683 3646 3796 3710 sed
3831 3666 3915 3709 ne
3952 3656 4065 3711 tua
4106 3648 4369 3730 quidem
4407 3647 4543 3712 ala·

529 3745 740 3798 meret
783 3733 1009 3798 datum
1054 3735 1179 3799 sibi
1218 3756 1359 3799 esse
1403 3734 1631 3810 filium,
1681 3753 1815 3796 non
1858 3732 2071 3796 solum
2112 3733 2295 3797 cuius
2332 3730 2484 3795 fidei
2536 3741 2542 3798 ζ
2592 3734 2789 3798 critas
2835 3730 3122 3795 stimulis
3167 3729 3434 3814 indiget,
3492 3741 3714 3795 tamen
3772 3732 3842 3795 in
3899 3741 4034 3797 tam
4079 3733 4284 3797 ardua
4327 3735 4541 3817 operis

529 3841 809 3904 regnum
854 3842 1046 3884 suum
1094 3841 1318 3885 secure
1362 3818 1805 3894 commendet,
1864 3817 1976 3882 sed
2022 3841 2103 3881 cx
2148 3818 2330 3882 euius
2376 3818 2485 3881 ob·
2536 3839 2539 3884 ι
2594 3818 2794 3892 111013,
2857 3819 2923 3881 in
2981 3816 3104 3884 hac
3163 3818 3492 3881 communi
3549 3818 3795 3900 ingenii
3854 3816 4123 3882 humani
4183 3819 4539 3894 debilitate,

531 3908 775 3990 sequiis
812 3916 953 3970 tum
991 3906 1151 3972 alios
1187 3907 1319 3969 iam
1363 3907 1578 3987 capiat
1621 3905 1984 3969 uberrimos
2020 3902 2293 3980 fructus,
2342 3913 2484 3966 tum
2533 3911 2540 3978 4
2590 3905 2763 3968 inter
2808 3913 2905 3967 tot
2949 3902 3234 3968 Satanae
3279 3903 3644 3978 obstacula,
3703 3924 3896 3986 quam
3958 3926 4092 3969 non
4137 3927 4543 3988 supervacua

528 3991 880 4057 levationis
941 3992 1188 4075 aliquid
1246 3993 1500 4057 sentiat.
1592 3991 1805 4067 Quum
1868 3991 1992 4055 hoc
2048 3999 2271 4054 sancto
2327 4010 2481 4054 con·
2590 3993 2676 4053 sit
2733 3991 3158 4067 confirmatiO,
3228 3990 3632 4071 experientia
3683 3990 4000 4073 magistra
4057 3993 4215 4056 satis
4274 3990 4540 4057 edoctus

528 4098 725 4143 seusu
794 4079 958 4142 nibil
1018 4079 1100 4144 ad
1167 4097 1583 4142 communem
1641 4076 1863 4161 populi
1932 4075 2207 4140 salutem
2266 4075 2482 4156 aptius
2535 4089 2539 4154 f
2590 4091 2690 4140 est
2733 4075 2862 4154 ille,
2921 4087 2987 4139 et
3030 4085 3128 4155 tu,
3188 4097 3225 4139 o
3269 4076 3436 4152 Rex,
3495 4074 3782 4156 quotidie
3827 4075 4050 4152 discis,
4111 4085 4184 4141 ut
4222 4099 4354 4142 non
4397 4079 4540 4142 sitis

532 4165 693 4248 fingi
734 4177 949 4246 queat,
994 4172 1150 4230 tuae
1194 4186 1446 4247 quoque
1470 4162 1805 4228 Maiestati
1840 4163 2145 4244 privatim
2182 4161 2483 4243 optabilis
2535 4191 2538 4206 ·
2589 4164 2748 4228 meis
2794 4162 3015 4226 verbis
3060 4161 3386 4226 monendi.
3477 4161 3624 4226 Hoc
3670 4181 3824 4226 voro
3869 4164 4384 4230 confirmationis
4427 4183 4541 4246 ge-

531 4253 808 4334 contigit
852 4250 1189 4317 testandae
1234 4251 1494 4333 pietatis
1540 4270 1696 4313 3330
1739 4250 2048 4320 materia,
2109 4246 2277 4329 quod
2338 4248 2481 4311 sine
2589 4271 2716 4312 nus
2774 4248 3075 4330 inprimis
3135 4247 3295 4311 utile
3359 4268 3498 4311 esse
3555 4267 3629 4311 ac
3706 4246 4042 4324 idoneum,
4114 4252 4354 4315 sentiet
4427 4263 4541 4313 tua

530 4336 782 4402 invidia
826 4336 1144 4403 secundas
1188 4338 1269 4401 ab
1314 4337 1562 4420 optimo
1584 4335 1770 4419 Rege
1815 4341 2031 4416 partes
2075 4354 2294 4417 agens,
2343 4354 2481 4396 mo·
2590 4335 2932 4412 MaiestaS,
2995 4334 3063 4397 in
3121 4334 3428 4399 ecelesiae
3471 4333 3813 4414 originem,
3877 4335 4087 4417 qualis
4131 4357 4170 4400 a
4215 4336 4390 4401 Luca
4434 4335 4542 4399 de·

530 4425 821 4508 rigerum
856 4423 1039 4488 teilli
1064 4434 1131 4489 et
1168 4423 1650 4506 obsequentem,
1693 4432 1769 4484 ut
1802 4442 1924 4504 par
1958 4431 2073 4493 est,
2114 4419 2481 4502 praebendo
2585 4421 2919 4495 scribitur,
2979 4420 3196 4485 oculos
3249 4429 3662 4496 convertere,
3722 4420 3788 4483 iu
3847 4442 3975 4503 qua
4019 4431 4084 4485 et
4129 4420 4539 4486 admirabilis

530 4531 665 4574 non
706 4511 924 4574 minus
965 4510 1316 4591 pretiosam
1358 4506 1529 4590 apud
1553 4527 1780 4570 omnes
1827 4507 2058 4588 probos
2100 4527 2185 4570 ex
2227 4505 2481 4571 modes·
2587 4507 2708 4571 sub
2764 4507 2973 4572 erucis
3028 4505 3386 4589 ignominia
3430 4505 3558 4569 Dei
3615 4506 3851 4578 virtus,
3913 4516 3977 4569 et
4039 4507 4360 4572 indefessa
4418 4504 4540 4572 sub

533 4597 625 4658 tia
670 4596 928 4660 laudem
986 4597 1218 4672 refers,
1294 4615 1488 4677 quam
1554 4592 1751 4676 vulgo
1824 4590 2206 4657 dominandi
2272 4591 2483 4674 gloria
2532 4591 2538 4664 i
2585 4592 2652 4657 in
2703 4594 2838 4656 enti
2885 4592 3330 4657 molestiarum
3387 4612 3586 4656 onere
3632 4612 3973 4657 servorum
4019 4593 4144 4656 Dei
4192 4593 4538 4657 tolerantia

532 4692 855 4748 censetur.
2532 4691 2536 4714 ¹
2588 4701 2657 4743 re
2692 4679 2887 4762 ulget,
2933 4689 2998 4743 et
3038 4699 3372 4742 successus
3415 4678 3555 4759 ipse
3601 4677 3826 4742 mundi
3865 4675 4102 4743 iudicio
4137 4678 4536 4746 incredibilis

702 4768 845 4831 Iam
889 4790 1042 4833 vero
1088 4768 1280 4833 latius
1324 4787 1521 4849 quam
1567 4765 1648 4829 ad
1695 4785 1973 4848 regnum
2008 4764 2259 4829 Dauiae
2302 4773 2482 4846 patet
2531 4771 2538 4860 j
2589 4766 2992 4832 uberrimum
3041 4765 3377 4846 utriusque
3423 4763 3710 4827 fructum
3757 4763 4018 4844 profert.

530 4855 730 4918 huius
774 4855 925 4918 boni
972 4853 1246 4928 fruetus,
1305 4852 1478 4935 quod
1522 4851 1858 4934 spirituale
1906 4849 2156 4915 Christi
2202 4871 2479 4933 regnum
2533 4909 2538 4922 ,
2761 4850 3128 4928 Caeterum,
3192 4861 3257 4913 ut
3305 4849 3554 4932 reliqua
3608 4849 3904 4912 omittam
3966 4870 4128 4930 quae
4182 4871 4262 4916 ex
4310 4853 4534 4918 Lucae

533 4939 738 5006 altero
785 4939 1038 5006 vindice
1083 4939 1427 5004 suffultum
1469 4937 1732 5003 altiores
1789 4938 1934 5002 istic
1991 4936 2324 5021 magisque
2372 4939 2482 5000 fir·
2533 4963 2539 4986 ·

530 5047 675 5090 mas
730 5026 982 5092 radices
1035 5036 1201 5109 aget.
1305 5023 1495 5106 Quod
1559 5035 1819 5089 strenue
1889 5033 1955 5086 et
2013 5023 2356 5106 magnifice
2415 5024 2481 5086 in

534 5167 575 5176 -
2792 5107 2847 5172 4)
2895 5106 3038 5174 che
3073 5105 3368 5159 Frederico
3389 5105 3428 5156 1.
3469 5121 3518 5156 a.
3558 5101 3691 5156 1534
3728 5111 3939 5157 mortuo
3967 5119 4070 5173 pce·
4106 5113 4272 5161 totum
4309 5115 4359 5162 et
4391 5111 4538 5177 qnod

2588 5179 2832 5231 excurrit
2866 5192 3072 5228 annum
3121 5175 3186 5229 dc
3230 5175 3564 5228 successione
3611 5173 3969 5240 disceptatum
4015 5182 4093 5228 est
4138 5178 4280 5230 inter
4314 5181 4536 5232 omines

736 5251 798 5314 3)
839 5250 1005 5303 Pater
1044 5249 1391 5303 Christianus
1430 5249 1519 5302 111.
1559 5266 1594 5302 α
1636 5247 1769 5302 1542
1805 5264 1923 5300 eum
1960 5249 2164 5301 socium
2201 5247 2363 5313 regym‘
2393 5244 2483 5298 eli·
2534 5253 2538 5294 !
2586 5246 2758 5314 requi,
2809 5246 2939 5298 aliis
2975 5242 3346 5298 Christianum
3382 5243 3675 5308 captivum,
3722 5243 3852 5295 aliis
3889 5243 4152 5297 loannem
4193 5247 4366 5311 filium
4405 5249 4535 5302 Fri»-

676 5337 765 5373 um
800 5320 1030 5385 curavit,
1239 5336 1287 5373 m
1324 5321 1502 5373 adhuc
1535 5327 1726 5373 octavo
1762 5320 1957 5372 aetatis
1994 5335 2158 5370 anna.
2219 5314 2486 5369 Successit
2588 5314 2764 5369 dev-ici
2793 5314 3060 5366 iuniorem
3096 5312 3544 5379 praeferentibus.
3579 5326 3808 5379 quorum
3853 5313 3936 5365 ini
3967 5313 4328 5380 evangelicam
4363 5318 4536 5381 refor-

533 5388 792 5455 defuncto
823 5391 977 5457 patri
1010 5405 1061 5442 a.
1102 5387 1253 5441 1559.
2535 5401 2540 5410 ·
2590 5383 2895 5446 mationem,
2932 5383 2993 5433 111·
3025 5382 3340 5435 catholicam
3377 5380 3726 5434 traditionem
3752 5380 4128 5445 defendebant.
