4850 6200
530 431 656 493 863

1405 615 1607 687 2347.

935 770 1610 840 BULLINGERUS
1656 770 2087 839 OALVINO.

704 941 946 1009 Paucis
1007 943 1198 1026 refert
1259 943 1611 1010 Beruenses
1675 964 1967 1010 recusare
2044 943 2486 1009 Turieensium

531 1030 1053 1111 interpositionem
1120 1031 1194 1094 in
1261 1031 1497 1116 neqotio
1564 1030 1838 1112 foederis
1901 1030 2246 1096 renovandi
2258 1054 2279 1109 ;
2354 1034 2485 1094 tum

532 1116 792 1180 nunciat
845 1116 1196 1181 novissima
1250 1138 1329 1182 ex
1390 1117 1652 1200 Anylia,
1702 1115 1924 1181 laudat
1976 1118 2113 1181 eius
2152 1115 2486 1181 consilium

548 1199 898 1286 Westphalo
938 1202 1353 1283 respondendi
1384 1222 1644 1284 eumque
1664 1207 1840 1285 royac
1880 1207 1952 1267 nt
1992 1222 2058 1268 se
2099 1202 2197 1268 vel
2238 1203 2309 1267 in
2342 1202 2484 1268 doc-

531 1287 704 1353 mna
719 1287 1321 1368 praedestinationis
1363 1289 1634 1354 anticum
1675 1290 1899 1354 credat.

533 1456 645 1526 <2¹
693 1462 921 1530 m...
952 1458 1040 1583 33
1077 1459 1469 1582 3333333,
1514 1458 1809 1582 3333,-
1844 1461 1974 1584 a.
2008 1458 2130 1595 33,
2178 1460 2309 1514 ..m
2343 1460 2487 1530 ³⁹1³·

531 1698 916 1766 Clarissimo
949 1700 1097 1766 viro
1132 1698 1218 1764 D.
1241 1700 1480 1766 Ioanni
1515 1697 1788 1765 Calvino
1824 1700 2237 1768 Genevensis
2282 1700 2486 1767 eccle-

531 1784 670 1852 siae
731 1787 977 1870 pastori
1018 1783 1884 1937 fidelissitmioogloiigisiiilirtliomeo
1927 1786 2200 1854 colendo
2241 1795 2309 1853 et
2350 1787 2487 1853 fra-

704 2041 778 2108 S.
827 2042 912 2108 D.
961 2041 1104 2109 Sub
1140 2044 1340 2108 finem
1377 2041 1824 2125 praecedentis
1884 2045 2293 2126 septimanae
2345 2065 2487 2110 am-

530 2128 867 2212 plissimus
934 2129 1292 2193 Bernensis
1355 2129 1748 2212 reipublicae
1816 2142 2084 2196 senatus
2107 2132 2161 2215 ¹)
2225 2141 2487 2197 nostrae

529 2214 929 2297 reipublicae
1002 2214 1343 2280 submissis
1398 2214 1610 2280 literis
1676 2216 2093 2300 significavit,
2161 2216 2285 2282 sibi
2351 2237 2487 2282 non

531 2299 747 2365 videri
801 2301 1243 2366 necessarium
1297 2308 1372 2366 ut
1423 2302 1631 2366 nostri
1667 2322 1737 2366 se
1782 2303 1850 2366 in
1883 2301 2150 2368 dissidio
2189 2303 2303 2367 illo
2338 2323 2487 2369 ves-

527 2395 634 2450 tro
674 2386 1099 2469 interponant
1148 2396 1536 2469 sequestres,
1573 2386 1745 2470 quod
1779 2388 1921 2470 ipsa
1964 2410 2069 2454 res
2104 2390 2486 2472 propediem

527 2473 795 2537 omnino
838 2470 1140 2538 videatur
1180 2473 1388 2538 amice
1424 2474 1725 2556 componi
1758 2494 1971 2557 posse,
2019 2476 2113 2538 ita
2154 2487 2231 2540 ut
2272 2476 2484 2541 nostri

527 2557 721 2624 facile
781 2558 917 2623 suis
978 2566 1046 2621 et
1101 2557 1434 2624 laboribus
1469 2569 1536 2624 et
1571 2560 1887 2642 impensis
1923 2568 2213 2642 parcant.
2287 2560 2483 2642 Quod

527 2651 605 2708 ut
632 2643 956 2710 Dominus
992 2644 1074 2708 ad
1112 2644 1365 2711 felicem
1403 2651 1470 2710 et
1502 2655 1883 2729 exoptatum
1924 2648 2127 2712 finem
2168 2647 2485 2730 perducat

527 2737 850 2816 optamus.
943 2728 1141 2796 Oerte
1191 2732 1400 2796 nostri
1456 2752 1719 2796 omnem
1753 2753 1944 2797 suam
1985 2754 2252 2816 operam
2295 2754 2375 2799 ea
2408 2735 2481 2798 in

527 2836 603 2881 re
645 2815 1078 2883 contulissent
1098 2816 1551 2898 libentissime,
1584 2817 1654 2881 id
1678 2817 1851 2901 quod
1897 2826 2002 2894 (ut
2045 2826 2111 2884 et
2132 2819 2262 2884 alia
2282 2819 2483 2886 huius

528 2902 821 2987 generis)
877 2902 1205 2987 intelliges
1242 2923 1326 2967 ex
1350 2904 1679 2988 praesenti
1713 2904 2082 2983 tabellione,
2119 2906 2309 2971 cuius
2344 2906 2482 2988 pie-

528 2997 631 3054 tas
665 2995 733 3052 et
763 2989 1108 3073 integritas
1130 2990 1372 3053 mirum
1400 2990 1472 3053 in
1511 2989 1778 3055 modum
1812 2991 1980 3055 mihi
2023 2991 2282 3074 placuit.
2351 2993 2485 3057 Do-

525 3075 748 3176 minus
801 3074 901 3140 illi
958 3074 1285 3159 adaugeat
1341 3073 1516 3142 dona
1570 3097 1691 3143 sua
1740 3083 1808 3143 et
1851 3085 2200 3146 conservet
2251 3078 2325 3143 in
2376 3077 2482 3144 in-

702 3246 886 3329 Quid
940 3253 1160 3313 actum
1225 3248 1313 3312 sit
1351 3247 1424 3312 in
1466 3267 1664 3314 causa
1696 3248 2127 3315 iurisiurandi
2146 3251 2204 3326 2)
2249 3250 2484 3334 opinor

528 3339 595 3399 te
641 3353 774 3397 non
813 3332 1037 3399 latere.
1097 3332 1424 3399 Dominus
1460 3355 1607 3399 eam
1643 3333 1915 3418 dispulit
1948 3334 2272 3402 nebulam.
2350 3337 2483 3401 Ne-

528 3418 784 3505 gotium
830 3419 1007 3484 enim
1053 3419 1126 3484 in
1162 3421 1493 3503 praesenti
1536 3421 1928 3487 translatum
1984 3430 2103 3487 est.
2169 3422 2487 3489 Scribunt

530 3504 747 3582 amici,
808 3505 1084 3589 optimos
1133 3506 1312 3572 viros
1367 3515 1432 3572 et
1492 3508 1862 3574 carissimos
1917 3507 2159 3575 fratres
2202 3517 2482 3588 nostros,

527 3592 617 3658 D.
676 3591 1071 3657 Latimerum
1129 3599 1197 3657 et
1252 3593 1335 3658 D.
1385 3592 1697 3677 Rydzeum
1739 3593 2277 3661 Loudoniensem
2312 3595 2484 3678 epis-

529 3696 790 3762 copum,
835 3685 1169 3744 crematos.
1196 3676 1248 3764 ³)
1332 3676 1842 3745 Cantuariensem
1890 3679 2194 3746 habuisse
2231 3691 2483 3764 specta-

529 3769 765 3842 torem,
819 3763 1283 3830 testificantem
1316 3773 1537 3830 tamen
1584 3766 1706 3832 hoc
1745 3767 1869 3849 ipsi
1907 3768 2052 3849 ipsa
2091 3777 2302 3832 morte
2339 3789 2485 3851 gra-

527 3849 678 3915 vius
733 3870 877 3915 esse
930 3850 1320 3932 supplicium
1367 3850 1540 3933 quod
1590 3873 1718 3917 non
1753 3852 1983 3917 eodem
2017 3854 2085 3917 in
2130 3875 2289 3936 rogo
2332 3874 2483 3919 cum

527 3935 844 4001 fratribus
893 3936 1271 4002 immoletur
1315 3937 1617 4002 Domino,
1693 3937 1974 4005 Vinctus
2030 3940 2102 4003 in
2155 3960 2483 4004 carcerem

527 4020 837 4087 reductus
894 4031 1012 4088 est.
1034 4026 1089 4097 4)
1159 4023 1415 4088 Putant
1457 4034 1523 4088 et
1566 4024 1755 4089 illum
1798 4026 1929 4089 iam
1965 4023 2299 4090 redactum
2337 4046 2482 4091 esse

526 4106 600 4172 in
642 4108 912 4173 cineres.
979 4109 1192 4173 Aiunt
1238 4108 1573 4175 Gaesarem
1617 4110 2084 4194 navigaturum
2128 4112 2197 4175 in
2237 4112 2479 4193 Hispa-

528 4191 696 4272 nias,
725 4197 775 4271 ⁵)
832 4195 1016 4277 prius
1071 4205 1290 4260 tamen
1336 4195 1618 4279 Angliae
1660 4216 1969 4262 coronam
2017 4198 2478 4279 impositurum

530 4277 855 4362 Philippo.
944 4280 1348 4345 Existimant
1416 4282 1593 4345 enim
1659 4304 1741 4346 ex
1807 4284 2037 4348 itinere
2103 4285 2319 4366 ipsum
2364 4283 2477 4347 de-

529 4365 857 4431 flexurum
917 4366 989 4430 in
1038 4367 1359 4451 Angliam.
1451 4366 1779 4433 Dominus
1824 4368 2048 4434 fideles
2093 4390 2247 4434 suos
2293 4381 2477 4433 tuea-

528 4460 638 4515 tur
679 4461 743 4516 et
786 4452 1104 4535 rependat
1137 4452 1577 4535 sanguinariis
1620 4455 1687 4518 in
1733 4455 1942 4538 capita
1990 4476 2110 4520 sua
2164 4467 2282 4519 etc.

698 4536 803 4602 De
884 4539 1144 4620 negotio
1211 4537 1381 4622 quod
1448 4539 1784 4605 inseruisti
1848 4541 2160 4623 epistolae
2223 4549 2400 4610 tuae.
2419 4544 2473 4619 ⁶)

528 4621 981 4689 colendissimo
1037 4622 1261 4701 frater,
1320 4622 1601 4690 scribam
1659 4626 1837 4705 alias,
1897 4649 2095 4709 quum
2157 4626 2306 4711 plus
2352 4628 2477 4691 erit

527 4878 796 5015 aaz&
826 4877 1035 5002 3ζᾶᾹὶ
1071 4877 1225 4934 2340.

730 5017 792 5080 8)
868 5016 1093 5071 ostridie
1128 5017 1269 5071 Idus
1308 5016 1422 5074 Oet.

727 5084 791 5151 4)
887 5102 1058 5139 ernam
1092 5101 1147 5140 a.
1182 5087 1235 5140 d.
1270 5087 1372 5153 xij.
1413 5085 1527 5142 Gal.
1563 5087 1703 5155 Apr.
1743 5089 1884 5140 anni
1915 5102 1972 5140 se
2011 5127 2025 5142 .
2060 5088 2474 5144 comburendus.

731 5152 793 5219 5)
831 5153 1016 5208 Nonis
1054 5152 1197 5223 Sept.
1227 5157 1532 5223 profectum
1567 5156 1704 5212 dicit
1741 5154 1906 5210 Steid.
2023 5197 2035 5208 .
2068 5155 2187 5211 557.

730 5221 788 5290 6)
825 5223 1116 5280 Inter-cidit
1169 5239 1297 5293 erqo
1348 5226 1538 5295 aliqua
1595 5226 1815 5279 Caluini
1862 5225 1941 5280 nd
1976 5225 2356 5295 Bullinqerum
2401 5243 2471 5281 m.

529 5291 702 5415 Nm
718 5292 946 5361 scripta.
1015 5292 1091 5347 In
1135 5308 1248 5363 qua
1293 5300 1345 5348 et
1388 5294 1455 5349 de
1499 5302 1751 5363 suscepta
1796 5295 2146 5364 responsione
2179 5295 2257 5349 ad
2303 5295 2473 5351 West·

522 5376 565 5430 p
704 5378 772 5414 nn.

2034 426 2562 495 EPIS'POLAE
2607 432 3039 495 2347—2349

4413 433 4542 495 864

2588 618 2723 684 otii.
2760 618 3044 685 Interim
3085 638 3220 684 non
3266 616 3671 684 existimabis
3691 637 3798 683 me
3826 616 4353 685 adversariorum
4395 626 4541 686 tuo-

2588 726 2739 770 rum
2796 704 3095 788 partibus
3151 704 3391 770 favere.
3481 703 3559 769 si
3603 704 3747 787 quis
3791 704 3960 770 alius
4003 714 4069 768 te
4111 716 4290 770 amat
4331 713 4400 770 et
4437 707 4541 772 tui

2589 790 2921 858 studiosus
2965 800 3084 869 est,
3130 809 3253 875 ego
3298 811 3455 855 sane
3498 792 3556 855 is
3600 812 3765 856 sum.
3855 788 4278 857 Oondonabis
4319 791 4542 876 itaque

2587 877 2796 942 sicubi
2854 878 2926 942 in
2984 877 3239 942 ratione
3296 877 3573 942 eandem
3627 897 3769 942 rem
3809 897 4013 960 prope
4057 875 4359 943 tradendi
4401 899 4541 944 mo—

2588 961 2728 1029 dice
2772 983 2812 1027 a
2855 973 2920 1028 te
2964 961 3308 1029 deflexero.

2761 1048 3038 1115 Gaudeo
3096 1060 3163 1114 te
3228 1049 3359 1114 iam
3420 1048 3817 1132 respondere
3891 1047 4264 1132 westphazo,
4324 1050 4428 1114 cui
4475 1059 4543 1115 et

2588 1155 2712 1218 ego
2769 1135 3014 1219 aliquid
3081 1155 3412 1220 opponere
3496 1136 3732 1219 cogito.
3840 1133 4169 1200 Dominus
4225 1135 4543 1203 concedat

2589 1220 2708 1286 tibi
2762 1222 2938 1288 vires
2988 1230 3056 1287 et
3108 1222 3449 1305 ingenium
3507 1223 3602 1286 ita
3654 1223 3778 1287 hoo
3832 1222 4171 1304 negotium
4215 1222 4543 1287 tractandi

2588 1316 2666 1372 ut
2728 1307 3087 1392 plurimum
3131 1309 3319 1374 iuves
3364 1328 3587 1373 omnes
3624 1310 3778 1383 pios.
3859 1307 3938 1371 Id
3984 1305 4159 1390 quod
4202 1328 4544 1390 speramus

2588 1415 2834 1472 omnes,
2878 1415 2996 1476 pro
3039 1416 3166 1476 quo
3202 1403 3268 1459 et
3311 1415 3575 1460 oramus
3616 1393 3999 1469 Dominum.
4067 1393 4542 1459 Gratissimum

2588 1480 2787 1545 fuerit
2850 1481 2907 1545 si
2973 1483 3259 1564 primum
3324 1492 3518 1564 atque
3584 1480 3899 1563 prodierit
3954 1479 4119 1544 liber
4163 1490 4315 1546 tuus
4350 1481 4543 1545 illum

2588 1564 2775 1631 nobis
2830 1566 3103 1632 miseris.
3190 1566 3366 1632 Vive
3420 1580 3488 1631 et
3530 1567 3679 1632 vale
3725 1578 4064 1631 aeternum
4124 1588 4272 1632 cum
4329 1568 4542 1631 omni-

2589 1650 2712 1716 bus
2755 1652 2905 1730 tuis,
2933 1651 3194 1718 domine
3215 1651 3805 1719 observandissime
3846 1662 3913 1717 et
3934 1652 4136 1717 frater
4179 1655 4251 1717 in
4274 1653 4542 1719 Christo

2590 1738 2946 1803 carissime.
3036 1738 3225 1804 Salvi
3284 1741 3417 1804 sint
3469 1761 3698 1804 omnes
3742 1738 3982 1803 fratres
4026 1748 4093 1803 et
4136 1750 4543 1824 symmystae

2591 1825 2708 1889 tui.
2792 1822 3106 1889 Salutant
3140 1838 3205 1891 te
3240 1828 3452 1891 nostri
3494 1846 3739 1902 omnes,
3785 1825 4091 1908 inprimis
4135 1837 4268 1891 tres
4312 1826 4544 1911 generi

2589 1910 2739 1974 mei.
2828 1913 2929 1977 27.
2975 1910 3296 1977 Novemb.
3343 1914 3542 1977 Anno
3585 1912 3742 1977 Dni.
3796 1916 3979 1977 1555.

3600 2050 3686 2114 H.
3733 2048 4160 2134 Bullingerus
4194 2057 4364 2116 tuus.

3474 2562 3680 2634 2348.

3067 2743 3568 2811 FARELLUS
3620 2743 4058 2811 CALVINO.

2759 2917 3081 2983 Iudicium
3116 2917 3190 2981 de
3232 2915 3605 3001 Bullinyero
3650 2917 4029 3000 ambiyuum‚
4067 2917 4141 2981 de
4192 2916 4546 3000 Westphalo

2587 3023 2899 3070 severum:
2961 3025 3079 3085 quo
3131 3003 3424 3069 debellato
3467 3024 3613 3085 spes
3654 3003 3972 3086 affulyebit
4014 3005 4220 3085 pacis.
4312 3003 4546 3087 Reyem

2592 3090 2848 3159 Galliae
2901 3090 3258 3158 adeundum
3310 3095 3507 3157 censet
3550 3094 3620 3155 ut
3680 3092 3923 3157 saevire
3972 3090 4041 3155 in
4083 3093 4234 3172 pios
4275 3090 4542 3157 desinat.

2587 3264 2700 3329 (Ex
2744 3262 3084 3334 autographo
3133 3263 3263 3317 eod.
3300 3263 3499 3317 Genev,
3541 3261 3659 3327 115,
3705 3263 3795 3317 fol.
3834 3261 3954 3325 126,
3999 3263 4124 3316 coll.
4170 3279 4214 3316 c.
4251 3262 4383 3317 Ood.
4427 3262 4544 3334 116,

2751 3332 2847 3390 fol.
2879 3331 2967 3395 46,
3003 3333 3147 3401 Epp.
3183 3334 3350 3388 Bern.
3385 3332 3484 3387 VI.
3522 3348 3575 3401 p.
3615 3330 3719 3385 509
3755 3338 3812 3386 et
3846 3332 4065 3385 Simleri
4101 3331 4227 3385 Vol.
4262 3331 4374 3401 86.)

2759 3503 2979 3585 Quam
3028 3503 3393 3570 clarissimo
3451 3504 3704 3568 Christi
3757 3525 3947 3569 servo
3991 3503 4224 3569 Ioanni
4262 3502 4541 3570 Calvino

2585 3592 2836 3675 pastori
2901 3588 3211 3657 ecclesiae
3267 3590 3681 3657 Genevensis
3738 3591 3928 3656 fratri
3986 3602 4052 3655 et
4130 3599 4541 3676 symmystae

2585 3677 2779 3743 valde
2823 3676 3222 3742 honorando,

4030 3762 4360 3828 Genevae.

2757 3934 2828 4001 S.
2876 3937 3115 4002 Paucis
3159 3954 3419 4000 mecum
3486 3936 3622 4019 egit
3689 3935 3972 4001 Ros-etue.
4000 3935 4048 4021 ¹)
4133 3932 4349 4001 Valde
4393 3936 4537 4019 pla-

2584 4031 2683 4088 cet
2726 4021 2897 4105 quod
2942 4022 3108 4106 agit:
3135 4042 3291 4086 sane
3337 4020 3526 4088 valde
3548 4019 3952 4104 expediebat.
4044 4018 4345 4087 Christus
4389 4043 4536 4087 suc-

2582 4129 2838 4174 cessum
2886 4106 2998 4172 det
3041 4117 3357 4191 optatum.
3439 4107 3600 4174 Istic
3634 4108 3784 4191 plus
3823 4108 4107 4191 pectoris
4151 4115 4219 4172 et
4261 4129 4535 4174 excusa—

2582 4194 2780 4259 tionis
2847 4194 3164 4271 desidem,
3233 4214 3352 4258 nec
3372 4199 3427 4269 ²)
3492 4192 3705 4259 dicam
3771 4193 4175 4278 prudentiae.
4263 4195 4534 4272 Mirum,

2580 4302 2781 4364 quum
2852 4292 2982 4344 tam
3066 4282 3326 4344 funesta
3391 4280 3714 4363 capitibus
3788 4301 4014 4345 eorum
4086 4280 4534 4358 imminerent,

2580 4365 2749 4448 quod
2807 4387 2877 4430 se
2926 4377 3062 4430 tam
3126 4365 3353 4431 ferunt
3372 4368 3429 4449 ⁸)
3488 4366 3555 4430 in
3594 4366 3895 4433 omnibus
3939 4367 4077 4432 vita
4116 4386 4385 4450 prorsus
4428 4367 4532 4431 in-

2581 4451 2835 4536 dignos,
2873 4471 2948 4517 ac
2994 4452 3051 4516 si
3087 4450 3287 4535 digne
3329 4452 3399 4516 in
3445 4460 3681 4518 senatu
3708 4454 3955 4518 versati
3998 4454 4293 4518 fuissent.
4354 4451 4530 4519 Sane

2579 4547 2767 4637 tanta
2806 4537 3237 4638 ‘indulgentia
3282 4538 3532 4603 malum
3592 4538 3859 4604 tandem
3913 4541 4126 4623 pariet
4168 4539 4420 4624 grande
4461 4548 4531 4606 et

2578 4645 3032 4708 perniciosum.

2751 4709 3120 4793 Bullinyeri
3195 4711 3467 4777 affectus
3489 4714 3543 4783 ⁴)
3599 4712 3753 4776 boni
3825 4710 4262 4779 consulendus
4319 4713 4525 4780 venit:

2578 4796 2752 4878 quod
2794 4796 2894 4861 illi
2928 4795 3111 4861 dedit
3154 4796 3484 4863 Dominus
3528 4799 3780 4881 gratiae
3836 4806 3904 4863 et
3947 4798 4119 4878 doni,
4164 4798 4527 4865 curandum

2577 5087 2765 5142 2348.
2780 5087 2839 5152 1)
2885 5087 2998 5157 Qui
3027 5103 3154 5157 erqo
3193 5088 3464 5143 Neocomo
3499 5090 3775 5144 manavit.

2780 5156 2843 5224 2)
2880 5161 2960 5213 sic
2994 5165 3207 5226 autoyr.
3243 5158 3453 5226 Apoyr.
3492 5175 3558 5211 ue
3595 5160 3785 5212 dicam.

2783 5225 2843 5288 3)
2881 5230 2963 5282 sic
3011 5228 3354 5296 apoqrapha.
3445 5227 3624 5282 Nobis
3676 5236 3857 5282 tamen
3911 5228 4068 5284 lectio
4431 5233 4525 5282 est.

2576 5295 2959 5351 Anthemusam
2994 5301 3224 5364 pessime
3244 5298 3507 5363 seriptum
3541 5297 3801 5362 praebere
3831 5297 4077 5354 vidant.-
4111 5314 4296 5353 secum
4329 5299 4524 5355 ferunt.

2780 5364 2838 5432 4)
2880 5365 2962 5432 Cf.
3001 5365 3291 5420 caunum
3325 5365 3404 5421 N.
3438 5364 3594 5423 2345.
