4850 6200
353 450 477 513 4⁰5

359 633 1199 701 mastonem-arem:
1252 635 1383 689 Aac
1428 634 1752 691 mmm
1794 632 2303 689 domamus

357 702 1525 774 *dorsumdopndninduru
1568 703 1637 758 de
1680 703 1739 755 la
1780 698 2304 757 &undatim

358 774 503 839 (eie).
573 773 764 828 Est-ce
808 774 865 828 la
909 789 1015 826 666
1062 788 1253 826 errem·
1284 773 1355 827 de
1399 774 1621 843 copistc,
1670 788 1741 826 on
1775 771 1900 826 bien
1935 768 2301 839 l'exemplaire

360 841 554 897 §tuit-il
598 842 808 896 (1661166
841 859 948 895 anx
981 841 1258 895 ministre·
1292 841 1561 896 Genevois
1606 841 1703 895 des
1748 839 1972 908 village·
2006 837 2302 904 Bernois‘P)

525 1012 881 1096 Ladvoyer
925 1021 991 1078 et
1034 1011 1276 1078 6666611
1326 1011 1406 1077 (16
1448 1012 1685 1078 Berne.
1771 1011 2011 1076 Nostro
2055 1008 2293 1075 saluta-

359 1098 491 1163 1166
560 1097 997 1164 honnorables
1064 1096 1244 1164 docts
1308 1117 1583 1164 scavans
1646 1097 1838 1163 chers
1909 1113 1976 1162 et
2053 1115 2298 1179 aymez.

360 1183 674 1250 Oombien
711 1205 875 1250 nous
911 1184 1345 1249 entierement
1379 1196 1444 1248 et
1478 1206 1632 1250 sans
1656 1181 1895 1250 doubte
1931 1182 2223 1246 confions
2251 1182 2299 1260 ¹)

357 1291 479 1354 que
514 1266 692 1335 nulle
727 1278 914 1336 entre
950 1291 1114 1335 vous
1155 1269 1293 1335 fust
1334 1284 1470 1336 este
1513 1270 1570 1335 si
1605 1268 1817 1353 hardy
1861 1279 1929 1332 et
1963 1286 2301 1350 presump-

358 1356 586 1421 tueulx
646 1354 727 1421 (16
792 1355 1208 1421 contravenit
1264 1377 1304 1420 a
1360 1377 1527 1421 nous
1590 1365 2111 1421 remonstrances
2176 1371 2301 1434 que

357 1462 474 1525 par
517 1449 738 1507 nostre
781 1441 1167 1526 rescription
1213 1440 1300 1506 du
1354 1446 1455 1505 170
1500 1443 1642 1507 iour
1686 1441 1776 1506 (16
1819 1461 2008 1524 moys
2051 1438 2133 1503 (16
2167 1437 2299 1503 No·

357 1528 624 1593 vembre
683 1527 1166 1593 dernierement
1227 1547 1386 1592 vous
1444 1549 1648 1592 avons
1705 1527 1958 1602 faictes‚
2020 1524 2079 1589 si
2134 1544 2300 1589 nous

358 1622 455 1679 est
497 1613 583 1678 ilz
630 1635 839 1679 venuz
884 1634 922 1677 a
966 1614 1181 1679 notice
1225 1635 1355 1697 que
1412 1612 1687 1679 aulcuns
1728 1619 1915 1677 entre
1962 1631 2122 1676 vous
2166 1630 2302 1675 non

358 1708 630 1765 contens
686 1700 765 1764 de
826 1698 986 1765 cella
1045 1719 1277 1765 encore
1337 1699 1664 1764 tonsiours
1713 1706 1948 1781 soyent
2003 1717 2193 1779 apres
2237 1705 2306 1759 et

358 1805 440 1850 nc
483 1795 742 1851 cessent
786 1784 866 1850 de
901 1806 1174 1851 mouver
1210 1785 1541 1867 questions
1576 1786 1819 1867 parties
1855 1794 1922 1847 et
1956 1780 2306 1866 pretendre

350 1872 780 1956 jnnovations
820 1873 1178 1937 contraires
1223 1894 1262 1936 a
1298 1892 1462 1936 nous
1498 1869 1945 1936 ordonnances
1989 1878 2197 1933 status
2242 1874 2307 1931 et

359 1956 760 2023 ceremonies
813 1959 1043 2040 iusque
1097 1980 1136 2022 a
1191 1967 1453 2041 present
1511 1978 1595 2021 66
1655 1977 1818 2021 6666
1874 1953 2139 2039 Eglises
2195 1953 2305 2018 ob·

365 2064 644 2121 sei-vees,
690 2042 874 2109 voire
919 2064 1120 2128 6666)γ
1167 2058 1487 2126 suyvants
1546 2054 1614 2107 et
1671 2064 1740 2108 se
1794 2040 2226 2124 adioingnans
2271 2060 2311 2103 a

362 2130 683 2194 certaines
724 2128 985 2194 haultes
1028 2140 1092 2193 et
1152 2129 1464 2195 soubtiles
1522 2128 1845 2194 doctrines
1899 2125 2199 2209 opinions
2244 2134 2312 2189 et

361 2212 727 2280 conditione
754 2218 813 2294 ²)
869 2214 983 2280 des
1042 2215 1340 2280 hommes
1393 2213 1938 2299 principalement
1995 2209 2311 2276 touchant

359 2298 425 2364 la
477 2301 753 2366 matiere
811 2300 892 2366 (16
946 2299 1012 2365 la
1068 2300 1292 2365 divine
1350 2299 1881 2385 predestination,
1940 2297 2133 2363 chose
2188 2318 2311 2379 que

358 2406 525 2450 nous
569 2385 816 2452 semble
861 2407 987 2451 666
1025 2399 1195 2452 estre
1230 2388 1596 2453 necessaire
1633 2387 1777 2451 ains
1813 2384 1959 2469 plus
2005 2394 2312 2448 servante

358 2490 399 2536 6
438 2471 721 2537 factione
779 2482 988 2537 sectes
1033 2493 1293 2537 erreurs
1338 2487 1404 2537 61
1449 2471 1969 2538 debouchement
1999 2473 2052 2541 ³)
2101 2490 2226 2551 que
2273 2490 2312 2533 a

357 2556 758 2624 ediffication
803 2568 868 2623 et
910 2558 1329 2624 consolation.
1399 2561 1454 2623 A
1496 2568 1671 2625 ceste
1715 2578 1906 2624 cause
1950 2553 2323 2620 derrecheff

356 2651 748 2709 tresacertes
796 2665 956 2709 vous
1002 2642 1460 2710 admonestons
1507 2644 1585 2708 de
1630 2664 1792 2707 vous
1839 2640 2186 2725 depourter
2234 2639 2312 2703 (16

356 2729 550 2795 telles
607 2730 837 2796 choses
899 2744 964 2794 et
1018 2752 1172 2795 sans
1231 2730 1737 2797 contradictione
1792 2749 2037 2812 suyvre
2093 2738 2158 2790 ct
2200 2726 2311 2790 ob·

355 2837 584 2881 server
627 2824 850 2881 nostre
894 2815 1180 2881 susdiete
1226 2818 1614 2899 rescription
1655 2824 1722 2879 et
1766 2813 2314 2879 advertissement

355 2912 591 2966 entant
634 2922 761 2985 que
797 2902 1048 2967 desirez
1093 2901 1344 2967 deviter
1387 2903 1452 2967 16
1495 2901 1792 2985 punition
1841 2922 1919 2965 en
1957 2898 2151 2982 jcelle
2196 2918 2310 2961 ex-

352 2988 622 3070 primes,
660 2991 950 3053 assavoir
989 2986 1354 3071 deposition
1377 2988 1457 3054 (16
1481 3007 1647 3052 vous
1684 2987 2057 3051 ministeres
2094 2985 2311 3048 offices

352 3081 421 3139 et
487 3072 985 3141 bannissement
1052 3086 1116 3140 et
1180 3074 1391 3141 aultre
1456 3073 1605 3159 plus
1670 3072 1942 3158 grieffve
2007 3070 2308 3153 punition

353 3158 542 3225 selon
598 3161 660 3225 le
715 3160 1031 3225 demerito
1072 3159 1159 3226 du
1204 3181 1332 3227 cas.
1355 3166 1410 3239 ⁴)
1498 3160 1630 3224 Car
1686 3180 1974 3223 summes
2019 3157 2311 3221 dentiere

352 3246 621 3311 volonte
666 3245 747 3312 de
790 3247 1135 3312 demourer
1178 3269 1260 3312 en
1317 3247 1435 3312 l'us
1491 3247 1604 3310 des
1648 3244 2043 3310 ceremonies
2098 3249 2310 3307 status

351 3339 420 3396 et
464 3331 919 3399 ordonnances
964 3332 1045 3397 de
1106 3354 1272 3397 nous
1315 3333 1574 3416 Eglises
1622 3333 1709 3394 (16
1753 3338 2310 3397 commencement

353 3426 422 3483 et
469 3416 703 3500 depuis
747 3416 841 3483 166
885 3417 1180 3500 disputes
1215 3421 1329 3503 jcy
1368 3432 1433 3483 et
1469 3440 1508 3483 a
1531 3419 1886 3484 Lausanne
1931 3428 2161 3479 tenues
2197 3415 2306 3479 ob·

351 3523 620 3570 servees
672 3514 741 3569 et
795 3504 1042 3569 usitees
1099 3513 1167 3569 et
1222 3503 1450 3588 jcelles
1505 3503 1834 3569 ensemble
1894 3502 1957 3565 la
2015 3501 2307 3566 doctrine

351 3589 828 3674 evangelioque
872 3611 1082 3741 avecg
1129 3590 1302 3656 laide
1347 3590 1427 3656 de
1468 3588 1645 3654 Dieu
1701 3599 1843 3653 tout
1886 3595 2106 3651 nostre
2151 3607 2306 3669 pou·

351 3676 499 3741 voir
555 3676 933 3741 maintenir.
1086 3698 1167 3741 ur
1222 3697 1294 3742 66
1341 3697 1502 3741 vous
1561 3675 1790 3741 saches
1847 3671 2184 3756 conduyre
2243 3683 2308 3736 et

351 3762 738 3827 entretenir.
823 3762 1074 3827 Datum
1123 3766 1223 3826 26.
1270 3762 1564 3826 Ianuarii
1617 3766 1798 3824 1555.

352 3937 480 3944 --,.ν
545 3939 572 3944 ν,
593 3937 766 3945 *—

350 4050 547 4106 Μ.
571 4052 625 4118 1)
659 4052 931 4135 6611661666
969 4051 1047 4106 N.

561 4119 625 4184 2)
663 4121 955 4176 traditione
1010 4119 1088 4175 N.
1139 4150 1209 4161 -
1271 4120 1400 4176 Gela
1452 4135 1509 4174 u
1554 4125 1815 4188 rapporte
1861 4119 1994 4173 ἄκη
2030 4114 2144 4173 οὸῑέ
2177 4120 2214 4173 ὰ
2249 4118 2305 4172 la

347 4194 700 4245 mmm
730 4203 831 4244 m
865 4190 922 4245 la
951 4188 1407 4259 primativa,
1442 4188 1509 4244 de
1542 4187 1737 4243 Ponere
1779 4201 1896 4243 cun
1930 4190 2206 4242 instance-5
2239 4187 2306 4240 do

361 4257 516 4313 Vin-ee
550 4264 604 4313 a
636 4265 883 4314 mmm
913 4260 1167 4314 relat-'m
1201 4259 1241 4314 ὸ
1273 4258 1844 4314 Paeona-animiam.

560 4326 627 4463 {3
661 4327 1230 4480 ἳῗέῗῃᾙῶηςέἰ
1252 4395 1368 4451 cela
1400 4411 1470 4449 ne
1658 4395 1767 4476 ait·
1781 4409 1890 4476 ppo
1924 4393 2223 4476 enan-‘esser
2268 4395 2306 4448 ὰ

348 4461 450 4519 deu
482 4473 657 4534 avete
696 4464 976 4533 Genavam,
1010 4481 1062 4521 οι
1085 4481 1143 4521 ce
1175 4464 1311 4520 n'esi
1346 4466 1383 4520 ἀ
1405 4483 1440 4546 q
1628 4479 1656 4517 ε
1689 4469 1964 4517 munt-§troo
2022 4479 2082 4517 us
2099 4462 2305 4516 desser-

346 4536 541 4588 noim
574 4534 670 4589 des
703 4535 925 4606 61716966
964 4534 1213 4590 Bennoi&
1303 4531 1457 4587 Mass
1488 4533 1648 4613 f'avis
1691 4537 1770 4587 eet
1799 4531 1966 4601 ρέκέν
2069 4537 2121 4586 et
2152 4531 2197 4585 a
2229 4537 2307 4585 eet

339 4601 479 4670 pm
509 4603 732 4658 natural
760 4603 832 4658 dc
863 4619 1059 4670 maer
1084 4605 1124 4660 ὸ
1156 4609 1280 4658 totu
1312 4603 1388 4655 lae
1421 4603 1698 4656 ministres
1721 4600 2003 4669 Franpaic
2038 4600 2113 4654 du
2141 4614 2304 4671 pays.

351 4668 544 4739 Gon-p.
582 4670 865 4728 enine-m
905 4672 1127 4729 Rudent
1163 4672 1253 4726 VI.
1294 4669 1413 4724 123.

2062 450 2223 511 1556
2267 440 2648 514 IANUAR.

4225 444 4366 512 4⁰8

3279 630 3471 702 2⁰⁹7.

2531 786 2655 851 LE
2700 770 3004 853 SENA'I·
3048 784 3176 851 DE
3221 785 3536 852 BERNE
3580 784 3781 853 AUX
3824 785 4226 854 BAILLIS.

2580 955 4217 1040 Oirculairepoerlaquelleilleurestemout‘⁰
4276 959 4367 1025 de

2401 1042 4354 1127 winwaoequelesmjoesBmisazesmnm

2403 1127 2750 1193 domicilia
2800 1149 2921 1194 sur
2973 1129 3028 1195 le
3080 1130 3389 1195 territoire
3429 1130 3504 1194 de
3556 1128 3621 1195 la
3662 1128 4011 1212 seiqneurio
4062 1129 4353 1196 n’aiuent

2393 1234 2525 1296 pas
2563 1217 2947 1281 communier
2990 1214 3033 1279 ὰ
3081 1213 3337 1280 θεπὲυε.

2406 1384 2602 1453 (Oopie
2650 1403 2755 1440 anx
2804 1386 3070 1440 Archives
3112 1384 3632 1519 (geimaqrngzlssgp.)
3658 1387 3786 1440 clar.
3835 1386 3937 1440 vir.
3986 1384 4088 1440 vl.
4134 1384 4255 1439 432.
4297 1415 4363 1424 —

2407 1625 2593 1690 Nous
2648 1625 2981 1710 l'advoyer
3038 1633 3106 1691 et
3157 1624 3401 1690 conseil
3445 1622 3527 1689 de
3571 1624 3789 1690 Berne
3833 1647 3872 1690 a
3935 1638 4155 1691 nostre
4212 1624 4363 1691 bien

3043 1712 3212 1776 aime
3253 1710 3491 1776 Baillif
3528 1710 3723 1776 salut.

2584 1848 2763 1913 Nous
2801 1870 3083 1914 sommes
3110 1849 3399 1916 advertiz
3428 1870 3553 1931 que
3582 1848 3909 1932 plusieurs
3940 1846 4020 1912 de
4048 1865 4167 1910 666
4207 1845 4366 1910 661)-

2409 1936 2572 2000 iectz
2618 1948 2683 1999 et
2728 1933 2978 2001 aultres
3033 1942 3408 2019 estrangers
3463 1933 3796 1999 habitants
3856 1934 4024 1997 riere
4073 1951 4194 1996 nos
4236 1938 4369 1995 ter·

2412 2041 2536 2097 res,
2599 2041 2682 2084 au
2739 2020 2947 2104 grand
2994 2022 3272 2103 mespris
3328 2020 3441 2085 des
3486 2018 3937 2085 ordonnances
3982 2025 4049 2081 et
4110 2017 4372 2081 divines

2412 2106 2813 2172 ceremonies
2869 2106 3120 2188 quelles
3179 2106 3432 2171 usitons
3476 2128 3557 2170 66
3614 2126 3734 2171 666
3792 2104 4044 2189 Eglises
4099 2106 4372 2187 jusques

2412 2194 2537 2278 icy,
2606 2202 2757 2257 sont
2824 2192 2985 2257 allez
3049 2193 3400 2274 participer
3444 2200 3511 2257 et
3576 2190 3856 2274 prendre
3920 2189 3985 2254 la
4050 2187 4228 2254 Oene
4287 2187 4369 2253 de

2415 2288 2640 2343 nostre
2675 2277 2815 2343 seul
2851 2277 3160 2344 saulveur
3194 2285 3236 2342 a
3258 2277 3532 2344 Geneve
3566 2280 3798 2360 jouxte
3834 2277 3931 2341 les
3967 2274 4375 2341 ceremonies

2415 2363 2834 2442 Calvinistae,
2869 2367 2917 2437 ¹)
2955 2371 3021 2428 et
3056 2385 3293 2446 pource
3316 2386 3441 2446 que
3480 2371 3522 2428 6,
3556 2385 3721 2429 6666
3757 2361 4138 2446 appartient
4180 2380 4375 2443 pour·

2415 2451 2562 2515 voir
2606 2472 2720 2515 sur
2760 2470 2850 2529 ce,
2907 2458 2974 2515 et
3018 2451 3192 2515 aussi
3239 2469 3365 2532 que
3422 2450 3689 2514 suivons
3734 2470 3818 2513 66
3863 2468 3978 2513 666
4028 2446 4266 2530 eglises
4308 2444 4377 2508 16

2415 2537 2834 2601 reformation
2880 2536 3304 2619 evangelique
3348 2540 3415 2599 et
3460 2536 3689 2599 aussi*
3734 2556 3858 2617 que
3902 2534 4098 2598 Iesus
4144 2530 4375 2597 Christ

2415 2622 2501 2687 l'a
2544 2622 2866 2699 ordonna,
2926 2642 3088 2686 vous
3133 2621 3597 2686 commendons
3645 2619 3916 2704 doyviez
3982 2623 4373 2682 tresacertes

2417 2707 2829 2773 admonester
2867 2707 3153 2772 nosdictz
3190 2707 3472 2772 subiects
3517 2718 3583 2770 et
3620 2705 3926 2771 habitans
3968 2726 4049 2769 66
4086 2724 4205 2768 666
4240 2712 4375 2766 ter·

2418 2815 2540 2872 res,
2601 2803 2743 2857 tant
2802 2792 3086 2859 francois
3145 2792 3418 2857 11611666
3476 2812 3602 2875 que
3662 2792 3907 2856 aultres
3953 2789 4039 2854 de
4093 2789 4240 2871 quel
4287 2808 4372 2852 66

2415 2879 2644 2944 661166
2711 2877 2904 2961 qu'ilz
2970 2888 3235 2962 soyent,
3296 2900 3381 2943 ne
3448 2888 3647 2961 ayent
3709 2899 3793 2941 66
3858 2877 4158 2960 doyvent
4222 2895 4264 2957 p
4292 2893 4374 2937 66

2416 2966 2560 3030 6166
2636 2986 2808 3041 user,
2846 2965 2989 3030 ains
3017 2984 3259 3049 suyvre
3286 2966 3517 3047 jouxte
3552 2964 3768 3029 lordre
3804 2984 3918 3027 sur
3951 2983 4024 3027 66
4063 2982 4184 3043 par
4205 2979 4374 3023 nous

2416 2986 2704 3117 estahliz.
2766 3051 2858 3117 Et
2891 3051 3005 3117 6116
3030 3071 3112 3116 66
3136 3072 3205 3116 66
3227 3050 3500 3116 veulent
3522 3050 3827 3134 deporter
3848 3046 3929 3113 de
3956 3069 4047 3125 66,
4092 3043 4371 3112 voulons

2414 3139 2605 3204 ieeux
2662 3151 3036 3222 estrangers
3090 3148 3261 3202 estre
3322 3135 3669 3202 dechassez
3723 3145 3789 3201 61
3843 3156 4011 3201 ceux
4083 3130 4369 3215 lesquels

2415 3235 2565 3288 sont
2622 3224 3116 3306 pensionnaires
3177 3223 3485 3288 dessoubs
3528 3233 3750 3287 nostre
3804 3221 4157 3304 puissance
4201 3225 4377 3282 estre

2415 3312 2636 3393 privez
2683 3309 2761 3374 de
2805 3310 2950 3374 leur
2995 3310 3265 3392 pension
3311 3317 3379 3372 et
3422 3307 3769 3373 dechassez
3815 3314 3881 3371 et
3925 3326 4044 3370 nos
4094 3304 4377 3370 subiects

2414 3406 2586 3462 estre
2631 3395 2877 3460 devant
2921 3415 3089 3460 nous
3133 3396 3329 3460 remis
3385 3414 3549 3476 pour
3593 3394 3783 3459 iceux
3828 3392 4027 3476 punir
4079 3407 4144 3455 et
4187 3389 4375 3455 chae-

2412 3483 2538 3547 tier
2587 3484 2822 3565 jouxte
2881 3489 3103 3545 nostre
3146 3481 3275 3546 bon
3332 3480 3590 3561 plaisir:
3653 3490 3719 3544 et
3773 3501 3887 3544 sur
3928 3498 4003 3542 ce
4058 3497 4218 3542 vous
4262 3473 4375 3539 de-

2413 3570 2588 3632 vriez
2645 3565 3102 3651 diligemment
3157 3567 3472 3629 informer
3516 3566 3646 3629 afin
3691 3566 3785 3630 166
3840 3575 4375 3646 transgresseurs

2405 3656 2637 3739 jouxte
2704 3663 2930 3717 nostre
2989 3652 3413 3716 mandement
3477 3652 3676 3732 punir
3732 3661 3799 3715 et
3863 3649 4175 3713 chastier.
4284 3646 4374 3710 Et

2412 3743 2544 3804 afln
2611 3737 2693 3803 de
2758 3760 2831 3804 ce
2896 3758 3218 3821 personne
3277 3738 3433 3801 n’ait
3480 3756 3675 3800 cause
3743 3734 4150 3819 dignorance
4213 3751 4377 3797 nous

2412 3825 2689 3889 voulons
2730 3824 2792 3888 16
2822 3834 3089 3907 present
3109 3822 3531 3888 mandement
3566 3834 3739 3887 estre
3776 3820 3993 3903 public
4041 3841 4122 3883 en
4161 3826 4377 3883 tontes

2409 3910 2505 3977 les
2560 3911 2796 3994 eglises
2854 3909 2935 3973 de
2994 3917 3211 3975 vostre
3268 3907 3563 3992 baillage.
3653 3908 3906 3973 Datum
3961 3904 4066 3970 die
4140 3909 4238 3968 26.
4297 3901 4379 3967 (16

2409 3997 2675 4062 Ianvier
2726 4000 2906 4060 1555.

3164 4288 3572 4299 *—

3285 4509 3491 4581 2⁰98.

2850 4647 3261 4717 VOGTIUS
3304 4644 3940 4716 BULLINGERO.

2585 4821 2743 4905 Ayit
2781 4823 2858 4888 de
2914 4841 3208 4903 responso
3260 4842 3303 4885 a
3350 4817 3845 4899 Schafhusianis
3890 4814 4150 4881 ‹Jalviaew
4204 4815 4371 4895 dato,

2411 4906 2488 4972 de
2524 4907 2726 5006 11116116
2769 4912 2984 4973 contra
3032 4905 3476 4988 Westphazm‚
3524 4904 3742 4969 deinde
3782 4903 3861 4968 de
3901 4919 4098 4966 causa
4133 4897 4372 4967 Locar-

2411 5012 2717 5058 nemum,

2414 5161 2679 5227 20021)
2722 5116 2819 5217 011
2843 5165 2961 5217 voit
2997 5178 3108 5244 pay·
3144 5161 3387 5244 dtas-atres
3429 5161 3742 5215 documento
3786 5174 3890 5241 qap
3930 5158 4178 5213 &etaient
4220 5159 4369 5230 quel·

2412 5248 2544 5314 ques
2573 5232 2816 5313 requaes
2848 5233 3110 5313 franpas?
3142 5230 3390 5284 resudant
3439 5230 3582 5284 dam
3628 5228 3675 5282 le
3719 5243 3936 5283 votsma
3972 5242 4000 5280 e
4042 5226 4110 5281 de
4155 5221 4371 5283 Oeam

2410 5300 3156 5440 ῗῶῖέοιῆἶικῧωωυωη
3190 5298 3335 5354 dam
3367 5304 3498 5354 cette
3539 5296 3678 5352 ville.
3779 5295 3867 5360 (R
4041 5339 4055 5366 ,
4113 5291 4206 5349 v1.
4260 5295 4371 5349 125

3854 5450 3953 5505 261
