4850 6200
374 399 488 462 277

371 585 686 650 elementa
726 592 920 665 atque
961 580 1136 648 idem
1177 580 1536 665 lequuntur
1553 586 1622 645 et
1662 577 1942 646 suadent
1983 581 2300 661 sensibus,

369 669 532 753 quod
573 670 781 734 menti
824 688 1040 734 sermo
1081 676 1153 733 et
1193 666 1466 750 spiritus
1508 679 1630 733 etc.

533 756 794 820 Rursus
835 752 1106 821 ibidem:
1166 752 1445 818 Frustra
1499 771 1634 816 non
1677 761 1836 817 sunt
1876 760 2297 818 sacramenta.

365 840 757 908 Praedicant
797 840 976 905 enim
1015 838 1294 905 salutem
1339 859 1380 903 a
1418 838 1561 903 Deo
1604 836 1845 913 datam,
1899 857 2132 903 sensus
2173 837 2304 904 hue

365 936 756 994 convertunt
769 977 784 1005 ,
862 933 932 990 et
1007 924 1283 991 subinde
1348 923 1545 989 fidem
1608 933 1918 990 exercent
1977 944 2172 1006 quam
2236 932 2304 990 et

362 1032 661 1163 ffifft
703 1010 1159 1180 ⁹X¹t¹q¹⁴32⁰3¹¹⁵11²530
1180 1019 1414 1161 Ἐξ.
1430 1008 1925 1173 tammam.
1891 1018 2303 1179 αηῗῖἓῒῗέἓ

363 1183 533 1249 idem
591 1192 900 1266 operatur
953 1182 1253 1264 spiritus,
1311 1181 1425 1263 qui
1477 1180 1857 1263 inspirando
1915 1201 2093 1247 nunc
2137 1182 2303 1247 eitra

363 1271 876 1334 instrumentum
920 1267 1156 1343 trahit,
1215 1287 1392 1332 nunc
1448 1288 1600 1332 cum
1643 1269 2101 1345 instrumente,
2155 1289 2300 1350 quo,

361 1364 700 1437 quantum,
744 1366 814 1420 et
854 1374 1046 1437 quem
1090 1351 1237 1418 vult
1277 1362 1400 1418 etc.

525 1439 716 1505 Idem
757 1441 844 1505 ad
1159 1438 1573 1505 chri-§bianum
1614 1438 1723 1522 (E.
1766 1438 1928 1504 fineis
1967 1442 2024 1515 2,
2069 1436 2178 1504 fol.
2219 1442 2298 1502 36

359 1538 424 1591 et
458 1527 592 1611 37.)
659 1525 1000 1592 Christum
1043 1523 1370 1590 credimus
1419 1545 1568 1590 vere
1610 1544 1752 1589 esse
1794 1525 1864 1588 in
1908 1545 2123 1601 coena,
2169 1526 2301 1590 imo

358 1632 488 1678 non
545 1610 871 1678 credimus
923 1609 1197 1676 Domini
1252 1630 1396 1675 esse
1451 1630 1750 1685 coenam,
1810 1610 1939 1675 nisi
1993 1608 2301 1677 Christus

359 1697 546 1763 adsit.
639 1696 773 1764 Sed
815 1696 985 1780 quod
1030 1716 1264 1780 corpus
1317 1696 1458 1761 eius
1499 1718 1580 1761 ea
1622 1693 2026 1762 dimensione
2068 1695 2302 1761 edatur

356 1803 482 1866 qua
525 1783 640 1849 isti
700 1783 954 1861 dicunt,
1012 1781 1081 1846 id
1127 1802 1282 1846 vero
1338 1792 1438 1847 est
1482 1803 1522 1846 a
1563 1781 1841 1846 veritate
1893 1791 1962 1846 et
2002 1781 2156 1847 fidei
2198 1784 2298 1847 in·

355 1869 550 1953 genio
595 1869 1089 1934 alienissimum.
1176 1867 1565 1933 Adserimus
1607 1888 1762 1951 ergo
1819 1887 1953 1932 non
2008 1867 2100 1934 sic
2157 1888 2299 1933 car·

355 1956 594 2020 naliter
655 1965 722 2019 et
774 1975 990 2021 crasse
1047 1953 1424 2019 manducari
1482 1973 1717 2035 corpus
1777 1952 2023 2018 Christi
2087 1964 2159 2019 ut
2202 1953 2298 2018 illi

355 2040 732 2124 perhibent:
793 2039 910 2105 sed
966 2059 1202 2105 verum
1246 2039 1497 2105 Christi
1556 2059 1795 2121 corpus
1853 2038 2176 2107 eredimus
2232 2041 2295 2105 in

355 2147 560 2192 coena
600 2126 1159 2192 sacramentaliter
1192 2132 1261 2190 et
1303 2124 1726 2207 spiritualiter
1761 2124 1864 2190 edi
1902 2146 1943 2191 a
1976 2125 2298 2276 religiosa,

355 2210 528 2277 fideli
577 2222 647 2276 et
685 2220 912 2277 sancta
953 2218 1206 2276 mente:
1250 2209 1796 2293 quemadmodum
1841 2219 1906 2275 et
1949 2210 2031 2275 D.
2139 2212 2264 2296 bry

353 2307 680 2364 sodomus
721 2299 925 2363 sentit
958 2306 1077 2361 etc.

523 2383 712 2448 Idem
755 2385 824 2448 in
861 2383 1088 2448 Annei.
1132 2384 1200 2446 in
1239 2380 1576 2447 Iamiam
1618 2384 1784 2464 (cap.
1814 2388 1944 2457 27).
2024 2382 2300 2449 Constat

352 2469 524 2551 quod
591 2489 1013 2552 quaecunque
1078 2466 1396 2553 symbolis
1471 2467 1860 2532 tribuuntur
1939 2468 2086 2533 fidei
2165 2469 2299 2534 sint

395 2554 837 2638 rincipaliter,
895 2554 1012 2619 sed
1053 2557 1228 2620 iusta
1272 2564 1340 2617 et
1382 2572 1592 2635 aequa
1635 2554 1884 2619 ratione
1928 2555 2136 2637 signis
2180 2556 2297 2619 tri-

390 2650 665 2717 uantur,
707 2661 910 2723 quum
932 2638 1102 2722 quod
1147 2660 1299 2722 pars
1342 2640 1728 2704 sacramenti
1776 2649 1930 2704 sunt
1972 2639 2298 2722 (quamvis

348 2725 621 2791 inferior
665 2735 892 2808 utpote
935 2734 1228 2790 externa.
1307 2723 1584 2790 Constat
1627 2727 1804 2789 enim
1846 2746 1926 2790 ex
1973 2726 2294 2808 spirituali

350 2825 416 2877 et
465 2813 791 2896 corporali
849 2814 1363 2891 sacramentum)
1423 2818 1564 2875 tum
1627 2808 1798 2891 quod
1862 2810 2035 2876 idem
2094 2813 2294 2896 signi·

349 2898 558 2962 fleant
607 2898 941 2974 sensibus,
1001 2894 1170 2979 quod
1231 2896 1500 2978 spiritus
1557 2899 1780 2960 menti.
1868 2895 2061 2963 Unde
2105 2917 2298 2963 nemo

351 2990 484 3047 mm
523 2982 706 3050 rudis
734 2992 851 3058 est,
887 3003 1079 3065 quem
1114 2978 1487 3046 huiusmodi
1509 2981 1920 3065 hyperochae
1943 2981 2296 3062 offendant,

351 3067 608 3135 Christi
651 3088 882 3135 verum
938 3089 1172 3152 corpus
1223 3067 1295 3132 in
1351 3086 1554 3133 coena
1597 3088 1750 3133 vere
1792 3067 2038 3144 edit-ur,
2096 3089 2297 3151 quum

349 3157 541 3237 panis
597 3164 666 3222 et
719 3157 947 3220 vinum
999 3153 1414 3238 praebentur.
1519 3153 1767 3219 Verum
1833 3155 2008 3219 enim
2066 3175 2299 3238 corpus

349 3260 484 3306 non
521 3241 761 3306 falsum
791 3240 1162 3323 assumpsit.
1229 3238 1404 3304 Vere
1437 3239 1576 3304 edit
1608 3260 1794 3306 mens
1828 3240 2057 3320 fidelis,
2095 3262 2296 3324 quum

348 3348 478 3393 non
551 3326 859 3392 simulate
921 3325 1156 3409 recipit
1220 3323 1592 3404 Christum,
1670 3346 1868 3408 quum
1938 3346 2090 3391 vere
2155 3326 2301 3392 fidit

353 3411 643 3488 Christo,
695 3411 815 3478 sed
861 3410 1009 3477 vide
1051 3431 1134 3476 an
1197 3431 1325 3476 non
1381 3411 1544 3476 haec
1600 3411 1822 3476 omnia
1873 3433 2078 3495 quum
2121 3434 2298 3497 sym-

346 3496 520 3563 bolis
565 3497 888 3574 dicantur,
950 3518 1078 3563 non
1124 3506 1348 3561 tamen
1383 3495 1631 3563 virtute
1676 3496 2141 3581 symbolorum,
2183 3498 2295 3564 sed

350 3585 622 3667 spiritus
667 3605 744 3651 ac
786 3582 941 3649 fidei
983 3582 1362 3666 operatione
1404 3583 1595 3659 fiant,
1651 3593 1727 3647 ut
1770 3581 2119 3650 alloeoseos
2164 3585 2296 3650 vir·

349 3677 490 3735 tute
534 3668 853 3753 symbolis
897 3668 1225 3735 tribuatur
1259 3667 1446 3733 alteri
1491 3670 1881 3735 sacramenti
1919 3670 2087 3751 parti
2126 3669 2296 3753 quod

347 3754 502 3820 fidei
566 3755 769 3822 solius
822 3753 1199 3837 (dummodo
1253 3775 1390 3818 rem
1436 3753 1516 3820 ad
1579 3755 1803 3820 vivum
1847 3775 2138 3820 resecare
2184 3778 2294 3821 vo·

347 3839 599 3916 lumus)
643 3863 784 3907 esse
825 3842 1254 3923 cognoscitur.
1324 3840 1572 3906 Verum
1615 3861 1772 3924 ergo
1814 3861 2048 3922 corpus
2091 3862 2294 3923 quum

346 3926 451 3992 edi
497 3926 759 4006 dicitur,
815 3924 978 3992 illud
1024 3946 1250 3991 verum
1307 3946 1542 4009 corpus
1595 3925 1768 4007 quod
1821 3927 1996 3991 coelo
2037 3925 2294 3992 illatum

349 4021 450 4079 est
506 4011 973 4097 intelligimus,
1032 4010 1148 4077 sed
1201 4011 1363 4077 illud
1420 4011 1639 4093 ipsum
1697 4031 1830 4077 non
1887 4012 2291 4090 naturaliter,

349 4098 474 4165 hcc
517 4105 624 4165 est
675 4096 1223 4181 quemadmodum
1279 4098 1494 4180 ipsum
1554 4097 1852 4165 naturale
1909 4107 2037 4172 est,
2096 4099 2294 4164 etiam

347 4184 745 4250 naturaliter
787 4206 827 4248 a
869 4183 1055 4250 nobis
1098 4182 1333 4258 editur,
1377 4182 1490 4248 sed
1535 4183 1965 4264 spiritualiter
2007 4184 2114 4249 hic
2158 4182 2294 4249 edi-

346 4291 516 4348 mus,
564 4269 736 4353 quod
778 4271 925 4335 istie
967 4269 1355 4335 naturaliter
1397 4277 1498 4334 est
1539 4278 1656 4334 etc.

522 4356 611 4422 D.
657 4355 943 4422 Ioannes
991 4355 1506 4438 Oeoolampadius
1559 4356 1630 4419 in
1684 4354 1956 4420 secunda
2011 4356 2182 4421 iusta
2238 4361 2295 4421 et

345 4460 554 4523 aequa
596 4441 684 4507 ad
722 4441 811 4507 D.
855 4440 1116 4507 maeri
1156 4441 1390 4523 oon-ipta
1440 4441 1864 4521 responsione,
1922 4443 2293 4525 germanice

347 4525 525 4605 data,
589 4547 704 4611 per
743 4528 1074 4611 integrum
1119 4537 1314 4608 caput
1361 4527 1436 4590 18
1479 4524 1659 4592 aliud
1703 4525 1868 4591 nihil
1912 4527 2051 4610 agit
2093 4547 2292 4610 quam

345 4623 426 4680 ut
484 4613 888 4680 demonstret
944 4633 1018 4678 se
1067 4623 1135 4677 et
1179 4610 1557 4696 Zooinfflim
1608 4633 1939 4695 nunquam
1998 4612 2293 4680 docuisse

345 4697 606 4798 nudum
646 4699 979 4799 duntaxat.
1019 4719 1161 4764 esse
1204 4698 1276 4762 in
1317 4720 1518 4766 coena
1562 4719 1794 4781 panem
1811 4748 1826 4774 ,
1886 4705 2001 4763 aut
2042 4699 2292 4765 nudum

346 4803 420 4851 ¹¹²
462 4795 1411 4953 “12⁸'m1223-‘3323¹{¹33;?250m
1453 4869 1587 4947 «οι.
1636 4875 1772 4947 120,
1817 4869 1983 4935 faoi.
2021 4873 2089 4944 2)
2134 4870 2292 4938 ὤση

355 4955 904 5109 Οωοῑωὲιαδάιεε
981 4955 1183 5021 Nullo
1258 4965 1447 5039 pacto
1525 4976 1841 5040 negamus
1901 4977 2020 5021 nos
2095 4956 2289 5022 edere

510 5063 584 5108 ns
665 5042 860 5108 bristi
897 5052 964 5108 et
980 5041 1203 5109 bibere
1245 5042 1385 5107 eius
1425 5043 1835 5125 sanguinem,
1879 5039 1992 5107 sed
2035 5042 2288 5108 edimus

348 5136 419 5193 et
517 5128 753 5194 ibimus
808 5127 1239 5210 spiritualiter
1293 5148 1411 5210 per
1463 5127 1661 5193 fldem
1714 5137 1783 5192 et
1837 5147 1982 5192 eam
2024 5127 2282 5210 quidem

347 5232 485 5296 qua
543 5213 868 5280 credimus
923 5234 1043 5278 nos
1095 5214 1240 5279 Deo
1299 5213 1467 5295 patri
1527 5233 1646 5296 per
1702 5223 1979 5278 mortem
2035 5212 2284 5279 Christi

348 5299 798 5365 reconciliatos
833 5320 1002 5365 esse:
1048 5318 1185 5364 non
1219 5318 1336 5381 per
1369 5298 1548 5366 illam
1583 5297 1779 5364 fidem
1815 5320 1945 5383 qua
1976 5298 2282 5378 creditur,

2089 398 2252 459 1554
2295 391 2620 461 OO'POB.

4219 401 4343 463 278

2403 601 2639 664 corpus
2705 580 2955 650 Christi
3025 580 3253 651 adesse
3318 584 3443 651 sub
3506 605 3676 667 pane
3743 584 4164 669 corporaliter
4235 587 4343 653 vel

2403 666 2939 735 substantialiter.

2574 752 2763 819 Idem
2805 756 2873 820 in
2899 754 3317 837 lie-sponsione
3358 758 3444 823 ad
3490 755 3656 822 Pha.
3684 754 4073 822 Melanehth:
4116 754 4339 823 Sicubi

2489 840 2596 905 nis
2637 838 2911 905 Domini
2969 838 3210 907 dicitur
3262 861 3502 926 corpus
3556 841 3825 907 Domini
3882 863 4016 908 non
4075 855 4342 907 conten-

2473 946 2637 991 mus.
2739 926 2907 991 Nam
2968 938 3035 991 et
3098 947 3218 991 nos
3282 928 3377 993 sic
3440 926 3867 1011 appellamus,
3932 948 4067 992 non
4130 927 4343 993 solum

2403 1010 2575 1093 quod
2631 1032 2671 1076 a
2722 1012 3008 1078 Domino
3065 1020 3288 1078 nostro
3343 1012 3496 1079 Iesu
3550 1012 3815 1078 Christo
3869 1031 4070 1079 coena
4119 1021 4345 1080 sancte

2403 1096 2660 1163 initiata
2693 1111 2760 1163 et
2792 1097 3094 1163 instituta
3136 1098 3241 1173 sit,
3286 1098 3400 1164 sed
3444 1098 3643 1165 etiam
3677 1096 3849 1181 quod
3882 1099 3952 1163 in
3989 1118 4068 1163 ea
4102 1099 4343 1166 sancti·

2402 1184 2687 1247 ficatoris
2726 1185 2995 1267 spiritus
3053 1184 3261 1250 sancti
3311 1185 3655 1250 mirificam
3696 1185 4135 1266 operationem
4179 1184 4341 1250 fide-

2403 1267 2566 1332 lium
2608 1280 2870 1351 pectora
2910 1270 3355 1353 experiuntur.
3443 1269 3643 1335 Item:
3703 1270 3853 1335 Non
3911 1269 4183 1334 dicimus
4227 1290 4341 1353 pa·

2402 1373 2557 1418 nem
2601 1353 2776 1420 hunc
2835 1354 3086 1420 nudum
3143 1354 3403 1438 quidem
3460 1356 3721 1438 signum
3780 1356 3848 1420 in
3920 1375 4152 1431 coena,
4224 1354 4341 1419 sed

2402 1439 2637 1505 efficax
2678 1439 3151 1522 quodammodo
3192 1450 3505 1523 operante
3539 1440 3773 1524 spiritu
3816 1448 4039 1506 sancto
4081 1441 4151 1504 in
4188 1438 4343 1505 fide-

2402 1524 2565 1589 lium
2580 1533 2787 1603 coetu,
2811 1534 2888 1591 ut
2906 1528 3023 1591 fiat
3044 1525 3324 1593 nobilius
3347 1524 3666 1609 quoddam
3693 1536 3759 1590 et
3779 1526 4065 1591 sanetius
4086 1545 4340 1608 corpus,

2405 1610 2586 1677 nobis
2623 1609 2886 1678 Christo
2929 1612 3128 1695 capiti
3169 1613 3240 1676 in
3277 1634 3481 1678 unum
3525 1633 3762 1697 corpus
3806 1611 4125 1676 adunatis.
4189 1611 4341 1676 Hoc

2401 1716 2605 1778 quum
2662 1694 2973 1773 dicimus,
3028 1698 3299 1763 minime
3357 1698 3701 1763 Christum
3760 1719 3800 1761 a
3858 1718 4062 1763 coena
4117 1697 4341 1763 abesse

2402 1783 2772 1848 asserimus.
2877 1782 2980 1849 Ad
3045 1784 3204 1849 haec
3269 1804 3405 1849 non
3471 1783 3824 1849 auferimus
3881 1806 3916 1847 e
3973 1804 4174 1848 coena
4227 1781 4343 1847 ali-

2401 1877 2699 1933 mentum
2778 1869 2951 1934 vitae
3027 1890 3292 1934 earnem
3368 1879 3434 1934 et
3501 1869 3881 1953 sanguinem
3947 1868 4194 1934 Christi
4274 1879 4341 1932 et

2402 1951 2735 2019 Christum
2793 1956 3026 2037 ipsum.
3126 1954 3298 2020 Nam
3366 1954 3495 2021 nisi
3565 1955 3820 2019 animae
3884 1962 4149 2020 nostrae
4217 1953 4339 2018 hoc

2405 2039 2643 2121 pabulo
2700 2039 2944 2105 fuerint
2998 2048 3239 2122 pastae,
3299 2060 3705 2124 nequaquam
3754 2041 3951 2105 vitam
3998 2039 4344 2106 habiturae

2402 2134 2575 2190 sunt.
2681 2126 3031 2191 Praeterea
3094 2148 3429 2208 nunquam
3498 2148 3530 2188 a
3601 2124 3785 2191 nobis
3851 2136 4159 2209 negatum
4225 2134 4344 2203 est,

2268 2247 2297 2259 -
2402 2211 2559 2294 quin
2620 2232 2823 2277 coena
2879 2212 3076 2277 etiam
3142 2212 3296 2277 fidei
3351 2214 3619 2288 serviat,
3690 2233 3886 2295 quum
3961 2207 4344 2277 excitandae

2404 2310 2546 2360 tum
2600 2296 2952 2382 augendae.
3043 2299 3133 2363 Et
3186 2299 3437 2381 reliqua
3492 2308 3609 2363 etc.
3700 2297 4040 2363 Secundae
4086 2317 4347 2378 respon-

2401 2382 2566 2447 sioni
2638 2384 3046 2466 germanicae
3114 2384 3196 2448 D.
3260 2382 3720 2464 Oecolampadii
3776 2383 3857 2447 D.
3922 2381 4188 2448 [anthero
4264 2381 4344 2447 de

2403 2466 2818 2534 Eucharistia
2857 2468 3067 2545 datae,
3126 2471 3416 2552 praefixa
3459 2480 3560 2534 est
3617 2469 3697 2533 D.
3753 2467 4218 2547 Oecolampadii
4262 2466 4343 2531 ad

2402 2552 2488 2618 D.
2549 2553 2915 2637 Zuinylium
2972 2554 3275 2637 epistola,
3334 2576 3465 2638 qua
3523 2554 3761 2619 diserte
3816 2562 4095 2618 testatur
4152 2574 4343 2618 suum

2403 2660 2550 2704 cum
2599 2639 2893 2722 Zuinylio
2935 2661 3355 2718 eonsensum,
3416 2651 3492 2706 ut
3534 2650 3601 2704 et
3644 2639 3750 2703 hic
3794 2660 3921 2703 non
3970 2638 4170 2704 semel
4215 2650 4345 2703 tes-

2402 2733 2579 2790 tatus
2623 2739 2741 2802 est,
2795 2747 2865 2790 se
2909 2725 3134 2791 eadem
3178 2726 3249 2790 in
3294 2726 3611 2809 religione
3654 2734 3721 2789 et
3764 2724 4161 2789 eucharistia
4203 2745 4347 2789 sen-

2401 2811 2526 2875 tire
2568 2831 2716 2877 cum
2768 2809 3248 2894 OeoolampadiO.

2574 2896 2923 2962 Caeterum
2967 2918 3168 2979 quum
3212 2896 3295 2961 ad
3338 2897 3513 2962 hunc
3558 2895 3821 2961 modum
3867 2894 4017 2960 boni
4060 2893 4170 2960 isti
4214 2895 4343 2957 viri

2401 2981 2485 3046 D.
2546 2981 2885 3066 Zm'nylius
2943 2994 3009 3049 et
3063 2983 3148 3048 D.
3214 2982 3727 3064 oecolampadius
3797 2980 3878 3046 de
3948 2980 4346 3045 eucharistia

2400 3078 2748 3134 senserunt
2802 3078 2867 3134 et
2925 3089 3004 3136 ea
3047 3090 3211 3152 quae
3265 3080 3368 3147 tu,
3430 3068 3636 3133 frater
3682 3066 3966 3142 Calvina,
4024 3064 4345 3148 collegisti

2400 3163 2861 3221 concesserunt
2913 3177 2989 3222 ac
3032 3154 3421 3234 docuerunt,
3478 3154 3632 3236 quid
3688 3155 3939 3218 interea
3981 3149 4343 3217 Lutkerus?

2400 3241 2791 3306 Porrexitne
2848 3241 2978 3306 illis
3032 3240 3382 3306 dextram?
3463 3239 3741 3305 Minime
3785 3239 4100 3323 gentium.
4189 3237 4251 3301 N
4256 3257 4342 3302 on

2400 3327 2574 3392 enim
2619 3326 2812 3392 desiit
2853 3325 3165 3392 damnare
3209 3348 3410 3410 quum
3453 3327 3630 3409 ipsos
3672 3332 3817 3389 tum
3861 3325 4150 3407 ipsorum
4195 3322 4345 3389 doc·-

2400 3413 2672 3488 trinam,
2740 3413 3028 3478 maxime
3096 3433 3297 3494 quum
3368 3411 3627 3478 audiret
3682 3409 3851 3476 bello
3906 3410 4342 3491 interceptum

2399 3518 2542 3563 esse
2598 3495 2983 3581 Zuinylium,
3048 3498 3592 3580 Oecdampadium
3644 3516 3800 3564 vero
3846 3492 4157 3561 anthrace
4227 3515 4343 3560 ex-

2398 3582 2730 3649 stinctum.
2818 3581 2985 3648 Inde
3042 3604 3197 3649 vero
3269 3580 3592 3666 gloriandi
3664 3581 3916 3664 accepit
3978 3580 4338 3660 materiam,

2398 3668 2944 3751 asseverandique
2985 3677 3333 3750 utrumque
3367 3677 3632 3751 propter
3661 3687 3934 3750 pravam
3980 3666 4059 3730 de
4101 3664 4337 3730 eucha-

2397 3755 2589 3821 ristia
2631 3753 2993 3820 doctrinam
3052 3775 3194 3820 esse
3252 3755 3581 3819 sublatum
3626 3752 3914 3834 adeoque
3954 3760 4023 3816 et
4066 3749 4337 3816 damna-

2398 3847 2557 3905 tum.
2624 3837 2809 3905 Idem
2854 3841 3192 3922 Principes
3235 3839 3612 3905 adhortatus
3656 3852 3755 3903 est
3800 3837 4024 3923 (1532)
4069 3849 4143 3900 ut
4184 3837 4335 3901 reli-

2397 3927 2583 4009 quias
2625 3925 3279 3993 sacramentariorum
3314 3924 3421 3990 vel
3454 3925 3715 3991 eiiciant
3751 3924 3819 3988 iu
3863 3922 4184 3996 exsilium,
4231 3922 4333 3987 vel

2398 4033 2664 4095 prorsus
2741 4012 3110 4094 exstirpent
3188 4010 3419 4095 gladio.
3529 4010 3661 4077 Ubi
3733 4009 3929 4074 etiam
4003 4006 4336 4089 Quinque—

2532 4098 2642 4162 ‘cis
2687 4105 3024 4164 succenset
3066 4096 3237 4179 quod
3283 4097 3646 4162 doctrinam
3710 4106 3996 4160 nostram
4042 4114 4177 4158 non
4220 4116 4332 4158 ex-

2396 4183 2455 4248 ci
2500 4192 2697 4248 erunt
2738 4183 3015 4266 penitus.
3104 4182 3391 4248 Exstant
3446 4182 3645 4248 huius
3701 4182 3790 4245 rei
3852 4180 4221 4245 testimonia
4263 4181 4334 4242 in

2397 4268 2604 4350 Epist.
2648 4269 2908 4333 Lutheri
2962 4269 3047 4333 ad
3107 4268 3532 4333 Marchioaem
3590 4265 4208 4348 Brandeburqenaem
4261 4273 4329 4328 et

2393 4354 2466 4419 in
2523 4353 2688 4419 libro
2742 4353 3111 4437 germanice
3169 4353 3344 4419 edito
3403 4363 3631 4420 contra
3664 4351 3962 4432 ‚Missam
4005 4351 4331 4431 privatam

2393 4460 2588 4522 quam
2657 4440 2797 4523 ipse
2869 4439 3238 4523 appellabat
3299 4440 3401 4504 die
3459 4438 3908 4505 Winckelmc'iss
3972 4447 4091 4500 etc.
4165 4455 4330 4516 quae

2393 4526 2614 4590 omnia
2675 4525 2936 4607 scripsit
3005 4526 3395 4624 germanice.
3495 4525 3703 4589 Porro
3756 4543 3954 4606 quum
4015 4523 4142 4586 ista
4194 4541 4328 4584 non

2392 4612 2526 4678 sint
2570 4612 2791 4693 paucis
2844 4619 3123 4694 cogmta‚
3186 4611 3300 4676 sed
3359 4611 3474 4675 toti
3535 4630 3735 4693 prope
3790 4608 3928 4673 orbi
3970 4615 4327 4689 persmcta,

2391 4718 2608 4762 annon
2665 4696 3064 4764 divexandos
3117 4707 3185 4762 et
3238 4693 3617 4762 lacerandos
3669 4692 4017 4759 crudeliter
4061 4713 4177 4756 nos
4220 4691 4330 4756 ob-

2389 4784 2733 4849 iiceremus
2798 4781 3198 4848 Lutheranis
3270 4783 3327 4847 si
3399 4780 3724 4846 communi
3789 4785 4010 4843 nostro
4066 4777 4328 4842 nomine
4375 4784 4389 4794 '

2389 4868 2749 4946 ederemus,
2794 4888 2961 4951 quae
3004 4877 3076 4932 tu
3120 4868 3351 4933 scribis
3396 4866 3475 4930 de
3515 4865 3769 4931 Lutheri
3810 4864 4135 4930 sententia
4173 4882 4327 4927 con-

2387 4955 2810 5037 sensioneque
2845 4954 2984 5020 eius
3026 4974 3175 5019 cum
3211 4953 3318 5018 his
3353 4951 3462 5034 qui
3505 4951 3631 5017 ista
3672 4970 3835 5033 quae
3879 4948 4132 5033 colligis
4173 4969 4328 5015 eon-

2388 5039 2670 5108 cedaut‘?
2739 5039 2935 5105 Certe
2977 5061 3060 5104 cx
3104 5039 3226 5104 hac
3260 5039 3454 5104 unica
3501 5058 3572 5101 re
3605 5036 3888 5121 plurima
3929 5035 4059 5100 alia
4100 5042 4331 5122 eontra

2388 5147 2508 5192 nos
2532 5125 2709 5192 haud
2746 5126 2941 5191 dubie
2976 5133 3377 5209 spargerent,
3413 5144 3577 5206 quae
3621 5144 3749 5188 non
3794 5121 3984 5186 modo
4026 5141 4163 5199 nos,
4209 5120 4325 5185 scd

2386 5212 2825 5279 ministerium
2891 5223 3184 5277 nostrum
3244 5210 3527 5276 maxime
3592 5206 3941 5274 redderent
4006 5214 4327 5290 suspecta.

2387 5298 2480 5366 Ut
2513 5308 2731 5364 autem
2768 5295 2979 5364 adhuc
3015 5297 3294 5363 crassius
3322 5296 3693 5379 loquentem
3718 5290 3942 5359 audias
3969 5293 4325 5368 Laterum,

3819 5395 3914 5449 18·
