4850 6200
353 431 474 494 693
2166 426 2328 490 1555
2372 424 2556 492 IUL.
4231 430 4362 494 694

355 629 601 699 ceptus,
645 616 762 699 qui
804 636 846 680 a
897 637 1005 682 me
1059 616 1306 700 aliquid
1365 619 1436 681 in
1486 616 1611 683 hoc
1668 634 1912 701 genere
1975 614 2297 697 praestari

354 723 543 785 posse
587 702 1059 769 existimarent.
1162 702 1351 769 Bene
1408 703 1579 781 vale,
1636 703 1730 766 mi
1783 700 2031 785 optime
2088 709 2293 783 pater.

350 787 676 854 Dominus
701 789 887 855 Iesus
910 800 976 854 te
1001 789 1213 874 magis
1245 810 1320 855 ac
1358 789 1571 874 magis
1608 787 1821 853 indies
1844 788 2188 854 confirmet
2229 795 2300 851 et

352 895 506 940 suae
528 874 840 942 ecelesiae
861 875 1252 941 incolumem
1276 887 1516 942 servet.
1562 875 1961 940 Lausannae
1990 877 2093 936 21.
2119 872 2296 937 Iulii.

1320 1013 1442 1077 Th.
1490 1012 1668 1077 Beza
1709 1010 1906 1095 plane
1952 1021 2122 1075 tuus.

1110 1304 1497 1321 0——

1222 1541 1420 1611 2250.

824 1680 1300 1748 OALVINUS
1345 1681 1809 1747 PARELLO.

522 1853 692 1935 Quid
725 1854 856 1917 iam
898 1854 970 1917 in
1012 1873 1207 1919 causa
1229 1854 1664 1919 seditiosorum
1697 1860 1904 1919 actum
1930 1852 2015 1916 sit
2037 1860 2093 1916 et
2106 1872 2300 1932 porro

344 1943 551 2004 actum
594 1940 685 2003 iri
726 1944 1011 2021 oporteat.
1072 1940 1322 2020 Captivi
1369 1940 1855 2006 Canoeracenses.
1918 1937 2301 2005 mutationes

348 2025 421 2089 in
464 2026 809 2090 ministerio
858 2026 1225 2092 Genevensi.

346 2195 459 2278 (Ex
496 2197 834 2265 autographo
870 2197 1001 2252 Cod.
1030 2202 1242 2279 ’Genen
1280 2196 1424 2263 107⁸,
1463 2199 1551 2250 fol.
1590 2196 1707 2251 111.
1745 2198 2052 2266 -Legitur
2085 2214 2301 2319 guoque

348 2282 403 2319 in
441 2265 573 2319 eod.
614 2264 729 2330 108,
767 2267 856 2320 fol.
892 2265 989 2330 51;
1026 2268 1260 2390 inlefipg:
1300 2268 1600 2403 iza-383}
1636 2284 1687 2337 p.
1725 2265 1830 2321 468
1875 2274 1932 2321 et
1979 2285 2084 2336 apu
2170 2267 2302 2321 Sim·

343 2506 616 2571 Eximio
677 2507 935 2573 Christi
1006 2528 1196 2573 servo
1254 2507 1618 2573 Guillelmo
1674 2508 1935 2573 Farello
1990 2508 2302 2575 ecclesiae

343 2591 813 2658 Neocomensis
857 2592 987 2658 fido
1030 2595 1280 2677 pastori
1343 2594 1531 2658 fratri
1577 2602 1644 2658 et
1697 2606 2103 2678 symmystae
2147 2616 2300 2659 vere

1068 2679 1234 2744 mihi
1279 2680 1568 2745 colendo.

522 2832 591 2898 S.
664 2832 858 2914 Quod
904 2834 983 2899 de
1037 2834 1219 2899 urbis
1273 2847 1535 2900 nostrae
1592 2844 1771 2900 statu
1827 2836 2041 2901 rarius
2094 2833 2176 2900 ad
2238 2848 2302 2901 te

342 2920 581 2998 scribo,
625 2942 849 2985 eorum
897 2922 1113 3003 potius
1160 2920 1457 2985 tarditati
1501 2923 1760 3004 imputa
1817 2942 1857 2986 a
1900 2921 2134 3006 quibus
2187 2943 2300 3005 pe-

345 3004 547 3070 tenda
591 3022 725 3071 erat
775 3006 1103 3072 scribendi
1148 3008 1473 3083 materies,
1521 3028 1717 3090 quam
1756 3029 1939 3073 meae
1972 3008 2297 3091 pigritiae.

342 3091 522 3158 Nam
569 3092 723 3158 dum
772 3108 1031 3177 tempus
1075 3093 1253 3159 lento
1297 3115 1647 3178 progressu
1709 3093 2096 3170 extrahitur,
2143 3095 2302 3160 seri-

342 3178 501 3244 bere
546 3200 652 3244 me
696 3180 901 3262 pudet
965 3179 1295 3244 nihildum
1356 3201 1503 3245 esse
1560 3191 1799 3246 actum.
1905 3179 2123 3260 Quam
2178 3183 2300 3246 im-

340 3264 547 3348 probe
591 3267 897 3332 tenebras
950 3267 1020 3330 in
1062 3276 1273 3331 morte
1336 3266 1675 3332 offundere
1718 3267 1934 3332 conati
1983 3269 2117 3331 sint
2170 3267 2299 3332 duo

341 3350 607 3428 fratres,
654 3350 832 3416 haud
869 3352 1066 3416 dubie
1093 3352 1259 3419 istuc
1305 3363 1408 3417 est
1433 3353 1777 3435 perlatum.
1853 3353 2041 3418 Bene
2077 3367 2300 3418 tamen

342 3448 443 3503 est
489 3437 657 3519 quod
701 3437 1004 3503 omnibus
1043 3439 1384 3521 perspicua
1419 3450 1519 3503 est
1561 3460 1784 3504 eorum
1822 3440 2136 3521 nequitia,
2175 3440 2300 3504 nisi

340 3524 491 3607 quis
527 3535 760 3607 sponte
800 3523 1134 3590 caecutiat.
1224 3524 1311 3587 Et
1345 3537 1522 3591 certe
1559 3525 1723 3590 mihi
1760 3546 2145 3607 persuasum
2182 3537 2300 3603 est,

340 3630 479 3675 non
527 3609 773 3693 absque
832 3623 1009 3675 certo
1056 3611 1178 3674 Dei
1240 3609 1479 3676 iudicio
1540 3610 1663 3676 sub
1721 3633 1921 3675 manu
1978 3612 2302 3677 carnificis

337 3706 608 3780 praeter
638 3695 923 3761 iudicum
955 3697 1349 3761 sententiam
1388 3698 1614 3762 ambos
1637 3700 1906 3780 longum
1936 3698 2300 3763 cruciatum

336 3782 708 3865 pertulisse.
740 3783 787 3867 ¹)
884 3783 1080 3846 Nunc
1142 3804 1296 3848 vero
1356 3783 1470 3866 qui
1522 3783 1589 3848 in
1656 3783 1934 3848 vinculis
1990 3793 2303 3849 tenentur

339 3888 572 3932 eorum
619 3869 869 3952 flagitia
912 3869 1071 3933 satis
1131 3881 1352 3952 aperte
1407 3867 1741 3952 detegunt,
1800 3890 2175 3952 quanquam
2230 3870 2301 3935 hi

340 3974 603 4037 quoque
681 3954 933 4019 iudices
1010 3975 1161 4018 suos
1237 3977 1452 4020 crasse
1529 3954 1866 4020 deludunt.
1988 3953 2302 4022 Claudius

338 4040 610 4117 nothus,
630 4041 688 4120 ²)
713 4060 903 4122 quem
931 4041 1055 4105 scis
1081 4041 1381 4104 intimum
1407 4041 1608 4106 fuisse
1635 4041 1919 4118 Perrino,
1958 4041 2298 4107 scelestam

339 4133 407 4190 et
466 4126 785 4190 nefariam
842 4127 1389 4209 conspirationem
1452 4128 1723 4204 retexit,
1786 4149 1950 4209 quae
2006 4126 2297 4192 nondum

337 4223 680 4294 comperta
714 4213 943 4276 suerat.
1036 4212 1447 4277 Bertellerius
1486 4213 1710 4277 iunior
1742 4212 2081 4279 hominem
2125 4215 2298 4280 iactu

336 4295 578 4380 lapidis
602 4307 998 4380 prostratum
1045 4321 1083 4363 a
1123 4320 1193 4364 se
1230 4298 1434 4364 fuisse
1470 4320 1603 4363 non
1627 4309 1840 4381 negat.
1903 4297 2037 4364 Sed
2063 4297 2298 4365 deinde

338 4384 536 4448 ambo
603 4384 962 4467 puerilibus
1040 4385 1293 4450 cavillis
1372 4386 1593 4450 fucare
1670 4386 1892 4450 omnia
1956 4397 2295 4450 conantur.

336 4467 736 4534 Videbimus
782 4481 1000 4534 tamen
1048 4483 1198 4536 ante
1243 4470 1535 4549 biduum,
1594 4483 1667 4535 ut
1711 4494 1919 4555 spero,
1965 4471 2121 4553 quid
2166 4471 2299 4538 illis

338 4565 733 4639 extorqueat
790 4556 1096 4638 quaestio,
1202 4558 1408 4622 Porro
1469 4579 1554 4622 ne
1609 4559 1836 4622 urbem
1896 4567 1994 4622 tot
2051 4558 2299 4624 civium

338 4640 671 4720 absentia,
738 4642 906 4725 quod
992 4664 1108 4726 per
1185 4643 1539 4708 ludibrium
1608 4645 1945 4709 iactabant
2014 4643 2297 4728 fugitivi,

335 4730 650 4794 vastitate
674 4726 1010 4805 deformet,
1056 4737 1401 4795 revocatus
1426 4739 1527 4795 est
1550 4752 1590 4794 a
1612 4751 1928 4812 praecone
1966 4729 2298 4796 Vendelius

337 4834 489 4879 cum
528 4833 771 4899 magna
805 4821 1088 4880 caterva.
1112 4819 1164 4893 ³)

336 5105 605 5172 2250.1)
646 5106 819 5161 Ouium
852 5114 1033 5161 tanen
1065 5106 1342 5174 imperitia
1376 5109 1503 5160 talis
1534 5106 1649 5170 fuit
1693 5112 1754 5161 ut
1786 5113 2009 5162 senatu
2045 5107 2300 5177 publicae

336 5176 718 5243 &diffactioni
750 5192 951 5231 morem
983 5190 1175 5245 aerem
1207 5190 1322 5229 eum
1360 5176 1552 5229 exsilio
1588 5175 1883 5230 mulctavit.

546 5243 607 5310 2)
646 5250 860 5299 nostras
893 5261 1081 5315 apoqr.
1117 5245 1316 5298 omnia.

550 5315 609 5381 3)
649 5314 864 5368 Devant
898 5331 1004 5383 que
1036 5314 1172 5368 faire
1204 5313 1412 5366 mourir
1443 5312 1525 5366 les
1559 5311 1877 5382 Comparets
1920 5314 2009 5366 lon
2052 5311 2118 5366 fit
2152 5314 2296 5367 crier

337 5388 399 5437 et
433 5384 740 5452 proclamer
771 5389 896 5437 tous
931 5384 1011 5436 les
1044 5383 1330 5450 seconlpez
1365 5397 1572 5436 comme
1607 5383 1697 5436 lon
1734 5382 1923 5436 havoit
1964 5382 2097 5436 faiet
2137 5399 2293 5451 pera·

2575 613 2680 679 De
2720 614 3038 680 fratribus
3079 614 3322 681 nostris
3366 614 3479 699 qui
3522 612 3861 684 Cameraci
3919 623 4231 683 tenentur
4285 616 4364 684 in

2399 719 2659 766 carcere
2719 720 2850 765 non
2917 699 3097 766 aliud
3160 700 3233 766 in
3305 701 3677 785 praesentia
3731 702 4018 770 scribere
4072 700 4358 788 expedit,

2398 782 2530 851 nisi
2571 785 2944 852 incredibili
2987 785 3325 853 alacritate
3370 786 3455 853 ad
3491 795 3767 853 mortem
3802 787 4171 855 obeundam
4214 809 4360 856 esse

2399 873 2740 938 accinctos.
2843 872 3087 938 Exitus
3129 873 3202 937 in
3244 871 3378 938 Dei
3420 894 3628 939 manu
3670 873 3886 941 adhuc
3929 874 4193 941 clausus
4234 896 4361 942 nos

2397 957 2578 1023 latet.
2670 959 2856 1023 Duas
2899 957 2982 1022 ab
3025 958 3154 1025 illis
3199 958 3507 1042 epistolas
3541 960 3935 1043 accepimus,
3973 981 4253 1045 quarum
4286 963 4360 1026 in

2398 1044 2618 1127 priore
2661 1052 2731 1109 te
2766 1043 2988 1109 verbis
3025 1065 3191 1127 quae
3234 1044 3318 1110 ad
3352 1046 3720 1128 marginem
3755 1045 4071 1131 adscripsi
4088 1048 4145 1129 ⁴)
4182 1046 4364 1114 salu·

2397 1130 2643 1195 tabant.
2734 1129 3050 1208 Alteram,
3095 1150 3262 1214 quae
3304 1130 3518 1198 tribus
3560 1131 3851 1198 ecclesiis
3914 1140 4017 1198 est
4070 1153 4362 1200 commu-

2398 1216 2523 1291 nis,
2560 1215 2987 1281 Lausannam
3032 1217 3202 1296 misi,
3257 1216 3382 1281 hac
3424 1217 3570 1300 lege
3605 1225 3679 1283 ut
3726 1218 3963 1284 fratres
4021 1219 4364 1304 exemplar

2399 1301 2519 1367 tibi
2563 1299 2840 1368 describi
2875 1323 3030 1367 mox
3068 1310 3393 1369 curarent.
3498 1303 3747 1370 Vir-etus
3782 1305 3939 1371 hinc
3974 1326 4184 1390 nuper
4229 1306 4366 1371 dis-

2393 1386 2633 1453 cedens
2657 1389 2709 1471 ⁵)
2788 1389 3139 1471 propinqui
3223 1388 3474 1455 reditus
3505 1441 3523 1469 ,
3589 1390 3720 1455 nisi
3785 1389 3945 1474 quid
4015 1389 4360 1471 accideret,

2399 1495 2582 1555 spem
2626 1474 2790 1539 mihi
2854 1475 3095 1539 iniecit.
3198 1476 3480 1560 Rogavi,
3538 1475 3595 1540 si
3655 1476 3737 1542 ad
3780 1478 4155 1560 proximum
4199 1475 4364 1562 Sep-

2401 1560 2723 1625 tembrem
2760 1561 3036 1639 veniret,
3082 1582 3166 1627 ne
3201 1559 3270 1626 id
3316 1561 3461 1628 sine
3504 1562 3761 1639 comite.
3850 1562 4125 1629 Videbis
4158 1564 4363 1648 igitur

2399 1646 2558 1729 quid
2602 1647 2772 1710 ferat
2809 1655 2927 1711 tua
2969 1647 3414 1714 commoditas.

2574 1731 2763 1809 Vale,
2822 1733 3069 1816 optime
3124 1734 3332 1799 frater
3387 1741 3456 1799 et
3501 1734 4064 1819 praestantissime
4107 1733 4365 1800 Christi

2402 1838 2612 1883 serve.
2735 1819 3061 1884 Dominus
3118 1828 3185 1884 te
3257 1840 3518 1903 semper
3583 1820 3904 1905 gubernet
3961 1826 4231 1887 tueatur
4284 1840 4362 1888 ac

2400 1902 2762 1970 benedicat.
2894 1903 3130 1971 Saluta
3214 1905 3530 1990 collegam
3602 1913 3672 1972 et
3735 1907 4024 1991 reliquos
4099 1907 4357 1973 fratres.

2403 1987 2715 2055 Salutant
2767 2000 2834 2056 te
2886 2000 3291 2077 symmystae
3345 1994 3494 2071 mei,
3550 1992 3622 2059 in
3675 2012 3951 2076 quorum
4008 2013 4362 2058 numerum

2402 2082 2740 2158 cooptatus
2805 2084 2906 2142 est
2970 2098 3184 2160 nuper
3260 2079 3621 2155 Andusia&
3643 2083 3698 2156 ⁸)
3761 2079 3913 2164 quia
3989 2079 4061 2143 in
4126 2078 4359 2145 urbem

2402 2170 2749 2228 revocatus
2792 2172 2894 2228 est
2934 2161 3285 2244 Gallasius,
3330 2163 3504 2247 quod
3538 2164 3763 2249 plures
3799 2184 3977 2230 nunc
4015 2163 4359 2231 conciones

2402 2248 2747 2313 habentur.
2847 2247 3162 2314 Salutant
3201 2256 3270 2314 te
3313 2251 3511 2316 etiam
3566 2249 3843 2332 Budaei,
3903 2250 4362 2331 Nonnandius,

2402 2335 2723 2484 friat-‘⁴⁸'
2789 2334 2996 2400 frater
3037 2356 3226 2401 meus
3280 2344 3346 2402 et
3403 2335 3519 2401 alii
3562 2337 3772 2402 amici.
3877 2335 4207 2414 Genevw,
4255 2338 4358 2400 24.

2442 2442 2485 2484 u
2513 2420 2561 2485 ii
2613 2424 2795 2486 1555.

3280 3001 3479 3073 2251.

2578 3157 2755 3224 Lus
2801 3157 3432 3226 PRISONNIERS
3482 3159 3610 3225 DE
3655 3143 4189 3262 OHAQOEERY

2687 3261 2887 3327 AUX
2930 3260 3441 3329 MINTSTRES
3487 3260 3616 3328 DE
3662 3261 4069 3329 GENEVE.

2581 3432 2755 3499 Pour
2779 3455 2857 3497 ne
2891 3434 3070 3515 point
3110 3439 3566 3517 compromewre
3607 3434 3697 3500 les
3729 3433 4033 3501 chretiens
4079 3435 4191 3503 des
4231 3437 4366 3504 val-

2401 3521 2523 3585 lees
2560 3520 2642 3584 ils
2683 3540 2750 3585 se
2793 3525 2931 3585 sont
2937 3522 3180 3602 permis
3220 3540 3308 3585 un
3350 3539 3678 3603 mensonqe
3707 3520 3931 3586 devant
3972 3521 4147 3587 leurs
4153 3524 4362 3608 juyea

2404 3607 2506 3671 Ils
2561 3610 2690 3671 s’en
2747 3611 3043 3684 accusent,
3102 3610 3158 3671 et
3228 3606 3353 3672 s'en
3403 3610 3692 3670 excusent
3755 3627 3832 3671 en
3878 3608 4220 3689 invoquant
4272 3610 4362 3676 les

2404 3692 2712 3842 exemssles
2736 3691 3104 3844 εἷ’*ἰὲιῗεέοηίίὲ
3125 3692 3202 3757 de
3237 3693 3304 3758 la
3335 3690 3516 3757 chair
3535 3691 3856 3776 consiymis
3879 3693 4044 3758 dans
4066 3694 4367 3762 l’histoire

2401 3779 2511 3844 des
2617 3778 2824 3844 atriar
2963 3829 2978 3843 .

2620 3950 2887 4016 (Histoire
2923 3950 3022 4004 des
3057 3950 3319 4020 Martyrs.
3353 3949 3445 4003 fol.
3483 3947 3603 4005 353.
3638 3967 3689 4002 v.
3727 3933 3831 4002 Ed.
3868 3950 3938 4004 de
3974 3948 4156 4019 1619.)

2402 4122 2455 4186 I.
2524 4123 2815 4201 Vernnu,
2886 4123 2964 4186 A.
3035 4121 3335 4200 Laborie,
3404 4120 3458 4185 L
3519 4120 3833 4206 Trigalet,
3907 4122 3985 4186 B.
4054 4121 4360 4201 Bataille,

2402 4208 2487 4275 G.
2532 4209 2817 4287 Tauran,
2846 4207 2896 4290 ¹)
2933 4208 3339 4291 prisonniers
3384 4207 3465 4272 de
3523 4217 3745 4273 nostre
3788 4205 4118 4292 Seigneur
4174 4208 4367 4274 Iesus

2400 4421 2535 4467 vant
2569 4415 2648 4466 les
2685 4421 2886 4478 autres,
2923 4423 2980 4467 et
3014 4414 3315 4468 condamus
3348 4431 3419 4467 on
3473 4414 3552 4467 les
3596 4415 3737 4469 eries
3783 4432 3817 4467 a
3867 4413 4112 4467 diverses
4146 4413 4352 4481 peines,

2400 4483 2688 4547 Wandelli,
2725 4483 2780 4536 J.
2810 4483 2944 4550 Sept
2979 4489 3036 4534 et
3071 4482 3295 4537 l'sncien
3335 4483 3643 4536 Berthelier
3678 4501 3712 4535 a
3746 4489 3893 4536 estre
3929 4483 4225 4565 decapiten,
4260 4484 4359 4537 des

2399 4560 2585 4605 autres
2622 4553 2700 4605 les
2736 4569 2836 4605 uns
2871 4551 3056 4605 iurent
3088 4553 3282 4606 bannis
3317 4552 3806 4622 perpetuellement
3840 4551 3908 4604 de
3944 4552 3998 4605 la
4032 4552 4161 4605 ville
4197 4556 4255 4605 et
4287 4552 4361 4606 de

2398 4639 2500 4675 son
2535 4624 2758 4684 ressort,
2797 4621 2877 4673 les
2912 4625 3097 4674 autres
3115 4636 3255 4691 pour
3289 4621 3382 4674 dix
3402 4638 3519 4685 ans,
3555 4638 3693 4690 pour
3728 4622 3866 4674 trois
3883 4627 3978 4675 etc.
4021 4619 4359 4688 (Bonivard,

2397 4690 2516 4744 146‘
2592 4687 3057 4827 {fqi’gnfflguo
3092 4777 3229 4814 nous
3264 4760 3580 4812 nesci-ivone
3670 4758 3754 4812 int
3788 4775 3821 4810 a
3856 4763 4042 4812 nostre
4076 4759 4187 4812 bon
4221 4772 4357 4826 pere

2398 4828 2679 4882 Monsieur
2700 4827 2876 4892 Farel,
2913 4844 3049 4881 nous
3067 4845 3203 4883 vous
3237 4829 3427 4898 prious
3461 4827 3557 4880 les
3613 4844 3713 4882 uer
3745 4826 3814 4880 de
3831 4842 3934 4896 par
3968 4844 4104 4881 nous
4128 4835 4186 4881 et
4216 4842 4357 4881 nous

2396 4896 2805 4951 recommander
2838 4895 2871 4948 a
2904 4913 2991 4950 ses
3027 4898 3281 4953 ardentes
3315 4898 3540 4967 prieres.

2602 4964 2664 5100 ἓ)
2698 4963 3407 5102 ἔίὲτῗξ4ἔῖᾼίτοδοιιᾱοιιιθ,
3452 5033 3702 5102 seigneur
3745 5032 4019 5087 d’Anduze
4065 5030 4178 5096 (Re
4213 5071 4227 5084 .
4272 5031 4355 5087 du

2399 5102 2618 5159 Gomeil
2651 5101 2736 5156 12.
2774 5102 2909 5170 Iul.)
2967 5104 3026 5157 V.
3070 5103 3146 5157 D.
3197 5102 3279 5156 M.
3327 5103 3390 5157 in
3424 5101 3599 5172 ἄνεῳ
3641 5107 3859 5158 creatus
3899 5106 4010 5168 θεὶς
4061 5103 4124 5155 in
4174 5048 4353 5158 {icu-

2400 5171 2657 5228 Gallasin‘.
2778 5171 2868 5228 De
2925 5178 3090 5228 aucto
3158 5187 3387 5227 numero
3461 5173 3906 5227 coadunatorum
3968 5186 4019 5226 υ.
4084 5170 4220 5241 Bou.
4272 5170 4354 5227 ad

2390 5240 2644 5378 Ξὲδῖαἲ)
2685 5309 2865 5364 Lean
2904 5309 3160 5378 pre'nom
3205 5309 3410 5365 έεαίωιτ
3452 5306 3628 5373 Jean,
3671 5308 3937 5379 Anteius,
3985 5306 4158 5375 Jean,
4210 5306 4356 5363 Ber-

2387 5381 2563 5436 erana
2591 5385 2645 5436 ot
2678 5377 2971 5450 Onam-aud.
3934 5462 4037 5518 44·
