4850 6200
574 708 826 775 Gabvini
871 707 1080 773 nostri
1124 709 1566 775 innocentiam
1611 716 1838 771 contra
1881 706 2161 773 furiosas
2204 708 2512 772 crimina-

572 796 783 860 tiones
828 795 1039 877 magis
1081 796 1419 878 magisque
1472 794 1763 876 patefieri
1825 792 2048 858 audio:
2081 798 2132 874 ¹)
2189 793 2364 857 unde
2407 793 2511 855 ni·

570 881 809 946 mirum
877 881 1251 945 Beruenses
1318 881 1557 955 nostri,
1625 879 1857 944 saltem
1924 882 2234 955 saniores,
2299 878 2513 960 magis

569 967 1085 1049 pacificabantur
1138 975 1205 1030 et
1259 968 1595 1050 aequiores
1654 966 2027 1030 concivibus
2085 965 2286 1029 futuri
2332 974 2509 1028 suut.

567 1087 652 1101 —
697 1088 781 1100 --
823 1089 907 1099 —
951 1053 1152 1118 Basil.
1199 1052 1304 1118 die
1357 1060 1448 1118 19.
1496 1052 1800 1118 Octobris
1847 1073 2020 1117 anno
2077 1058 2250 1115 1555.

1752 1190 1936 1253 Tuus
1981 1187 2338 1254 Sultzerus.

1438 1702 1639 1773 2328.

1126 1857 1492 1924 OHEOUS
1538 1856 1973 1924 GALVINO.

753 2031 1024 2095 Tristem
1092 2031 1366 2111 Anyliae
1436 2035 1665 2095 statum
1728 2035 1784 2094 et
1847 2034 2123 2094 cartrema
2185 2029 2520 2094 multorum

562 2119 823 2199 piorum
897 2118 1273 2182 discrimina
1336 2116 1657 2181 describit.-
1732 2136 1993 2196 quorum
2056 2116 2403 2181 constantia
2467 2121 2523 2179 et

575 2203 730 2268 aliis
770 2202 957 2268 robur
998 2208 1052 2267 et
1093 2203 1300 2268 calcar
1341 2204 1571 2268 addere
1612 2202 1795 2267 debet.

573 2374 686 2439 (Ex
732 2374 1066 2443 autographo
1115 2374 1242 2428 cod.
1291 2374 1493 2428 Geuev,
1544 2373 1661 2442 109,
1706 2374 1798 2428 fol.
1840 2372 1924 2427 61.
1997 2373 2162 2426 Edita
2205 2383 2290 2424 est
2332 2389 2364 2423 a
2400 2371 2518 2424 Soc.

574 2443 908 2497 Parkcriaua
971 2444 1139 2496 latine
1207 2444 1263 2497 in
1326 2444 1465 2512 Epp.
1519 2444 1701 2577 Τέξῧτ.
1756 2461 1807 2512 p.
1861 2442 1956 2507 93,
2017 2443 2225 2511 anglice
2277 2441 2426 2494 Tom.
2480 2439 2519 2492 1.

1423 2514 1545 2581 p.l

744 2681 1181 2749 ornatissimo
1225 2693 1294 2749 et
1347 2682 1722 2749 doctissimo
1771 2684 1911 2747 viro
1957 2682 2038 2745 D.
2084 2681 2318 2746 Ioanni
2366 2678 2519 2745 Cal-

570 2767 729 2834 vino
775 2772 1018 2852 pastori
1064 2771 1373 2837 ecclesiae
1418 2770 1843 2836 Geuevensis.
2011 2854 2074 2919 G

2080 2874 2344 2919 enevae.

743 3026 893 3093 Uno
953 3035 1146 3110 atque
1205 3027 1430 3093 eodem
1487 3036 1778 3112 tempore
1834 3038 1900 3093 et
1943 3026 2302 3093 adventum
2334 3028 2385 3108 ¹)
2434 3025 2517 3089 D.

573 3112 649 3177 de
719 3111 941 3179 Sancto
1006 3114 1272 3180 Andrea
1334 3115 1630 3197 intelligo
1695 3125 1764 3179 et
1825 3115 2220 3181 discessum:
2293 3113 2520 3194 paucis

573 3205 799 3263 tamen
866 3199 1169 3265 volebam
1236 3211 1300 3266 te
1365 3201 1666 3266 salutare.
1776 3202 1922 3284 Ego
1988 3200 2129 3276 hic,
2196 3207 2520 3282 quantum

571 3284 807 3367 cogit0‚
854 3284 1260 3351 hiematurus
1305 3308 1451 3352 sum
1495 3288 1566 3352 in
1609 3287 1732 3353 hoc
1777 3286 2005 3352 exsilio
2050 3297 2292 3362 nostre,
2340 3295 2518 3349 vete-

574 3390 724 3433 rum
769 3371 1130 3437 amicorum
1187 3372 1494 3438 societate
1553 3395 1711 3438 usus
1757 3397 1795 3438 a
1838 3393 2114 3455 quorum
2174 3382 2517 3436 cousuetu-

570 3453 723 3520 dine
766 3478 897 3521 non
941 3458 1220 3523 libenter
1256 3457 1616 3525 abstrahor.
1684 3459 1957 3525 Gaudeo
1991 3458 2166 3541 quod
2190 3458 2519 3523 Dominus

568 3553 635 3606 te
678 3562 760 3606 ex
807 3543 929 3609 hoc
972 3543 1291 3624 incendic,
1347 3567 1477 3611 non
1523 3545 1714 3610 modo
1752 3545 2152 3610 valetudinis
2196 3556 2344 3608 tuae
2389 3565 2521 3627 qua

573 3626 1014 3708 afflictabaris,
1039 3634 1094 3706 ²)
1139 3629 1253 3695 sed
1292 3633 1486 3695 etiam
1527 3632 1916 3697 calamitatis
1946 3632 1999 3714 3)
2046 3630 2307 3713 eripuit,
2352 3651 2519 3711 quae

574 3713 960 3780 universum
1006 3716 1291 3781 civitatis
1335 3729 1401 3781 et
1445 3719 1752 3783 ecclesiae
1788 3729 2042 3782 vestrae
2078 3729 2318 3781 statum
2363 3736 2518 3781 con-

571 3800 975 3884 sumpsisset.
1067 3801 1249 3867 Haec
1307 3803 1564 3868 etiamsi
1633 3804 2034 3887 temporibus
2098 3803 2233 3866 iam
2290 3810 2519 3865 vetera

571 3892 747 3962 suut,
785 3885 945 3950 mihi
986 3897 1203 3952 tamen
1239 3890 1348 3971 qui
1395 3890 1555 3954 haec
1592 3892 1874 3973 primum
1910 3888 2103 3953 audio
2140 3900 2294 3954 sunt
2327 3908 2515 3952 nova.

570 3969 804 4054 Itaque
846 3994 1117 4057 magnas
1162 3975 1304 4039 Deo
1350 3976 1594 4058 gratias
1639 3997 1791 4059 ago,
1850 3997 2049 4058 quum
2094 3974 2255 4039 haec
2307 3974 2515 4038 inusi-

572 4066 711 4121 tata
769 4067 837 4122 et
896 4061 1340 4125 memorabilia
1405 4060 1856 4143 providentiae
1920 4084 2075 4127 suae
2142 4060 2519 4125 testimonia

570 4144 846 4209 caeteris
892 4143 974 4209 ad
1031 4146 1444 4211 excitandam
1497 4148 1694 4212 fidem
1738 4158 1803 4212 et
1847 4149 2332 4213 venerationem
2378 4148 2517 4210 eius

570 4228 780 4294 affert.
863 4231 1042 4296 Nihil
1088 4242 1186 4297 est
1230 4232 1400 4315 quod
1447 4236 1656 4317 magis
1700 4235 2221 4300 adversariorum
2267 4233 2518 4297 animos

569 4311 655 4379 ad
689 4337 914 4380 veram
951 4317 1029 4382 de
1057 4316 1202 4383 Deo
1236 4319 1696 4402 cogitationem
1734 4321 2048 4385 transfert
2080 4341 2275 4401 quam
2311 4340 2514 4400 quum

568 4400 664 4483 pii
722 4400 1100 4469 defensione
1158 4404 1299 4469 eius
1358 4404 1672 4471 adversus
1733 4407 2001 4471 iusidias
2058 4414 2126 4471 et
2180 4404 2515 4470 machina-

569 4487 782 4553 tiones
846 4489 1292 4572 improborum
1358 4492 1763 4557 muniuntur.
1851 4492 2094 4558 Precor
2158 4502 2378 4556 autem
2445 4498 2519 4555 ut

569 4570 642 4636 in
686 4573 810 4640 hac
853 4576 1342 4658 perturbatione
1385 4588 1451 4642 ct
1505 4580 1697 4642 ruina
1759 4600 1978 4643 rerum
2018 4577 2350 4642 Dominus
2393 4577 2517 4640 mi-

569 4680 755 4724 serae
788 4661 1070 4744 Angliae
1107 4662 1391 4744 aliquam
1427 4685 1615 4747 opem
1651 4674 1718 4730 et
1754 4665 2206 4729 adiumentum
2243 4663 2517 4739 adferat,

572 4746 760 4810 ouius
827 4759 985 4811 suut
1049 4749 1440 4831 gravissima
1517 4750 1654 4815 irae
1736 4751 2108 4815 testimonia
2170 4749 2517 4833 permulta,

574 4827 885 4898 bonitatis
942 4842 1008 4897 et
1065 4834 1448 4899 clementiae
1507 4858 1852 4919 perpauca.
1942 4836 2113 4901 Boni
2169 4836 2343 4900 enim
2390 4834 2520 4898 viri

573 4929 657 4990 ct,
704 4917 874 5000 qnod
913 4920 1108 4984 etiam
1145 4921 1356 5004 magis
1396 4921 1813 4988 lamentabile
1854 4937 1971 4998 est,
2015 4922 2342 5006 principes
2377 4919 2521 4985 doc·

577 5153 761 5208 2827.
787 5157 839 5224 l)
883 5157 1159 5226 Quidnam
1195 5161 1433 5214 audierit
1467 5164 1526 5215 in
1552 5163 1866 5217 alterutram
1900 5169 2109 5230 partem
2147 5176 2257 5214 non
2292 5161 2472 5230 liquet.

577 5223 763 5278 2828.
781 5226 841 5358 ἐξ
885 5230 1261 5360 ὖῗρῗεοέιέὃιῤ
1285 5231 1344 5282 in
1383 5233 1575 5286 itinere
1607 5248 1675 5286 eat
1721 5232 2124 5297 Francofordia
2161 5229 2451 5284 Genevam.

782 5366 840 5431 3)
880 5333 1286 5421 Labeo-tinorum
1321 5370 1737 5424 coniurationia.

2069 428 2596 496 EPISTOLAE
2642 433 3066 494 2327—2329

4420 440 4533 501 828

2616 623 2791 683 trina
2832 630 2898 684 et
2940 620 3289 683 autoritate
3334 620 3480 695 viri,
3525 640 3801 702 quorum
3842 619 4127 683 consiliis
4170 629 4234 684 et
4274 621 4537 706 ingeniis

2615 706 2863 770 multae
2907 726 3311 788 magnaeque
3358 727 3461 769 res
3506 706 3576 769 in
3622 706 3890 770 ecclesia
3933 716 4155 785 gestae
4199 718 4364 785 sunt,
4414 730 4541 774 non

2615 792 2809 856 modo
2852 792 2922 855 in
2961 792 3311 855 discrimen
3350 793 3525 855 vitae
3562 790 3981 856 adducuntur
4020 790 4134 856 sed
4176 795 4366 857 etiam
4399 816 4539 860 con·

2617 878 2909 942 demnati
2953 878 3077 941 sibi
3122 886 3516 959 exoptatam,
3561 878 3868 942 ecclesiae
3925 877 4284 943 luctuosam
4327 890 4392 943 et
4429 882 4540 945 mi·

2616 964 2980 1041 serandam,
3049 973 3325 1027 mortem
3393 962 3607 1028 indies
3672 974 4068 1046 exspectant.
4173 963 4301 1044 Qui
4358 966 4542 1030 etiam

2619 1050 2921 1132 exemplo
2979 1060 3044 1113 et
3098 1051 3464 1115 constantia
3523 1070 3654 1114 nou
3713 1050 3927 1113 solum
3974 1050 4276 1115 viventes
4326 1053 4543 1116 confir-

2618 1156 2802 1200 mare
2846 1135 2959 1200 sed
3006 1137 3201 1199 etiam
3248 1137 3524 1218 posteris
3560 1135 3935 1217 praelucere
3972 1136 4228 1201 debent.
4294 1137 4374 1200 ln
4414 1139 4546 1219 qui·

2622 1224 2743 1287 bus
2811 1222 2890 1286 D.
2963 1222 3491 1298 Cautuariensis‚
3574 1221 4017 1287 Loudiueusis
4095 1232 4162 1286 et
4236 1221 4547 1303 quondam

2622 1308 3084 1391 Vigorniensis
3138 1308 3453 1389 episcopi,
3525 1307 3937 1385 Granmerus,
3998 1307 4320 1381 Ridleius.
4380 1310 4550 1374 Lati-

2620 1415 2843 1465 merus,
2892 1416 3090 1477 quum
3127 1403 3502 1458 constanter
3536 1404 3602 1458 et
3645 1396 3934 1459 animose
3959 1396 4045 1458 ‘in
4091 1406 4387 1476 suscepta
4425 1395 4549 1459 iam

2622 1480 2982 1545 christiana
3025 1479 3320 1544 doctriua
3360 1481 3893 1562 permansissent,
3938 1501 4147 1562 neque
4190 1481 4271 1546 ab
4315 1501 4392 1545 ea
4430 1490 4553 1544 ter-

2623 1587 2769 1630 rore
2814 1566 3065 1637 iudicii,
3113 1566 3376 1642 mortis,
3436 1567 3722 1650 ignium,
3768 1566 4005 1631 abduci
4043 1574 4369 1649 poterant,
4412 1586 4553 1631 con-

2624 1652 2933 1729 demnati,
2980 1651 3316 1735 degradati
3363 1652 3485 1735 (sic
3528 1653 3704 1716 enim
3748 1658 4013 1728 vocant)
4061 1651 4167 1717 vel
4210 1664 4382 1732 sunt,
4430 1653 4557 1716 iam

2624 1738 2835 1811 audio,
2892 1739 3305 1811 concremati,
3365 1739 3467 1801 vel
3515 1738 3701 1802 brevi
3748 1740 3883 1802 vim
3946 1739 4120 1821 iguis
4166 1749 4234 1803 et
4288 1737 4556 1802 crudeli·

2626 1834 2826 1888 tatem
2872 1826 3287 1906 tyrannicam
3332 1824 3610 1888 sensuri.
3636 1828 3693 1904 ⁴)
3773 1824 3998 1889 Grave
4039 1823 4229 1889 nobis
4272 1834 4340 1889 et
4382 1824 4558 1888 mise-

2625 1910 2829 1975 rabile
2872 1910 3003 1974 illis
3047 1932 3289 1985 carere,
3336 1910 3591 1991 quibus,
3652 1912 3707 1974 si
3752 1911 3935 1975 Deus
3975 1910 4262 1993 aliquam
4306 1930 4559 1975 conver-

2625 1998 2872 2069 sionem
2931 2018 3149 2060 rerum
3210 1997 3562 2079 largiretur
3602 1998 3878 2060 miserae
3935 1998 4063 2061 iam
4112 1996 4395 2061 multum
4436 1996 4559 2059 iac-

2625 2093 2801 2146 tatae
2842 2081 3140 2164 Augliae,
3186 2081 3292 2146 vel
3336 2103 3469 2146 nou
3505 2084 3794 2159 omnino,
3841 2083 3945 2147 vel
3990 2083 4353 2166 aegerrime
4395 2102 4563 2148 care-

2626 2190 2862 2233 remus.

2799 2252 2933 2319 Sed
2979 2252 3136 2335 quid
3181 2275 3301 2336 ego
3345 2254 3508 2318 haec
3559 2254 3733 2336 apud
3781 2264 3846 2317 te
3890 2256 4001 2335 qui
4058 2254 4394 2338 intelligis,
4452 2254 4565 2317 hoc

2626 2340 3034 2405 constantiae
3078 2349 3145 2403 et
3192 2340 3597 2405 fortitudinis
3652 2340 4024 2421 exemplum
4069 2340 4152 2403 ad
4200 2343 4562 2405 universam

2626 2427 2819 2509 louge
2900 2429 3158 2508 lateque
3224 2426 3526 2490 diffusam
3608 2426 3944 2491 ecclesiam
4024 2425 4564 2492 corroborandam

2626 2514 2971 2594 pertinere,
3019 2534 3227 2593 neque
3265 2514 3452 2575 vivos
3499 2524 3751 2576 tantum
3792 2511 4088 2575 doct-rina
4124 2522 4367 2595 quanto
4402 2532 4564 2575 mor-

2625 2610 2772 2662 tuos
2839 2598 3135 2680 exemplo
3200 2598 3349 2663 illos
3414 2597 3720 2679 prodesse
3787 2618 3991 2681 posse.
4082 2599 4229 2683 Ego
4291 2619 4441 2662 vero
4502 2594 4565 2659 id

2625 2688 2865 2757 fateor,
2934 2694 3001 2747 et
3065 2684 3133 2747 iu
3193 2706 3268 2747 eo
3334 2684 3716 2748 humanitus
3781 2686 4163 2750 confirmor:
4236 2684 4350 2749 sed
4405 2681 4565 2766 quod

2624 2770 2874 2834 Paulus
2921 2769 3000 2833 (10
3046 2771 3182 2834 vita
3226 2792 3347 2833 sua
3392 2770 3646 2834 dixerat
3694 2770 3814 2834 hoc
3872 2790 3993 2852 ego
4038 2770 4121 2834 ad
4180 2770 4329 2835 illos
4375 2768 4565 2851 perti-

2626 2877 2801 2930 nere,
2846 2876 2992 2920 meo
3038 2856 3292 2930 iudicio,
3341 2867 3659 2937 putarem,
3706 2857 3762 2920 si
3800 2855 4023 2920 divina
4058 2856 4225 2921 haec
4261 2857 4568 2920 severitas

2623 2944 2978 3025 respiraret
3019 2942 3087 3006 in
3114 2942 3374 3026 Anglia,
3416 2953 3482 3005 et
3525 2945 4027 3025 conquiesceret,
4072 2956 4140 3005 et
4177 2942 4259 3007 ab
4300 2943 4421 3006 hoc
4455 2960 4566 3004 uos

2624 3029 2823 3111 impio
2889 3028 3071 3093 cultu
3148 3027 3230 3092 ad
3301 3049 3520 3092 veram
3588 3028 4137 3093 christianitatem
4205 3028 4565 3093 deduceret.

2627 3114 2765 3179 Sed
2809 3116 2966 3198 quid
3011 3114 3520 3195 exspectandum
3568 3138 3608 3180 a
3651 3116 3793 3179 Deo
3851 3117 3922 3178 in
3965 3115 4087 3180 hac
4133 3115 4335 3180 caede
4378 3114 4567 3179 bono-

2626 3201 2820 3265 rum?
2911 3201 3225 3265 Fortasse
3303 3201 3474 3284 quod
3558 3202 3824 3285 explere
3903 3202 4312 3284 impietatem
4393 3220 4568 3264 suam

2624 3289 2832 3351 nostri
2880 3290 3067 3370 quasi
3111 3288 3497 3351 Amorrhaei
3548 3287 3815 3362 debent,
3874 3297 3951 3350 ut
4003 3289 4273 3370 gravior
4317 3284 4570 3351 divinae

2623 3373 2914 3436 iustitiae
2959 3375 3273 3438 severitas
3316 3376 3382 3436 in
3429 3396 3537 3438 eos
3582 3374 3901 3438 maturius
3945 3384 4352 3439 exerceatur.
4433 3372 4571 3455 Ego

2623 3458 2935 3541 quidquid
2982 3459 3309 3523 Dominus
3353 3461 3644 3523 facturus
3689 3462 3792 3537 sit,
3846 3460 3951 3524 cui
3997 3480 4233 3542 parere
4278 3480 4412 3523 non
4453 3458 4568 3523 im·

2623 3565 2854 3626 perare
2912 3543 3140 3619 debeo,
3205 3546 3299 3609 ita
3353 3545 3507 3608 novi
3565 3557 3632 3609 et
3685 3545 3878 3610 credo
3935 3545 4275 3612 facturum
4319 3564 4461 3611 esse
4502 3549 4574 3607 ut

2624 3631 2705 3695 ad
2764 3631 3118 3695 electorum
3170 3651 3433 3694 suorum
3482 3632 3861 3708 utilitatem,
3919 3653 4201 3712 quorum
4256 3631 4374 3696 ille
4429 3650 4571 3713 pro·

2625 3716 2942 3780 visionem
2982 3716 3549 3799 defensionemque
3585 3717 3874 3798 suscipit,
3918 3718 4143 3782 omnia
4180 3718 4571 3801 pertineant.

2627 3801 2777 3882 Quo
2836 3804 3054 3867 miuus
3112 3823 3318 3886 angor
3375 3804 3591 3866 animo
3653 3824 3849 3885 quum
3911 3803 4066 3886 quid
4125 3803 4451 3877 evenerit,
4511 3807 4575 3863 et

2624 3890 2752 3953 mei
2810 3889 3006 3954 officii
3066 3888 3283 3954 iudico
3342 3890 3433 3952 ita
3484 3889 3564 3952 de
3608 3887 3881 3953 Domini
3925 3890 4201 3955 consilio
4271 3889 4572 3962 iudicare,

2624 3986 2699 4039 ut
2742 3974 3091 4056 prudentia
3126 3976 3548 4056 bonitateque
3584 3978 3895 4039 refertum
3932 3984 4185 4058 putem,
4234 3997 4358 4041 nec
4393 3993 4574 4057 posse

2623 4072 2737 4125 aut
2779 4060 3002 4126 deberi
3046 4061 3286 4125 nostris
3333 4060 3436 4126 vel
3493 4061 3839 4126 sententiis
3883 4061 3988 4126 vel
4041 4062 4419 4127 rationibus
4462 4067 4574 4123 aut

2623 4147 2863 4228 corrigi
2908 4155 3022 4210 aut
3066 4146 3474 4228 reprehendi.

2793 4231 2964 4296 Vide
3006 4245 3257 4305 autem,
3318 4232 3399 4296 ad
3445 4234 3729 4298 amicum
3773 4232 3930 4297 (111111
3974 4233 4211 4312 scribo,
4274 4241 4351 4297 nt
4394 4227 4575 4315 quid-z

2623 4318 2776 4402 quid
2819 4318 2983 4383 mihi
3039 4320 3107 4381 iu
3154 4327 3440 4382 mentem
3487 4320 3669 4383 venit
3727 4318 3955 4386 scribo.
4045 4319 4185 4384 Sed
4234 4318 4396 4384 dum
4439 4318 4576 4382 lon-

2621 4403 2917 4489 gitudine
2959 4405 3253 4487 fatigaris
3297 4403 3661 4469 condonato
3705 4404 3993 4469 libertati
4036 4426 4250 4486 meae,
4301 4405 4414 4488 qui
4456 4401 4576 4467 mi-

2622 4513 2750 4556 nus
2807 4490 3103 4556 curiosus
3161 4512 3306 4555 sum
3353 4489 3511 4554 dum
3570 4490 3651 4554 ad
3711 4490 4035 4557 studiosos
4080 4491 4218 4557 mei
4279 4490 4576 4565 scribam.

2626 4598 2756 4641 non
2834 4578 3086 4641 veritus
3164 4576 3739 4659 reprehensionem
3816 4576 3927 4641 ubi
4005 4578 4280 4643 veniam
4370 4576 4580 4661 potius

2624 4663 2896 4726 offensio
2963 4661 3164 4727 habet
3238 4684 3435 4744 quam
3514 4664 4055 4728 criminationem.
4174 4664 4456 4729 Domius
4518 4669 4582 4725 te

2625 4758 2877 4825 servet,
2959 4749 3079 4813 tibi
3142 4748 3434 4831 mihique
3499 4758 3568 4813 et
3644 4748 3955 4814 ecclesiae
4026 4771 4209 4816 suae.
4329 4748 4579 4824 Saluta,

2625 4855 2863 4916 quaeso
2880 4885 2896 4912 ,
2964 4835 3047 4899 D.
3122 4834 3504 4916 Staffordum
3536 4833 3588 4920 ⁵)
3654 4855 4054 4918 uxoremque
4132 4836 4582 4918 familiamque

2829 5091 2889 5156 4)
2933 5091 3200 5161 Ridleyus
3232 5090 3445 5161 quidem
3481 5098 3531 5146 et
3566 5093 3895 5158 Βατίνιον-118,
3944 5093 4001 5146 d.
4038 5092 4123 5150 16.
4167 5092 4289 5148 Oce.
4327 5089 4587 5147 combusti

2626 5167 2770 5226 sunit,
2809 5163 3138 5214 Grannum-us
3161 5176 3287 5213 vero
3323 5162 3427 5213 sibi
3450 5164 3669 5214 minime
3702 5168 3961 5217 constans
3983 5163 4203 5216 demum
4224 5163 4282 5218 d.
4301 5162 4389 5215 21.
4417 5161 4583 5214 Mart.

2628 5229 2778 5284 1556.
2849 5229 3086 5299 (Strype,
3128 5229 3216 5282 Or.
3254 5229 3346 5282 111.
3387 5229 3452 5283 18
3486 5237 3535 5285 et
3568 5230 3680 5294 21.)

2829 5300 3214 5422 &alfortense
3257 5300 3409 5352 illum
3454 5303 3553 5370 qui
3592 5306 3782 5369 postea
3828 5300 3894 5355 de
3935 5301 4231 5357 rebellione
4280 5318 4309 5356 e
4354 5298 4588 5356 vinculis

2625 5384 2848 5424 causam
2924 5371 3044 5422 altit.
3724 5414 3728 5417 ⁴
