4850 6200
330 433 449 498 5⁸8
2098 430 2260 493 1556
2305 428 2589 497 num.
4217 442 4375 505 584·

1201 616 1392 689 21⁸0.

888 773 1378 843 SULZERUS
1423 774 1718 841 ERBIO.

509 945 2280 1031 Novamuuqoediamcaloinoasmmpoesser-

328 1208 686 1275 (hoerptnn
720 1220 789 1258 ex
824 1205 1160 1274 autographo
1193 1206 1252 1259 in
1291 1206 1454 1259 Arcb.
1489 1205 1763 1259 Antistitii
1807 1206 1968 1261 Rasin.
2019 1206 2137 1260 Vct
2183 1206 2279 1262 111.

853 1272 986 1327 Var.
1023 1274 1255 1343 Antiqq.
1293 1276 1477 1329 eccles.
1514 1274 1604 1328 fol.
1644 1273 1754 1341 10.)

331 1448 492 1512 Viro
547 1445 1114 1530 praestantissimo
1181 1447 1326 1513 seni
1387 1447 1760 1513 venerando
1819 1447 1898 1513 D.
1960 1446 2280 1513 Matthiae

329 1534 532 1600 Erbio
578 1532 888 1599 ecclesiae
932 1532 1481 1598 Richenvillanae
1533 1532 1816 1599 antistiti
1872 1544 2280 1619 symmystae

760 1619 829 1682 in
873 1618 1158 1684 Domino
1201 1618 1659 1685 colendissimo
1693 1640 1830 1685 suo.

327 1878 499 1945 Novi
549 1877 712 1942 nihil
759 1878 1004 1960 accipio
1055 1898 1232 1943 nunc
1274 1877 1556 1961 quidem,
1615 1876 1969 2030 ηἰεὲθὲιιοᾱ
2022 1876 2282 1945 Calvino

451 1965 555 2029 vis
601 1962 940 2048 tragoedia
983 1964 1268 2029 excitata
1322 1974 1421 2029 est
1465 1985 1581 2047 per
1625 1985 1712 2047 qu
1831 1985 1939 2030 am
1995 1964 2065 2030 in
2124 1985 2282 2050 agro

328 1985 653 2116 ansusi
699 2050 1034 2115 ministros
1080 2049 1326 2129 Gallos,
1386 2070 1495 2115 eos
1537 2050 1648 2133 qui
1692 2058 1759 2116 et
1798 2050 2128 2134 quondam
2185 2050 2283 2116 in-

328 2137 632 2203 cendium
690 2136 1206 2213 inflammarunt,
1263 2135 1635 2201 incendium
1667 2141 1715 2211 ¹)
1770 2158 1897 2220 quo
1957 2158 2078 2222 ego
2132 2158 2281 2203 cum

327 2223 489 2289 meis
535 2222 816 2287 afflictus
860 2221 1122 2286 Bernae
1168 2223 1277 2287 fui.
1301 2222 1356 2305 ²)
1443 2222 1607 2286 Fuit
1640 2244 1797 2307 ergo
1833 2223 2095 2289 Bernae
2133 2243 2282 2288 cum

330 2309 568 2394 legatis
627 2329 784 2374 suae
839 2309 1150 2374 civitatis:
1209 2329 1441 2373 verum
1500 2307 1659 2393 quid
1713 2321 1932 2376 actum
1990 2311 2075 2374 sit
2133 2330 2280 2393 cog-

328 2416 597 2461 noscere
641 2391 936 2459 nondum
981 2395 1178 2477 potui.
1281 2393 1466 2460 Haec
1523 2395 1738 2459 studia
1783 2394 2070 2461 Satanae
2130 2404 2285 2461 sunt

328 2502 482 2546 suos
525 2479 751 2545 hostes
797 2479 899 2544 bis
945 2478 1308 2545 rationibus
1353 2482 1816 2564 distinguentis
1861 2480 2284 2547 solertissimo

328 2576 831 2651 stratagemate,
881 2578 954 2631 ut
1009 2565 1180 2649 quod
1235 2566 1435 2632 armis
1501 2588 1632 2632 non
1691 2576 1906 2651 potest
1959 2566 2285 2633 scandalis

326 2654 629 2718 excitatis
673 2653 983 2717 obtineat.
1031 2687 1109 2697 —
1159 2688 1242 2697 --
1286 2688 1370 2699 ———
1420 2691 1496 2700 -—
1545 2652 1843 2719 Basileae
1901 2656 2000 2717 28.
2057 2653 2283 2718 Martii

327 2759 505 2804 anno
563 2743 738 2803 1555.

1665 2877 1738 2941 T.
1779 2876 2106 2943 Suloerus.

1205 3392 1406 3462 217⁰.

755 3547 1250 3614 FARELLUS
1280 3552 1326 3624 ¹)
1379 3546 1847 3614 HALLERO.

507 3722 890 3789 Gratulatm
959 3723 1016 3787 ei
1082 3743 1126 3786 a
1191 3718 1570 3786 Barnous-'bus
1623 3722 1877 3784 eisdam
1939 3718 2281 3784 Bel-secum.

323 3809 670 3874 Salem
710 3829 753 3873 a
795 3813 953 3871 redo
994 3807 1243 3871 tramite
1282 3806 1610 3872 aberrasse
1651 3807 1956 3887 queritur.

314 3982 426 4046 (Ex
681 3980 789 4048 pho
829 3980 969 4032 sibl.
1005 3979 1164 4034 civis.
1194 3977 1375 4032 Turio.
1410 3978 1562 4031 MSS.
1598 3978 1658 4030 F.
1693 3975 1763 4030 46
1796 3977 1941 4030 olim.
1979 3977 2067 4046 Ep
2106 4015 2119 4029 .
2161 3975 2283 4030 Vol.

317 4049 415 4102 11.
465 3996 696 4118 m
747 4065 845 4114 per
890 4062 1270 4169 amanus-⁸33
1326 4046 1642 4180 goitingffl
1689 4046 1910 4115 scripto.
1962 4075 2025 4084 —
2067 3994 2285 4099 gimlor.

496 4288 778 4356 Gaudeo
847 4303 964 4353 tua
1015 4309 1214 4371 opera
1271 4288 1512 4352 factum
1573 4308 1716 4352 esse
1786 4299 1856 4351 ut
1911 4284 2285 4370 deploratae

309 4376 808 4458 pertinacitatis
855 4374 1283 4458 Hieronymus
1340 4376 1442 4438 vir
1495 4383 1678 4457 peste
1730 4373 1954 4438 lethali
2001 4371 2284 4439 refertus

307 4483 348 4526 e
385 4463 766 4528 Bernatum
807 4459 1070 4536 ditione,
1120 4458 1322 4525 veluti
1359 4459 1596 4543 dignus
1631 4471 1789 4536 erat,
1841 4458 2286 4544 profligandus

306 4548 544 4627 fuerit,
593 4557 792 4631 atque
835 4545 967 4610 Dei
1013 4567 1286 4612 munere
1333 4546 1455 4610 hac
1495 4546 1750 4610 ratione
1795 4545 2106 4611 ecclesiae
2158 4544 2287 4611 luis

305 4635 455 4701 eius
505 4634 813 4718 contagio
873 4630 1184 4697 liberatae
1226 4640 1506 4698 exstent.
1527 4632 1587 4713 ²)
1691 4634 1899 4714 Atque
1946 4652 1985 4696 o
2028 4631 2284 4696 utinam

307 4891 499 4948 m.
537 4894 598 4952 1)
636 4894 749 4947 sic!
778 4893 945 4962 quasi
973 4906 1084 4945 non
1119 4893 1236 4958 ipse
1268 4891 1588 4944 novumn-ire
1622 4890 1897 4956 coepisset.

531 4960 598 5026 2)
650 4959 784 5015 veae
988 4959 1380 5014 manavimus
1415 4959 1490 5013 ad
1527 4957 1603 5014 N.
1639 4955 1794 5012 2145.

307 5027 504 5086 21⁷0.
538 5031 568 5083 1
635 5029 709 5085 In
846 5030 926 5083 ἀοι
961 5031 1186 5098 laudm.-
1235 5028 1480 5082 Fun-enus
1515 5035 1573 5082 ct
1607 5026 1906 5082 Guilelmus
1942 5026 2286 5095 Philippinus

306 5098 512 5155 Ioanni
645 5100 795 5153 Uero.
875 5097 1013 5168 Ipsa
1047 5113 1173 5152 vero
1207 5097 1438 5164 epistda
1485 5097 1764 5166 &nauhu-i
1793 5111 2017 5149 nmero
2053 5096 2287 5151 versvm·

307 5173 417 5223 0-
455 5183 712 5226 ato-‘oren
747 5168 985 5237 praeta.
1054 5166 1434 5235 Philipp-'mm
1465 5165 1708 5222 mm
1742 5164 1820 5221 N.
1859 5162 2010 5217 1466.

531 5237 599 5302 2)
635 5239 934 5307 Postquam
984 5236 1264 5291 decretum
1311 5245 1396 5290 est
1443 5252 1476 5287 a
1519 5243 1712 5289 senatu
1749 5235 2013 5288 Beruensi
2060 5239 2124 5288 ut
2159 5234 2284 5288 Bol-

307 5322 474 5361 eecns
533 5309 685 5360 intra
735 5317 850 5360 trec
903 5323 1116 5360 menses
1167 5306 1341 5359 solum
1397 5313 1589 5359 vertat.
1662 5304 1742 5359 Cf.
1780 5303 1982 5357 Heller.
2032 5302 2102 5356 ad
2147 5302 2284 5356 Bull.

311 5373 400 5430 13.
439 5377 626 5446 April.
701 5374 971 5444 (Si-ulcr.)

2379 619 2467 685 D.
2514 618 2855 687 Simonem
2907 619 3227 689 Stalenum
3286 623 3381 688 tui
3441 623 3510 689 in
3562 621 3886 691 eiusmodi
3940 624 4367 696 imitatorem·

2379 728 2650 774 cernere
2707 708 2893 774 nobis
2950 707 3192 775 liceret.
3217 713 3269 784 ⁸)
3384 708 3557 775 Nam
3623 711 3921 794 apprime
3980 712 4369 781 verendum.

2380 807 2483 859 est
2526 813 2610 858 ne
2654 813 2734 859 ea
2774 793 2845 858 in
2891 794 3251 860 haereticos
3294 793 3561 861 licentia
3614 817 3690 862 ac
3742 796 4017 864 lenitate
4071 799 4343 881 feratur,

2382 887 2457 945 ut
2498 878 2708 962 ipsius
2748 879 3002 947 incuria
3047 899 3303 947 veneno
3346 881 3717 965 permultae
3758 883 4068 951 ecelesiae
4110 884 4195 952 ab
4238 885 4351 972 ip-

2380 982 2602 1031 sorum
2689 965 3172 1032 haereticorum
3247 966 3503 1034 lacunis
3587 968 3875 1035 infectae
3957 970 4339 1039 reddantur.

2381 1052 2604 1134 Atque
2648 1051 2816 1116 faxit
2858 1049 3047 1118 Deus
3091 1074 3174 1117 ne
3216 1054 3358 1137 ipse
3400 1055 3497 1120 ita
3554 1052 3671 1119 Dei
3720 1055 3887 1121 iram
3947 1057 4208 1137 excitet,
4265 1067 4345 1126 ut

2381 1138 2557 1203 iusto
2597 1158 2715 1203 suo
2758 1135 2996 1204 iudicio
3038 1137 3455 1223 opinionibus
3501 1160 3541 1205 a
3585 1141 3862 1206 veritate
3919 1140 4156 1210 alienis
4217 1142 4341 1211 fal-

2381 1224 2602 1307 sisque
2647 1221 3064 1308 dogmatibus
3106 1245 3191 1291 ex
3229 1224 3434 1290 nimia
3476 1224 3726 1292 farinae
3760 1226 3957 1292 huius
4000 1226 4347 1296 doctorum

2382 1308 2856 1375 consuetudine
2899 1309 3187 1376 imbutus
3233 1312 3574 1377 efficiatur.
3665 1310 3857 1394 Quae
3900 1312 3958 1380 si
3998 1315 4343 1401 continge-

2383 1402 2553 1473 rent,
2612 1415 2909 1461 summae
2963 1398 3034 1461 in
3089 1398 3231 1480 ipso
3292 1399 3736 1481 praestantiae
3795 1400 3923 1464 Dei
3981 1399 4156 1467 dona
4208 1422 4348 1468 non

2383 1482 2597 1547 solum
2636 1482 2912 1566 sepulta,
2946 1482 3058 1547 sed
3085 1485 3285 1549 etiam
3324 1486 3394 1547 in
3417 1484 3837 1550 ecclesiarum
3874 1485 4351 1554 offendiculum

2381 1587 2698 1634 conversa
2740 1569 3045 1634 facerent.
3136 1569 3448 1636 Neocomi
3490 1574 3589 1635 29.
3638 1571 3867 1637 Martii
3922 1576 4100 1638 1564.
4121 1577 4176 1649 ⁴)

3188 1866 3577 1875 -—--—-.-—.-.·—

3265 2083 3451 2153 2171.

2730 2238 3305 2305 WAIDNERUS
3351 2240 3986 2308 BULLINGERO.

2560 2410 2663 2478 De
2710 2409 2960 2477 Calvam·
3001 2416 3215 2478 contra
3264 2411 3579 2476 Ser-vam
3621 2411 3838 2479 libello,

2389 2584 2744 2665 OExcerptum
2780 2598 2849 2635 ex
2885 2581 3220 2651 autographo
3260 2582 3421 2636 Arch.
3457 2582 3639 2636 Turio.
3691 2583 3833 2637 Plut.
3881 2584 3971 2639 vl.
4026 2586 4145 2639 vol.
4198 2584 4344 2644 11⁷0,

2388 2654 2534 2708 olim.
2569 2652 2741 2705 Son-m.
2778 2650 2834 2704 G.
2870 2651 3008 2720 Epp.
3045 2650 3331 2773 'stara-:133
3336 2651 3472 2775 ¹gell..
3472 2649 3711 2784 affilas—{-
3750 2653 3959 2708 Simler.
3998 2654 4113 2709 Vol.
4147 2652 4234 2707 84.
4275 2683 4342 2695 —

2389 2892 2816 2975 Amplissimo
2885 2892 3370 2974 clarissimoque
3444 2892 3583 2956 viro
3655 2893 3737 2957 D.
3807 2892 3890 2957 D.
3952 2892 4346 2977 Heinrycho

2390 2978 2775 3061 Bullingero
2819 2977 3126 3043 ecclesiae
3170 2978 3525 3061 Tigurinae
3572 2977 3883 3061 primario
3938 2978 4217 3044 antistiti
4275 2990 4346 3045 et

2388 3064 2760 3130 sincerioris
2798 3063 3214 3149 evangelicae
3244 3063 3577 3130 doctrinae
3612 3085 3730 3148 per
3766 3074 3969 3132 totam
4003 3065 4345 3149 Europam

2389 3171 2518 3233 qua
2563 3151 2765 3216 latine
2810 3150 3016 3217 scitur
3060 3163 3126 3215 et
3183 3150 3577 3235 intelligitur
3622 3150 3999 3217 fidelissimo
4056 3173 4347 3236 propug-

2564 3243 2773 3302 natori
2820 3237 3085 3302 domino
3129 3256 3205 3301 ac
3246 3237 3647 3319 praeceptori
3693 3236 4167 3303 colendissimo,

2387 3443 4344 3458 —-—--—0—-——————4-——-——

2390 3494 2645 3561 Oalvini
2700 3494 2995 3560 libellum
3041 3493 3302 3576 probari
3345 3492 3809 3558 Melancktkoni
3834 3496 3881 3566 ¹)
3937 3513 4072 3558 non
4115 3494 4344 3568 miror,

2385 3582 2463 3646 in
2507 3602 2638 3663 quo
2687 3600 2727 3644 a
2790 3580 3137 3646 calumniis
3199 3580 3434 3644 Servati
3500 3579 3840 3645 defensus:
3907 3577 4070 3644 illud
4134 3580 4344 3645 miror

2387 3668 2599 3751 magis
2644 3665 2817 3748 quod
2859 3686 2994 3730 non
3040 3665 3296 3748 publico
3333 3665 3550 3747 aliquo
3595 3665 3839 3746 scripto
3884 3674 4160 3730 testatus
4194 3663 4341 3731 orbi

2389 3753 2563 3818 hanc
2617 3772 2810 3818 suam
2868 3752 3287 3829 sententiam,
3346 3762 3421 3815 ut
3473 3751 3556 3815 D.
3616 3748 4001 3816 Theodorus
4060 3749 4258 3830 Besa,
4282 3749 4345 3832 ²)

2388 3839 2678 3904 maxime
2715 3849 2983 3922 propter
3018 3836 3498 3919 Anabaptistas,
3539 3837 3652 3920 qui
3686 3835 3920 3901 nolunt
3952 3835 4107 3901 fidei
4142 3855 4344 3906 cauea»

2387 3927 2459 3990 in
2504 3944 2895 4007 quemquam
2937 3924 3102 3989 strin
3155 3924 3168 3936 ‘
3215 3922 3476 3989 civilem
3519 3922 3832 4007 gladium,
3877 3921 3993 3988 sed
4037 3923 4341 3989 sufficere

2388 4012 2448 4078 si
2491 4010 2734 4075 vitetur
2781 4010 2885 4075 vel
2927 4021 3005 4076 ut
3045 4021 3111 4075 et
3160 4010 3348 4074 nicus
3390 4018 3455 4073 et
3499 4008 3907 4091 publicanus,
3950 4008 4058 4075 vel
4101 4029 4186 4074 ne
4230 4029 4347 4075 ve·

2389 4116 2635 4162 nenum
2679 4107 2949 4179 spargat
2981 4094 3362 4162 cohibeatur
3415 4107 3729 4177 perpetuo
3786 4114 4077 4160 carcere:
4135 4115 4347 4177 quum

2392 4182 2723 4257 Lutherus,
2768 4182 2956 4247 cuius
2991 4180 3286 4265 vestigiis
3343 4181 3411 4244 in
3455 4182 3782 4264 plerisque
3820 4180 4037 4247 adhuc
4071 4178 4339 4256 insistit,

2388 4289 2523 4334 non
2568 4269 2813 4334 veritus
2871 4265 3127 4351 publico
3171 4268 3412 4349 scripto
3471 4268 3718 4344 testari,
3778 4266 4030 4350 gladios
4081 4274 4346 4331 sanctos

2388 4376 2533 4421 esse
2610 4364 2680 4420 et
2760 4353 3022 4437 templis
3097 4351 3598 4430 consecrandos,
3694 4352 3932 4438 quibus
4011 4351 4345 4417 interfecti

2390 4440 2868 4506 tumultuantes
2936 4459 3013 4504 ac
3073 4437 3367 4505 seditiosi
3444 4439 3702 4513 rustici,
3724 4440 3781 4521 ⁸)
3860 4457 4139 4520 quorum
4217 4456 4346 4519 ego

2389 4596 2549 4605 *—
2578 4599 2589 4604 -

2593 4677 2656 4814 ἒξ
2697 4677 2896 4816 gaug
2909 4674 3300 4802 &essum
3321 4747 3594 4800 evidenter
3641 4746 3862 4800 librarii
3894 4745 4217 4799 oscitamt‘ae
4253 4743 4345 4799 de·

2388 4819 2581 4871 bsonar-
2627 4818 2791 4870 eticm
2837 4817 2900 4870 in
2944 4817 3077 4869 aliis
3120 4817 3386 4870 sermonis
3430 4815 3683 4882 partubus
3907 4829 3997 4867 un
4042 4814 4112 4868 ab
4157 4812 4344 4867 eodm

2384 4886 2579 4954 fuisse,
2625 4888 2891 4941 conticere
2930 4884 3027 4950 fas
3073 4891 3169 4938 est.
3243 4885 3504 4953 Alioquin
3551 4883 3617 4937 δ’

2386 4959 2479 5010 sui
2512 4970 2632 5009 vore
2665 4956 2935 5024 syrmium
2972 4956 3235 5021 specimen
3273 4954 3360 5008 hic
3393 4951 3643 5007 edidisse.

2389 5022 2560 5174 0000-
2596 5021 2660 5160 D>
2685 5020 2992 5146 ..0.20οΒ.
3049 5090 3413 5146 DDDDD.

2539 5200 2550 5212 ⁶
2594 5228 2652 5296 3)
2690 5228 2917 5283 Widder
2967 5229 3058 5282 die
3109 5226 3452 5281 mordischen
3490 5226 3598 5280 und
3635 5225 3956 5279 reubiscben
3994 5226 4195 5280 Botteu
4242 5226 4349 5278 der

2388 5299 2602 5353 Bauem
2639 5296 2790 5353 1525.
2868 5297 3045 5366 szsi
3088 5312 3213 5351 vero
3258 5297 3520 5352 haeretici
3562 5294 3818 5350 caedibus
3852 5301 3902 5348 et
3945 5296 4165 5364 rapinis
4210 5310 4351 5347 suaa

2387 5371 2673 5437 opiniones
2708 5381 2950 5422 camere
2981 5367 3170 5423 meti
3200 5367 3407 5420 ment!

3897 4881 4177 4938 Farellum
4213 4883 4349 4952 styli

3474 5091 3793 5158 magistratu
3851 5089 3997 5142 civili
4054 5087 4349 5157 puniendis

3828 5449 3927 5505 34.
