4850 6200
460 401 591 466 739

466 607 622 654 cum
684 585 975 670 periculo
1038 587 1173 653 huc
1235 586 1391 652 illuc
1453 587 1904 664 fluctuantem,
1973 606 2139 671 quae
2195 605 2302 650 res
2345 599 2421 649 ut

467 673 655 740 vobis
713 672 999 739 laborem
1055 683 1297 759 augeat
1353 683 1421 737 et
1462 680 1924 758 tempestatem
1967 671 2127 738 satis
2170 671 2421 755 perspi-

467 759 588 828 cio.
670 758 824 824 Non
891 780 1133 825 novum
1201 758 1369 824 illud
1426 758 1688 842 quidem
1754 756 1868 825 sed
1948 756 2422 841 deplorandum

466 844 738 911 malum.
808 842 956 926 Quo
985 851 1065 909 ut
1105 845 1341 909 merito
1385 843 1469 910 ob
1511 846 1870 910 fraternam
1908 844 2420 927 compassionem

466 929 835 1016 perturbor,
870 930 967 995 ita
1009 931 1299 997 vicissim
1338 931 1764 997 vehementer
1805 950 1912 994 me
1956 938 2209 995 recreat
2251 927 2423 1013 quod

469 1025 720 1084 statum
780 1038 896 1082 vos
963 1017 1165 1081 animi
1208 1019 1417 1083 fixum
1462 1017 1535 1081 in
1579 1017 1869 1082 Domino
1913 1015 2235 1093 retinetis,
2281 1036 2426 1099 per-

471 1103 820 1188 spicuitate
880 1103 1348 1187 alacritateque
1386 1102 1719 1170 doctrinae
1759 1108 1990 1167 contra
2033 1100 2426 1166 Antichritti

469 1210 752 1274 regnum
801 1188 1131 1273 pugnatis,
1194 1189 1444 1254 indicta
1508 1189 1591 1253 ad
1640 1187 1927 1271 reliquos
1971 1187 2158 1253 vobis
2198 1195 2427 1252 sancta

466 1275 787 1360 patientia
807 1282 873 1340 et
908 1276 1416 1357 aequanimitate
1451 1276 1629 1341 veris
1665 1274 1920 1341 Christi
1954 1274 2165 1340 servis
2202 1272 2424 1358 digna,

473 1382 605 1445 qua
658 1370 909 1427 certum
979 1371 1078 1426 est
1146 1361 1551 1444 triumphum
1609 1361 1804 1444 paulo
1846 1369 1996 1444 post
2037 1380 2159 1445 per
2200 1359 2428 1424 Domi-

471 1467 635 1514 num
679 1454 1144 1530 reportaturos.
1179 1482 1891 1494 ——————

647 1534 753 1599 De
798 1531 1183 1598 Gallicanae
1228 1531 1400 1616 apud
1446 1551 1566 1598 vos
1611 1530 1923 1598 ecclesiae
1965 1533 2267 1597 ministro
2301 1531 2427 1596 mi·

474 1639 588 1685 ror
636 1627 713 1684 ut
755 1638 862 1683 res
907 1617 1163 1694 habeat,
1201 1626 1268 1683 et
1311 1638 1440 1701 qua
1477 1618 1732 1684 ratione
1777 1616 2116 1685 vobiscum
2157 1619 2230 1681 in
2277 1616 2425 1683 doc-

476 1706 655 1770 trina
712 1704 1058 1789 religionis
1114 1704 1538 1769 convenerit?
1569 1708 1621 1781 ¹)
1711 1702 1847 1770 Sed
1911 1703 2133 1770 forsan
2190 1703 2301 1768 ille
2346 1724 2428 1768 ex

476 1791 850 1857 sanioribus
908 1796 1025 1856 est.
1112 1790 1218 1855 De
1283 1790 1562 1856 Tossano
1596 1791 1772 1855 fama
1815 1797 1990 1857 certe
2034 1789 2200 1855 falsa
2242 1790 2427 1855 evul-

475 1886 630 1961 gata
695 1874 888 1959 est,²)
941 1898 1058 1941 ceu
1116 1876 1228 1941 ille
1283 1884 1584 1942 monstra
1629 1876 2039 1942 Servetanae
2082 1876 2429 1941 haereseos

471 1962 579 2029 vel
626 1961 795 2027 clam
840 1961 948 2027 vel
976 1962 1237 2045 publice
1260 1962 1498 2028 foveat.
1565 1962 1879 2047 Integrae
1916 1963 2084 2027 enim
2130 1961 2242 2027 ille
2276 1982 2426 2045 pro·

470 2048 790 2130 bataeque
849 2046 1181 2114 doctrinae
1238 2069 1501 2132 semper
1556 2049 1683 2114 fuit
1740 2058 1807 2113 et
1850 2056 1951 2114 est
1992 2046 2204 2126 hodie,
2250 2045 2427 2112 odio-

470 2154 599 2218 que
665 2155 706 2198 a
752 2133 1140 2217 quibusdam
1195 2134 1268 2199 in
1314 2135 1487 2200 hanc
1524 2135 1965 2218 suspicionem
2012 2143 2263 2199 tractus
2308 2141 2429 2209 661,

469 2220 780 2285 Primum
847 2241 933 2284 ex
992 2240 1067 2285 eo
1135 2219 1303 2302 quod
1372 2242 1522 2286 cum
1592 2218 1840 2286 Serveto
1922 2220 2237 2286 voluisset
2292 2240 2428 2284 non

471 2305 635 2370 adeo
700 2303 780 2369 ad
839 2305 1027 2389 ignes
1095 2315 1519 2390 properatum
1589 2304 1706 2371 sed
1772 2306 2144 2372 carceribus
2213 2306 2431 2388 potius

471 2392 809 2474 perpetuis
877 2392 1329 2458 coercendum.
1357 2396 1411 2470 ³)
1500 2390 1650 2473 Qua
1714 2400 1937 2457 tamen
1979 2393 2049 2456 in
2109 2414 2180 2457 re
2240 2391 2431 2457 facile

471 2478 775 2543 satisfieri
825 2477 950 2543 sibi
1010 2478 1113 2543 vel
1173 2500 1212 2543 a
1270 2498 1377 2543 me
1436 2478 1572 2544 solo
1630 2499 1865 2562 passus
1910 2488 2027 2555 est,
2065 2486 2143 2543 ut
2184 2478 2427 2543 factum

471 2562 708 2628 deinde
775 2584 909 2627 non
976 2563 1379 2647 improbarit.
1468 2564 1731 2630 Deinde
1795 2563 1965 2649 quod
2024 2585 2110 2628 ex
2173 2564 2429 2629 confra-

469 2648 682 2714 tribus
740 2649 1069 2733 quendam
1101 2655 1155 2728 ⁴)
1225 2672 1354 2714 non
1416 2650 1749 2716 curaverit
1791 2649 2179 2718 eiiciendum
2237 2648 2429 2727 illico,

469 2735 585 2818 qui
620 2746 697 2800 ut
756 2740 1103 2802 veritatem
1161 2737 1428 2802 eliceret
1470 2736 1742 2802 solidius
1786 2736 1866 2801 de
1908 2735 2239 2802 industria
2282 2756 2433 2801 con-

467 2822 692 2886 trariis
752 2823 1160 2906 argumentis
1221 2823 1368 2889 aliis
1441 2821 1831 2905 quibusdam
1891 2843 1961 2888 se
2019 2843 2057 2888 o
2103 2822 2433 2906 posuisset

467 2927 631 2974 vera
691 2907 1193 2987 affirmantibus,
1239 2909 1435 2991 idque
1492 2909 1709 2974 calore
1753 2918 1857 2987 (ut
1898 2910 2003 2985 fit)
2096 2908 2431 2994 'sputatio-

472 2992 582 3058 nis
623 3000 977 3076 provectus
1023 2995 1220 3077 paulo
1264 2995 1528 3060 fecisset
1568 2995 2032 3062 vehementius
2076 3003 2142 3059 et
2183 2996 2431 3078 impor-

467 3078 714 3145 tunius.
805 3077 939 3161 Qui
975 3086 1198 3146 tamen
1234 3102 1431 3164 super
1474 3103 1551 3146 ea
1598 3103 1671 3148 re
1705 3080 2165 3165 interpellatus
2208 3089 2432 3147 sancte

469 3171 752 3231 testatus
809 3176 929 3245 est,
991 3187 1156 3249 quae
1201 3166 1585 3233 adduxisset
1641 3188 1681 3233 a
1728 3189 1798 3234 se
1851 3188 1984 3233 non
2043 3167 2256 3232 solum
2295 3188 2432 3232 non

473 3250 760 3334 probari,
798 3250 916 3317 sed
949 3261 1240 3317 extreme
1275 3254 1475 3318 etiam
1512 3251 1827 3333 damnari,
1852 3251 2186 3319 doctrinae
2222 3252 2431 3319 chris·-

473 3337 697 3402 tianae
752 3348 1181 3423 receptaeque
1238 3339 1550 3405 articulos
1609 3338 1902 3424 singulos
1953 3345 2021 3404 et
2063 3340 2429 3423 professum

473 3442 619 3488 esse
674 3422 998 3490 hactenus
1056 3423 1250 3491 annis
1316 3425 1784 3510 compluribus,
1845 3433 1913 3490 et
1975 3424 2429 3509 professurum

472 3506 555 3573 ad
599 3517 913 3574 mortem:
960 3519 1104 3575 tum
1142 3510 1223 3576 ab
1260 3510 1578 3577 eiusmodi
1623 3531 1865 3597 genere
1909 3510 2428 3594 disputationum

470 3592 665 3660 facile
737 3593 862 3660 sibi
921 3593 1225 3679 deinceps
1281 3603 1819 3681 temperaturum.
1921 3596 2118 3664 Unde
2182 3597 2427 3663 factum

473 3691 549 3744 ut
593 3681 686 3763 pii
731 3679 812 3746 de
855 3702 938 3746 ue
998 3682 1271 3748 ecclesia
1330 3686 1574 3766 optime
1624 3682 1846 3749 meriti
1903 3684 2125 3750 fratris
2187 3703 2429 3767 purga-

477 3765 730 3831 tionem
776 3788 816 3831 a
860 3768 1116 3833 miserit
1158 3789 1289 3833 non
1322 3769 1641 3835 Tossanus
1685 3768 1918 3849 solum,
1964 3768 2081 3835 sed
2122 3770 2432 3853 princeps

475 3852 675 3917 etiam
741 3852 1053 3937 Georgius
1110 3874 1328 3919 comes
1369 3876 1409 3919 a
1441 3853 1895 3939 Wirtemberg
1935 3875 2085 3921 cum
2129 3854 2431 3922 consilia·

474 3937 592 4003 riis
638 3946 707 4002 et
746 3937 1141 4005 Schradinus
1169 3948 1407 4005 noster.
1489 3940 1638 4021 Quo
1681 3940 1952 4006 nomine
1995 3940 2195 4007 etiam
2240 3961 2433 4025 prae-

473 4024 686 4090 fectus
730 4024 1394 4109 Montpelgardensis,
1452 4025 1596 4092 Ioh.
1647 4026 1966 4105 Hoecklin,
2033 4027 2139 4094 vir
2203 4028 2429 4111 singu-

472 4109 601 4175 lari
645 4111 892 4193 pietate
936 4110 1201 4194 zeloque
1243 4112 1372 4176 Dei
1414 4113 1696 4198 insignis
1741 4114 1838 4178 rei
1880 4112 2223 4179 historiam
2267 4112 2432 4178 mihi

474 4194 557 4260 de
613 4194 942 4262 industria
1007 4198 1217 4262 voluit
1281 4219 1368 4264 ex
1415 4199 1628 4265 licare.
1717 4198 1810 4264 Et
1865 4199 2182 4285 principis
2234 4206 2433 4283 atque

478 4280 825 4348 Solu-adini
869 4283 1079 4349 literis
1124 4284 1322 4350 etiam
1427 4286 1719 4352 laun-erus
1751 4285 1878 4351 hac
1918 4285 2064 4371 ipsa
2107 4285 2187 4352 de
2231 4306 2433 4352 causa

475 4367 941 4453 interpellatus
993 4375 1113 4447 est,
1181 4370 1358 4452 apud
1419 4392 1611 4454 quem
1671 4370 1927 4439 delatus
1989 4372 2433 4455 perinvidiose

480 4453 812 4520 Toseanus
854 4456 1266 4538 potissimum
1314 4456 1547 4524 fuerat.
1595 4492 2185 4509 —————
2225 4457 2432 4525 Basil.

476 4543 577 4604 27.
627 4541 913 4625 Augusti
957 4563 1132 4608 anno
1185 4546 1366 4607 1555.

1797 4631 1871 4696 Τ.
1916 4627 2253 4699 Sulcerus.

478 4848 664 4904 22⁷9.
695 4849 752 4917 1)
789 4849 1154 4932 Mau-baebius
1187 4854 1240 4905 ei
1273 4851 1340 4907 de
1364 4853 1688 4909 Azeaeandro
1722 4854 2010 4923 scripsisse
2041 4854 2260 4938 videtur
2293 4855 2434 4910 eatis

476 4918 783 5041 ‘mdia
803 4936 1002 5070 Ὗῖἷ)
1016 4919 1281 5044 Ἇῗὲἔὲζ·
1310 4923 2144 5062 ,ffwyfflssaefflffiffi
2167 4921 2436 5061 <lgm

477 5071 642 5126 W
684 5122 744 5190 2)
783 5073 1085 5181 Swaeea
1105 5062 1501 5184 uthere-atinum
1544 5133 1665 5199 ipse
1721 5129 1958 5186 Τοεεαπι·
2001 5128 2195 5185 lauden
2238 5145 2437 5186 canere

684 5231 750 5324 ἐ)
858 5260 1175 5318 .Ν.1974,

684 5327 746 5393 4)
825 5345 905 5385 ac.
943 5327 1219 5387 Getheum.

1980 394 2499 463 EPISTOLAE
2545 398 2665 460 22⁷
2673 401 2711 461 9
2723 398 2971 461 -2280

4351 397 4478 458 740

3397 582 3599 653 2280.

2587 736 3007 804 LABORJE
3054 737 3254 805 Aux
3298 735 3809 804 mmistEs
3855 736 3985 803 DE
4030 702 4435 804 duNEvE.

2703 910 2999 976 Relation
3056 911 3166 976 des
3273 910 3560 976 derniers
3612 911 4121 994 inter-royatoires
4172 911 4284 977 des
4335 911 4480 993 cinq

2518 998 2921 1080 prisonniers
2962 996 3037 1062 de
3075 994 3439 1081 chambery.

2804 1185 3078 1249 (Histoire
3113 1186 3210 1240 dee
3243 1184 3490 1257 Martyrs
3526 1187 3610 1242 ed.
3649 1188 3718 1241 de
3755 1184 3908 1256 1619,
3942 1186 4035 1242 sol.
4069 1183 4216 1250 34⁷.)

2701 1359 3065 1425 Messieurs
3121 1366 3188 1424 et
3244 1358 3654 1425 bien-aimez
3706 1380 3924 1444 peres,
3982 1366 4051 1426 et
4107 1379 4272 1427 vous
4340 1381 4481 1426 mes

2533 1446 2860 1512 treschers
2906 1445 3111 1510 freres
3147 1466 3231 1510 en
3276 1454 3502 1510 nostre
3547 1443 3893 1532 Seigmur,
3937 1446 4042 1512 i’ai
4086 1447 4238 1513 bien
4282 1467 4483 1531 expe-

2531 1532 2828 1611 rimente,
2896 1550 3122 1615 graces
3190 1552 3274 1596 au
3333 1529 3682 1616 Seigneur,
3739 1533 4037 1599 combien
4093 1552 4261 1599 nous
4318 1553 4484 1599 vous

2533 1638 2817 1685 sommes
2873 1617 3065 1684 chers
3117 1636 3239 1700 par
3294 1616 3360 1681 la
3409 1615 3732 1701 diligence
3791 1618 4063 1702 qu’avez
4116 1620 4273 1685 faite
4314 1640 4485 1703 pour

2532 1724 2700 1770 nous
2766 1701 3081 1769 subvenir
3155 1724 3240 1767 en
3310 1722 3429 1768 nos
3493 1704 3663 1769 liene
3682 1756 3698 1784 ,
3768 1726 3853 1770 ne
3918 1705 4198 1771 laissans
4262 1725 4483 1771 aucun

2531 1810 2771 1875 moyen
2816 1810 2902 1855 en
2948 1789 3195 1854 arriere
3231 1809 3399 1873 pour
3442 1809 3514 1855 ce
3560 1791 3752 1856 faire:
3801 1812 3885 1855 en
3908 1792 4060 1874 quoi
4102 1812 4262 1857 avez
4306 1791 4483 1857 aussi

2532 1884 2828 1941 monstre
2864 1883 3085 1941 vostre
3130 1875 3384 1941 charite
3420 1885 3594 1941 estre
3630 1898 3835 1961 vraye
3872 1896 4108 1943 envers
4128 1899 4313 1956 nous,
4351 1897 4482 1943 non

2534 1961 2689 2027 telle
2732 1982 2984 2027 comme
3021 1961 3102 2027 de
3144 1961 3474 2044 plusieurs
3518 1963 3630 2045 qui
3673 1964 4012 2046 preferans
4053 1964 4151 2029 les
4195 1961 4381 2030 biens
4416 1971 4487 2028 et

2534 2047 2959 2114 commoditez
3004 2047 3091 2111 du
3135 2047 3372 2113 monde
3413 2069 3497 2112 au
3543 2068 3806 2115 secours
3850 2050 4041 2131 qu’ils
4082 2057 4488 2134 pourroyent

2535 2135 2697 2199 faire
2763 2154 2894 2198 aux
2953 2134 3186 2198 enfans
3251 2133 3331 2197 de
3390 2134 3561 2199 Dieu
3623 2136 3871 2201 aiment
3928 2139 4153 2201 mieux
4195 2137 4340 2201 voir
4382 2155 4485 2201 es-

2535 2218 2786 2304 pandre
2856 2219 2917 2283 16
2974 2240 3141 2302 sang
3194 2220 3501 2284 innocent
3555 2220 3800 2286 devant
3862 2222 4042 2287 leurs
4085 2243 4263 2306 yeux
4329 2242 4485 2288 sans

2537 2311 2635 2391 s'y
2700 2324 2993 2390 opposer,
3041 2305 3391 2388 craignans
3438 2308 3623 2372 avoir
3666 2309 3982 2390 reproche
4025 2329 4192 2390 pour
4233 2306 4482 2387 Christ,

2535 2402 2604 2458 et
2645 2391 2949 2457 toutefois
2993 2411 3065 2457 se
3105 2398 3386 2457 vantent
3429 2392 3667 2458 d'estre
3711 2394 3956 2478 grands
3989 2393 4372 2460 Chrestiens
4417 2401 4485 2458 et

2536 2478 2652 2543 des
2707 2476 2854 2561 plus
2914 2476 3331 2542 charitables.
3423 2479 3596 2543 Mais
3654 2480 3716 2543 ie
3791 2501 3911 2545 ren
3970 2500 4197 2565 graces
4238 2487 4280 2545 a
4321 2500 4479 2546 mon

2534 2565 2728 2642 Dieu,
2786 2564 2896 2645 qui
2944 2565 3078 2627 m'a
3121 2564 3237 2627 fait
3282 2565 3606 2629 concistre
3651 2574 3797 2631 tout
3838 2567 3899 2631 le
3943 2574 4158 2650 temps
4202 2586 4329 2650 que
4371 2565 4484 2630 i’ai

2535 2658 2853 2717 converse
2918 2670 3076 2715 avec
3120 2671 3305 2727 vous,
3348 2658 3414 2713 et
3457 2651 3609 2733 plus
3652 2652 3783 2715 fort
3827 2650 4057 2736 depuis
4100 2673 4240 2717 mes
4292 2651 4482 2729 liens,
4529 2694 4538 2701 -

2536 2745 2577 2802 a
2620 2757 2731 2801 ma
2775 2735 3026 2821 grande
3082 2735 3473 2814 edification‚
3533 2758 3661 2820 que
3703 2758 3869 2802 vous
3913 2746 4087 2803 estes
4130 2739 4305 2804 vrais
4349 2737 4484 2803 Mi·

2536 2822 2797 2902 nistres,
2858 2821 3084 2887 fideles
3140 2823 3497 2887 serviteurs
3542 2829 3609 2888 et
3652 2824 3882 2888 enfans
3928 2824 4007 2889 de
4050 2825 4244 2904 Dieu,
4280 2823 4483 2889 abon-

2537 2907 2702 2973 dans
2745 2930 2827 2973 en
2864 2909 2952 2973 foi
2997 2914 3064 2972 et
3106 2906 3357 2974 charite
3378 2909 3722 2974 manifeste
3764 2917 3805 2974 a
3846 2917 3996 2976 tous
4039 2931 4206 2995 pour
4247 2911 4308 2975 le
4351 2918 4486 2974 tes-

2534 2994 2885 3079 moignage
2952 2993 3032 3058 de
3098 3000 3318 3060 vostre
3383 2996 3686 3060 vocation
3743 3003 3810 3061 et
3873 2996 4078 3080 gleire
4136 2996 4217 3063 de
4259 3002 4488 3061 nostre

2534 3081 2728 3147 Dieu.
2822 3078 3010 3146 Oelui
3068 3080 3178 3163 qui
3236 3103 3277 3147 a
3325 3090 3698 3148 commence
3756 3104 3841 3148 en
3897 3105 4085 3162 nous,
4130 3104 4302 3149 nous
4346 3081 4489 3148 face

2534 3187 2920 3252 perseverer
2941 3166 3192 3251 iusqu’a
3236 3166 3300 3232 la
3337 3169 3448 3232 fin.

2706 3253 2840 3319 Les
2876 3252 3052 3318 deux
3086 3254 3294 3319 freres
3331 3255 3440 3337 qui
3482 3253 3710 3319 furent
3751 3254 3834 3319 ici
3878 3253 3958 3319 de
4002 3275 4124 3337 par
4171 3276 4333 3322 vous
4375 3276 4484 3323 666

2532 3339 2712 3405 iours
2754 3358 3004 3422 passez,
3065 3358 3233 3404 nous
3283 3340 3648 3406 avertirent
3704 3360 3825 3424 par
3866 3340 4097 3406 lettres
4140 3363 4266 3425 que
4310 3339 4485 3407 desi-

2534 3447 2643 3491 rez
2688 3445 3043 3491 recouvrer
3073 3445 3195 3492 nos
3219 3426 3621 3492 confessione
3665 3426 3746 3492 de
3789 3426 3896 3491 foi.
3963 3426 4150 3491 Nous
4187 3428 4485 3494 eussions

2531 3510 2735 3577 voulu
2780 3511 2863 3576 de
2906 3510 3037 3576 bon
3080 3532 3275 3577 666111·
3317 3510 3643 3578 satisfaire
3686 3519 3728 3578 a
3770 3520 3991 3580 vostre
4027 3510 4220 3579 desir.
4308 3513 4485 3580 Mais

2535 3595 2769 3682 depuis
2835 3618 2962 3681 que
3026 3596 3093 3663 16
3155 3598 3330 3663 frere
3393 3597 3447 3662 Ι.
3509 3597 3593 3664 Gr.
3652 3598 3755 3663 fut
3796 3596 4283 3665 dernierement
4327 3618 4487 3666 aveo

2535 3703 2726 3762 nous,
2788 3683 3062 3749 n'avons
3119 3704 3205 3749 eu
3260 3685 3487 3768 papier
3544 3685 3616 3748 ni
3656 3684 3863 3751 livres
3909 3693 4371 3764 aucunement,
4412 3685 4489 3751 ni

2535 3770 2679 3835 rien
2735 3790 2903 3853 pour
2956 3790 3122 3836 nous
3180 3769 3496 3850 consoler,
3554 3777 3596 3835 a
3650 3790 3846 3836 cause
3891 3770 3974 3836 (16
4015 3773 4168 3855 quoi
4211 3776 4487 3838 n’avons

2535 3877 2618 3922 eu
2662 3854 3054 3922 commodite
3091 3855 3172 3921 de
3217 3876 3289 3921 ce
3328 3857 3508 3921 faire.
3580 3856 3666 3921 Et
3698 3858 4114 3923 maintenant
4151 3857 4213 3924 le
4301 3857 4489 3941 apier

2534 3962 2703 4007 nous
2768 3951 2870 4007 est
2933 3941 3130 4008 baille
3197 3949 3239 4007 a
3294 3942 3361 4008 la
3421 3963 3684 4008 mesure
3728 3964 3855 4026 que
3898 3964 4127 4028 voyez.
4214 3944 4251 4009 1
4319 3965 4485 4010 vous

2533 4028 2745 4113 plaira
2788 4027 2954 4094 donc
2997 4030 3369 4094 m’excuser
3411 4036 3478 4094 et
3519 4050 3604 4094 611
3648 4028 4036 4096 recueillant
4072 4051 4182 4096 ma
4209 4029 4484 4097 Confes—

2535 4113 2677 4180 sion
2744 4134 2827 4179 ou
2890 4113 2955 4180 le
3010 4114 3337 4199 principal
3394 4114 3645 4182 d’icelle
3698 4114 3780 4183 de
3841 4136 3985 4182 mes
4056 4115 4487 4200 precedentes

2535 4200 2782 4279 lettres,
2839 4200 3176 4267 ensemble
3240 4207 3390 4266 tout
3444 4222 3518 4268 66
3560 4201 3673 4286 qui
3718 4223 3758 4267 a
3800 4209 3939 4268 este
3975 4201 4099 4268 fait
4140 4202 4407 4285 iusques
4443 4209 4487 4267 a

2535 4293 2761 4354 nostre
2818 4294 3126 4353 sentence
3186 4285 3299 4353 des
3343 4286 3614 4372 galeres,
3662 4309 3824 4354 vous
3866 4296 4212 4355 contenter
4254 4310 4380 4372 que
4422 4289 4487 4354 ie

2534 4393 2702 4439 vous
2737 4373 3055 4440 avertisse
3098 4372 3180 4438 de
3222 4393 3298 4439 ce
3331 4374 3444 4457 qui
3486 4394 3527 4439 a
3557 4381 3694 4441 este
3732 4374 3853 4440 fait
3891 4396 4014 4460 par
4046 4373 4114 4439 la
4157 4373 4337 4441 Oour
4371 4372 4484 4440 de·

2535 4458 2684 4542 puis
2726 4457 2930 4524 ladite
2973 4466 3300 4525 sentence.

2706 4543 3038 4611 Mercredi
3104 4553 3299 4629 passe
3357 4552 3470 4611 ent
3535 4549 3574 4610 8
3638 4547 3822 4612 iours
3885 4557 3951 4612 et
4013 4547 4211 4612 estoit
4267 4546 4330 4611 le
4380 4548 4483 4612 21.

2536 4630 2833 4711 d’Aoust,
2869 4652 2993 4714 que
3016 4640 3240 4697 nostre
3262 4632 3549 4716 premier
3569 4630 3736 4717 Iuge
3761 4652 3930 4698 nous
3951 4632 4099 4699 vint
4124 4652 4489 4716 prononcer

2536 4724 2759 4782 nostre
2805 4725 3114 4784 sentence
3168 4716 3283 4784 des
3329 4717 3602 4803 galeros,
3649 4725 3691 4784 a
3735 4725 3966 4803 quatre
4007 4718 4249 4785 heures
4292 4739 4489 4803 apres

2533 4802 2696 4868 midi
2736 4801 2899 4869 dans
2941 4812 3165 4870 nostre
3205 4804 3455 4888 prison:
3502 4826 3620 4871 sur
3661 4804 3943 4890 laquelle
3981 4803 4486 4889 respondismes,

2534 4887 2684 4971 Que
2736 4886 3048 4956 rendions
3101 4910 3330 4975 graoes
3391 4897 3433 4957 a
3498 4891 3672 4957 Dieu
3716 4890 3799 4957 de
3832 4912 3907 4958 ce
3948 4891 4106 4975 qu'il
4152 4913 4321 4958 116116
4362 4892 4486 4957 fai-

2533 4974 2660 5041 soit
2725 4973 2959 5060 dignes
3024 4975 3104 5042 de
3168 4975 3434 5042 souffrir
3494 4983 3561 5042 et
3626 4975 3908 5043 endurer
3932 4996 4101 5062 pour
4143 4998 4266 5043 son
4307 4977 4486 5044 saint

2534 5059 2726 5126 Nom.
2815 5060 3239 5128 Incontinent
3285 5082 3494 5146 apres,
3552 5062 3634 5130 de
3689 5085 3764 5132 ce
3818 5084 3946 5148 que
3999 5062 4061 5129 le
4123 5083 4487 5148 procureur

2535 5146 2624 5212 du
2677 5146 2808 5213 Boi
2872 5148 2974 5213 fut
3025 5148 3337 5232 appelant
3392 5147 3473 5214 de
3535 5148 3738 5216 ladite
3780 5155 4107 5231 sentence,
4152 5148 4249 5215 les
4292 5147 4487 5235 Seig-

2535 5253 2736 5299 neurs
2771 5232 2852 5299 de
2895 5234 2960 5298 la
3003 5232 3185 5300 Oour
3220 5245 3626 5320 envoyerent
3662 5236 3885 5320 querir
3905 5237 3969 5301 le
4002 5235 4178 5301 frere
4217 5234 4484 5314 Vernou,

2533 5317 2748 5402 lequel
2807 5318 3118 5386 demeura
3165 5341 3240 5388 66
3282 5321 3417 5388 soir
3457 5321 3618 5407 long
3662 5329 3875 5407 temps
3920 5321 4168 5389 devant
4209 5343 4370 5388 eux:
4418 5330 4488 5388 et
