4850 6200
286 405 407 466 845

280 591 412 671 hoff
465 593 567 659 ich
628 591 802 657 werd
864 590 1000 658 sich
1042 591 1145 658 die
1191 590 1355 659 8001·
1396 596 1716 676 montem
1758 593 2000 667 ΜΛ)
2080 588 2231 657 Non

281 680 491 745 ausim
540 679 825 744 seribere
868 677 1151 761 qualiter
1209 700 1358 744 cum
1409 677 1542 743 illis
1588 690 1841 761 agatur.
1924 677 2059 745 Sed
2106 678 2235 760 ipsi

280 787 397 850 pro
440 786 562 832 sua
595 763 945 849 prudentia
978 764 1251 847 pulchre
1285 766 1612 830 sustinent
1646 765 2233 848 importunitatem,

281 872 367 917 ne
414 851 628 917 dicam
677 851 1162 934 improbitatem
1222 851 1411 917 hanc.
1500 850 1701 915 Forte
1747 851 1829 915 de
1873 850 1978 915 his
2026 849 2235 915 Calvi-

281 958 403 1003 nus
444 938 682 1020 aliqua.
743 937 814 1001 Is
857 937 1044 1020 quasi
1084 936 1156 1001 in
1179 937 1445 1021 signum
1493 938 1742 1019 positus
1785 946 1888 1001 est
1930 936 2036 1003 cui
2080 955 2236 1002 con-

281 1022 643 1090 tradicitur.
722 1022 908 1089 Vale.
985 1023 1277 1108 Raptim.
1323 1060 1406 1072 -—-
1452 1059 1537 1070 —
1578 1057 1666 1072 —-
1708 1058 1788 1068 —
1835 1022 2098 1088 Bernae
2133 1025 2235 1087 28.

281 1107 589 1176 Octobris
645 1113 830 1173 1555.

1647 1245 1832 1311 'l'uus
1874 1245 1930 1310 I.
1974 1244 2062 1312 H.

1065 1540 1470 1550 ——-—-—.

1159 1758 1366 1830 2336.

648 1913 1194 1981 VERGERIUS
1230 1913 1869 1981 BULLINGERO.

456 2087 837 2155 Genevenses
907 2088 1073 2151 iusto
1127 2088 1336 2169 mayis
1402 2087 1468 2151 in
1539 2086 1921 2152 Gribaldum
1988 2087 2235 2152 morosi.

292 2173 721 2255 Westphalum
769 2172 1072 2241 Caluinus
1136 2175 1339 2237 nimia
1382 2194 1503 2238 sua
1545 2175 1895 2238 acrimonia
1941 2193 2237 2254 provoca-

275 2259 823 2412 githsLutJoeraesetanos
874 2260 1201 2342 exayitans
1243 2261 1432 2341 quasi
1486 2279 1626 2325 cum
1666 2261 1807 2341 ipso
1848 2259 2237 2324 Antichristo

279 2519 638 2586 (Excerptum
686 2533 756 2570 ex
801 2532 869 2568 au
1029 2516 1138 2584 pho
1178 2516 1340 2569 Arcb.
1379 2516 1561 2570 Turio.
1612 2516 1755 2570 Plut.
1801 2517 1893 2571 VI.
1949 2517 2069 2570 Vol.
2121 2515 2240 2580 111,

279 2588 408 2642 olim
443 2586 696 2656 EppVI.
733 2585 885 2639 Part.
1001 2586 1172 2638 Scrin.
1199 2586 1263 2638 B.
1299 2585 1392 2640 fol.
1428 2584 1583 2643 1505.
1621 2614 1684 2623 —
1723 2587 1933 2640 Simler.
1971 2586 2087 2639 Vol.
2123 2584 2243 2651 85.)

453 2757 840 2824 Clarissimo
910 2756 1055 2822 viro
1119 2758 1203 2822 D.
1270 2758 1515 2824 Enrieo
1556 2757 1946 2842 Bullingero
1992 2757 2240 2841 pastori

282 2845 604 2930 'tigurino
647 2843 840 2909 fratri
880 2842 1280 2910 honorando
1814 2929 2065 3013 'rigari‘

282 3188 579 3256 Omnino
639 3190 1031 3253 morosiores
1076 3199 1235 3254 sunt
1279 3188 1479 3270 aliqui
1527 3210 1607 3253 ex
1653 3188 1967 3253 fratribus
2012 3186 2238 3253 Gene-

280 3276 597 3342 vensibus
624 3280 669 3352 1)
725 3294 922 3357 quam
983 3274 1240 3340 vellem.
1330 3275 1545 3339 Nimis
1589 3275 2043 3358 prosciderunt
2092 3273 2243 3339 Gri-

281 3362 555 3438 baldum,
603 3361 804 3426 nimis
862 3363 994 3426 late
1031 3361 1267 3425 volunt
1308 3373 1532 3442 patere
1577 3382 1799 3426 eorum
1848 3359 2240 3425 iurisdictio-

283 3469 435 3514 nem
483 3471 559 3513 ac
603 3449 741 3514 fere
777 3447 1109 3511 dominari
1154 3448 1221 3511 in
1266 3447 1572 3512 ecclesiis.
1665 3446 1819 3510 Vidi
1863 3467 1993 3529 qua
2037 3447 2244 3511 forma

282 3536 634 3601 verborum
693 3531 777 3599 ad
835 3555 944 3599 me
999 3533 1336 3616 hucusque
1394 3534 1814 3615 scripserunt.
1904 3531 2244 3598 Ferendos

289 3632 517 3686 tamen
560 3629 728 3704 puto
786 3621 943 3700 quia
998 3619 1291 3685 vicissim
1340 3619 1552 3684 multa
1608 3628 1765 3685 sunt
1805 3619 1879 3683 in
1923 3617 2056 3683 illis
2100 3618 2244 3682 lau·

294 3704 531 3772 danda.
647 3706 999 3774 Oribaldus
1077 3726 1198 3770 nec
1262 3706 1536 3771 verbum
1605 3706 1813 3781 faciet,
1872 3715 2169 3770 osservat
2189 3706 2244 3782 2)

294 3813 466 3875 quae
524 3791 853 3872 monuisti,
909 3805 977 3856 et
1019 3812 1183 3874 quae
1244 3811 1366 3874 ego
1425 3789 1639 3856 adhuc
1693 3789 2039 3855 inculcavi.
2129 3789 2245 3855 Sic

291 3879 653 3944 vincuntur
708 3878 936 3954 animi,
995 3899 1128 3943 non
1188 3878 1557 3959 asperitate.
1657 3876 1921 3954 Vidisti,
1983 3877 2242 3958 opinor,

292 3965 450 4047 quid
504 3963 900 4044 Westphazus
936 3975 1165 4030 contra
1203 3963 1549 4028 Calvinum.
1639 3962 1910 4028 Utinam
1954 3963 2011 4026 is
2055 3960 2244 4026 seda·

291 4052 425 4115 tius
483 4050 873 4133 scripsisset,
896 4054 950 4126 8)
1012 4050 1134 4114 hoc
1189 4059 1308 4126 est,
1353 4059 1416 4112 te
1460 4048 1692 4114 fuisset
1726 4048 2090 4115 aemulatus
2133 4048 2245 4129 qui

289 4136 879 4202 moderatissimam
916 4135 1260 4219 epistolam
1305 4133 1760 4218 adscripseras.
1784 4137 1840 4214 ⁴)
1906 4132 2110 4199 Aliud
2146 4142 2247 4199 est

290 4231 525 4287 contra
589 4223 1072 4289 Antichristum
1138 4241 1350 4305 agere,
1407 4220 1585 4285 aliud
1639 4229 1869 4287 contra
1909 4220 2244 4286 Luthera·

289 4329 433 4374 nos.
524 4308 718 4375 Nunc
765 4309 974 4374 multa
1009 4306 1220 4373 audi0.
1307 4305 1703 4372 Exacerbati
1762 4307 1982 4373 animi.
2051 4306 2244 4370 Lasci

289 4394 636 4460 consilium
654 4397 717 4479 ⁵)
778 4416 912 4462 non
969 4395 1286 4479 potuisset
1341 4392 1631 4459 incidere
1686 4394 1754 4457 in
1800 4391 2241 4458 conditionem

293 4651 1446 4788 Genevezzefznleutgmiqzwadfficidffinrb‘

291 4788 560 4850 md)
600 4790 684 4856 Cf.
725 4790 927 4844 Bezam
965 4789 1038 4844 N.
1074 4788 1228 4843 2331.

499 4857 560 4926 2)
596 4860 739 4914 Ecce
773 4859 993 4914 Italum.

498 4927 561 5010 3)
593 4928 791 4997 Ipsum
829 4928 1169 5051 agarici-iu?
1214 4927 1358 4981 inter
1407 4923 1614 4980 Suevos
1664 4925 1853 4997 degere
1904 4927 2241 4981 memineris:

289 4997 652 5052 Μ’]οαοωηαο
681 5013 794 5052 rem
988 5014 1122 5065 any·
1147 5033 1160 5046 .

497 5065 554 5132 4)
592 5066 925 5133 Defensioni
957 5064 1281 5121 consensus.

496 5134 559 5200 5)
600 5135 864 5190 Simkms
895 5137 1008 5189 vult
1041 5135 1172 5189 haec
1198 5132 1266 5187 de
1296 5131 1519 5202 Synodo
1554 5133 1981 5201 mnyelicorum
2017 5148 2237 5201 conme-

285 5203 479 5272 οακάα
513 5204 669 5260 diota
704 5218 833 5258 esse.
886 5204 1010 5258 Nos
1043 5203 1230 5271 potius
1257 5200 1335 5254 ad
1368 5216 1435 5255 ea
1467 5201 1758 5268 referenda
1793 5202 2064 5257 credimus
2099 5217 2240 5270 quae

359 5273 509 5327 cebet
545 5273 620 5328 N.
654 5271 795 5326 2295
844 5273 942 5328 ubi
990 5272 1153 5328 dicit.-
1203 5270 1410 5324 Putant
1460 5272 1680 5340 quidam
1731 5288 1949 5326 necesse
2002 5286 2122 5324 esse
2175 5279 2238 5323 ut

284 5287 544 5397 gimnus
579 5342 873 5397 calumnias
907 5342 1053 5396 illins
1087 5357 1189 5412 per
1216 5338 1456 5408 aliqum
1471 5341 1807 5398 occasionem
1842 5340 2045 5395 refutet
2078 5344 2234 5396 caat.

1497 4649 1809 4774 5⁸:363
1845 4649 2000 4772 2}ssss
2033 4665 2242 4720 ‘'⁴⁰⁹¹“

2026 405 2191 469 1555
2237 401 2564 471 ΟΟΤΟΒ.

4167 407 4295 471 846

2338 590 2748 659 deteriorem.
2839 592 3109 659 Utinam
3168 592 3355 657 daret
3399 592 3615 657 locum
3656 592 3880 658 foedae
3923 594 4301 678 tempestati

2339 688 2405 744 et
2449 700 2521 745 se
2563 681 2632 745 in
2678 687 2869 763 portu
2912 680 3292 744 contineret.
3333 714 4301 729 ————————

2344 802 2422 812 —
2467 803 2553 813 —
2596 764 3000 849 Reutlingae
3041 765 3253 848 pridie
3294 764 3445 830 Kal.
3486 766 3878 831 Novembris
3930 771 4114 832 1555.

3754 901 4124 987 Vergerius.

3232 1449 3432 1520 2337.

2724 1620 3198 1689 OAJNINUS
3243 1621 3919 1690 VALLEVILLIO.

2522 1793 2814 1859 Testatur
2866 1816 2933 1860 se
2994 1796 3251 1859 minime
3313 1795 3647 1860 sinistram
3711 1797 4056 1877 opinionem
4098 1798 4172 1862 de
4227 1818 4294 1864 eo

2343 1881 2715 1961 concepisse,
2771 1880 3052 1961 perhibet
3114 1886 3319 1946 tamen
3368 1901 3509 1946 eum
3566 1882 3776 1964 ipsum
3828 1883 3904 1947 de
3957 1885 4111 1948 aliis
4166 1886 4294 1950 ini-

2343 1967 2903 2118 {Zfferejzdicm
2975 1973 3032 2031 et
3074 1968 3269 2031 nimis
3331 1988 3484 2032 suae
3546 1968 3919 2051 anylicanae
3980 1970 4292 2052 formulae

2348 2224 2462 2287 (Ex
2508 2225 3026 2278 autoschediasmate
3071 2225 3281 2279 calvini
3326 2225 3383 2276 in
3430 2223 3558 2277 Ood.
3595 2224 3796 2279 GeneV.
3845 2225 3990 2293 107⁸,
4038 2227 4129 2281 fol.
4174 2226 4296 2293 304,

2347 2295 2469 2346 coll.
2525 2310 2570 2349 c.
2622 2294 2749 2348 eod.
2797 2291 2915 2361 108,
2962 2293 3054 2347 fol.
3107 2292 3638 2427 165ἡοῗρᾴ.)Βθι·η.
3676 2294 3795 2351 v11.
3841 2294 3911 2349 35
3963 2302 4020 2350 et
4079 2296 4298 2350 Simleri

2962 2532 3295 2599 Richardo
3331 2534 3685 2599 Vauvillio.

2521 2704 2591 2771 S.
2660 2704 2853 2786 Quod
2918 2704 3039 2770 tibi
3106 2727 3224 2788 per
3282 2707 3364 2771 D.
3413 2705 3713 2771 Secelium
3779 2729 3909 2772 non
3954 2709 4184 2792 scripsi
4228 2717 4298 2775 et

2345 2790 2518 2857 binis
2544 2791 2595 2878 1)
2638 2812 2803 2874 quae
2843 2792 2924 2857 ab
2969 2792 3108 2856 eius
3152 2791 3444 2857 discessu
3481 2792 3643 2856 mihi
3688 2792 3978 2858 redditae
4021 2805 4176 2859 sunt
4216 2795 4297 2860 li-

2349 2880 2508 2943 teris
2567 2897 2743 2943 nunc
2800 2878 3063 2943 demum
3109 2878 3398 2943 breviter
3441 2878 3820 2960 respondeo,
3867 2880 4054 2945 dabis
4094 2881 4298 2946 tardi-

2348 2964 2469 3029 tati
2533 2984 2717 3028 meae
2780 2966 3057 3029 veniam.
3149 2964 3318 3036 Alia,
3363 2962 3444 3028 de
3500 2966 3737 3047 quibus
3782 2974 3999 3030 tecum
4022 2967 4296 3034 amicus

2346 3050 2458 3115 ille
2512 3059 2735 3116 noster
2785 3050 3094 3134 loquutus
3150 3061 3268 3124 est,
3324 3051 3477 3132 quia
3530 3060 3824 3132 repetere
3868 3073 4101 3135 operae
4146 3073 4296 3137 pre-

2347 3138 2518 3202 tium
2562 3159 2694 3202 non
2741 3146 2859 3214 est,
2896 3157 3075 3201 nunc
3116 3145 3476 3221 praetereo,
3566 3137 3791 3204 Unum
3833 3138 3996 3203 illud
4043 3139 4124 3203 de
4168 3162 4295 3223 quo

2349 3233 2412 3288 te
2441 3244 2686 3307 purgas
2731 3225 3071 3307 attingam.
3161 3221 3357 3303 Quod
3399 3224 3596 3287 nimis
3641 3225 3834 3289 anxie
3892 3236 3959 3288 te
4001 3225 4298 3292 laborare

2346 3331 2429 3374 ex
2474 3310 2604 3373 tuis
2648 3309 2855 3374 literis
2876 3309 3343 3390 intelligebam,
3391 3329 3476 3372 ne
3510 3330 3704 3391 quam
3749 3309 3830 3375 de
3875 3321 3939 3376 te
3962 3313 4298 3379 sinistram

2347 3397 2723 3478 opinionem
2759 3417 2841 3460 ex
2885 3395 3069 3461 falsis
3094 3394 3529 3460 delationibus
3576 3404 3819 3460 temere
3863 3398 4296 3479 conciperem,

2348 3503 2485 3546 non
2529 3481 2667 3545 dixi
2700 3482 2825 3547 hac
2870 3480 2950 3546 de
2993 3502 3192 3549 causa
3235 3501 3343 3543 me
3384 3480 3585 3545 fuisse
3608 3482 3949 3557 offensum,
3998 3505 4118 3549 nec
4160 3484 4295 3563 ille,

2348 3576 2427 3632 ut
2481 3567 2730 3649 opinor,
2768 3567 2861 3633 sie
2907 3587 2979 3632 re
3009 3565 3146 3631 ulit.
3223 3564 3358 3632 Sed
3404 3575 3660 3630 tantum
3695 3568 4011 3632 mandavi
4055 3577 4132 3633 ut
4173 3569 4296 3635 tibi

2348 3674 2822 3737 supervacuam
2856 3674 3081 3718 curam
3126 3654 3461 3717 eximeret.
3542 3653 3759 3717 Simul
3797 3655 3997 3719 etiam
4042 3655 4296 3721 moneri

2348 3749 2416 3805 te
2474 3739 2658 3804 volui
2702 3760 2787 3803 ne
2830 3739 3124 3803 omnium
3168 3737 3405 3803 delicta
3449 3746 3562 3802 tuo
3606 3741 3963 3822 patrocinio
4006 3742 4292 3824 tegenda

2348 3826 2730 3907 susciperes.
2815 3825 2988 3891 Nam
3045 3824 3283 3907 plurali
3351 3845 3624 3889 numero
3679 3847 3905 3891 omnes
3969 3828 4081 3908 qui
4144 3828 4294 3895 istic

2348 3922 2505 3977 sunt
2539 3909 2919 3993 complexus
2952 3911 3187 3974 fueras.
3258 3909 3329 3973 Id
3376 3919 3597 3974 autem
3637 3922 3796 3988 erat,
3843 3934 3987 3977 meo
4032 3911 4292 3992 iudicio,

2347 3997 2616 4062 modum
2661 3997 2991 4062 excedere.
3081 3994 3154 4061 Si
3201 3996 3284 4060 ad
3329 3995 3644 4078 collegam
3666 4002 3720 4073 ²)
3766 4000 4126 4082 restringis,
4174 3999 4293 4065 tibi

2346 4083 2610 4166 quidem
2677 4083 2820 4147 eius
2872 4084 3117 4148 famam
3161 4102 3357 4147 curae
3399 4103 3540 4147 esse
3605 4083 3875 4167 gaudeO,
3923 4087 4075 4167 quia
4118 4092 4185 4149 et
4221 4084 4293 4150 id

2347 4189 2633 4252 aequum
2689 4179 2789 4234 est
2844 4178 2911 4233 et
2955 4168 3283 4232 fraternae
3344 4177 3603 4233 vestrae
3656 4170 4097 4234 coniunctioni
4143 4190 4293 4234 con-

2347 4265 2754 4321 sentaneum.
2843 4255 3057 4321 Probe
3114 4255 3332 4330 etiam,
3400 4254 3457 4318 si
3515 4276 3665 4319 eum
3722 4257 3963 4320 iniuste
4029 4257 4294 4339 gravari

2347 4341 2614 4418 sentias,
2652 4349 2716 4404 te
2759 4342 3064 4424 opponis:
3111 4338 3222 4403 sed
3262 4339 3609 4422 prudentia
3651 4338 4021 4406 adhibenda
4062 4351 4165 4405 est
4206 4364 4293 4407 ne

2346 4428 2715 4512 promiscue
2751 4437 2817 4490 et
2854 4426 3096 4510 absque
3131 4425 3384 4491 delectu
3430 4425 3513 4490 ad
3573 4425 4017 4493 defensionem
4061 4447 4291 4509 quam-

2346 4514 2508 4579 libet
2550 4526 2614 4577 te
2658 4514 2939 4596 ingeras.

2520 4598 2670 4665 Tibi
2726 4620 2843 4665 cur
2905 4605 3158 4663 metuas
3215 4618 3477 4664 causam
3541 4618 3671 4663 non
3737 4596 3947 4676 video,
4008 4619 4082 4666 ac
4127 4600 4292 4665 mihi

2346 4685 2555 4750 doluit
2597 4694 2662 4748 te
2708 4683 2787 4749 de
2831 4683 3040 4749 nihilo
3076 4693 3417 4767 tantopere
3461 4705 3603 4748 esse
3647 4683 4020 4751 sollicitum.
4109 4685 4293 4751 Nihil

2345 4772 2524 4837 enim
2568 4791 2832 4854 prorsus
2867 4792 2972 4835 me
3017 4770 3274 4835 audisse
3317 4778 3521 4834 testor
3554 4770 3725 4853 quod
3771 4772 3889 4836 tibi
3933 4770 4042 4836 vel
4077 4772 4293 4838 levem

2345 4857 2668 4923 maculam
2715 4867 3106 4942 aspergeret.
3195 4856 3257 4920 N
3261 4877 3334 4921 ec
3375 4856 3616 4922 mirare
3669 4856 3726 4923 si
3784 4856 3949 4922 mihi
3991 4857 4293 4940 displicet

2341 5129 2605 5196 2887.1)
2640 5133 2985 5185 recentiorem
3018 5129 3179 5184 modo
3212 5130 3392 5198 kqisti
3424 5126 3670 5195 N.229⁷,
3703 5131 3962 5197 priorem,
3998 5131 4113 5184 nisi
4146 5130 4296 5186 dixe-

2338 5205 2425 5255 ris
2464 5202 2641 5283 fuisse
2677 5199 2753 5281 N,
2787 5198 2943 5264 2181,
2990 5215 3103 5252 non
3149 5199 3417 5253 habemus
3497 5197 3731 5253 Omnino
3773 5199 3965 5267 plures
4009 5203 4296 5271 utriusque

2339 5269 2959 5403 m“dii⁶pss⁸ff322¹g'
2969 5340 3105 5405 puto
3136 5333 3397 5400 (semen.)
