4850 6200
473 434 602 496 699

1347 609 1545 680 2258.

835 764 1344 835 HALLERUS
1392 762 2027 833 BULLINGERO.

643 945 970 1027 Neyotium
1035 940 1383 1005 Genevense
1437 937 1827 1003 concordiam
1882 937 2042 999 inter
2090 938 2421 1014 utramque

464 1031 770 1098 civitatem
836 1027 1092 1094 minime
1160 1025 1388 1107 firmat.
1515 1021 1818 1088 Calvinus
1886 1021 2158 1103 pessime
2222 1019 2418 1094 audit,

468 1118 644 1199 apud
706 1116 1059 1181 Beruenses
1124 1111 1355 1194 quibus
1419 1111 1555 1193 ipse
1617 1113 1672 1172 et
1741 1107 1998 1190 collegae
2055 1126 2173 1188 pro
2239 1104 2422 1170 libitu

472 1204 839 1285 satisfacere
879 1204 1206 1283 nequeunt.

472 1374 581 1441 (Ex
622 1374 961 1443 autographo
998 1372 1218 1424 Archiv.
1255 1369 1434 1422 Turio.
1458 1367 1605 1421 Plut.
1628 1365 1723 1420 VI.
1760 1366 1877 1419 Vol.
1906 1363 2023 1429 154,
2060 1364 2205 1417 olim.
2245 1363 2419 1416 Sci-in.

704 1445 770 1498 B.
807 1444 947 1511 Epp.
982 1441 1136 1494 Tom.
1175 1438 1259 1506 32,
1296 1438 1387 1490 sol.
1424 1435 1546 1488 221.
1585 1464 1650 1474 —
1691 1435 1903 1488 Simler.
1940 1434 2057 1488 vol.
2093 1431 2201 1497 85.)

646 1612 1030 1680 Clarissimo
1074 1612 1156 1675 D.
1203 1609 1588 1693 Heinrycho
1634 1607 2022 1690 Bullingero
2067 1604 2424 1688 Tigurinae

474 1702 786 1769 ecclesiae
830 1696 1077 1782 pastori
1122 1695 1499 1761 fidelissimo
1543 1693 1804 1759 domino
1841 1714 1915 1758 ac
1952 1691 2269 1774 compatri
2307 1710 2425 1756 suo

475 1784 879 1853 honorando.

2000 1863 2250 1948 Tiguri.

650 2046 720 2110 S.
782 2043 1103 2125 Quamvis
1142 2041 1307 2105 nihil
1352 2042 1440 2105 sit
1474 2060 1649 2104 nunc
1690 2036 1859 2121 quod
1898 2036 2195 2113 scribam,
2241 2034 2426 2099 nolui

479 2140 701 2197 tamen
748 2131 939 2195 hosce
982 2140 1126 2193 tuos
1169 2126 1308 2192 sine
1343 2127 1506 2191 meis
1550 2125 1631 2188 ad
1677 2134 1741 2188 te
1780 2124 2021 2186 venire.
2082 2120 2207 2186 Per
2247 2124 2425 2203 ipsos

482 2220 660 2283 enim
715 2215 831 2281 abs
889 2226 953 2279 te
1007 2224 1311 2295 exspecto
1372 2212 1780 2295 copiosiores.
1893 2205 2069 2288 Quid
2143 2208 2251 2271 hic
2309 2208 2426 2272 fiat

476 2313 811 2388 exponent
853 2302 996 2384 ipsi.
1085 2300 1395 2365 Genevae
1430 2297 1735 2362 audimus
1771 2293 2144 2360 exulcerata
2186 2294 2422 2358 omnia.

477 2389 700 2472 Aliqui
759 2409 934 2452 nunc
997 2386 1315 2468 supplicio
1371 2384 1606 2449 affecti.
1668 2382 1893 2447 Nostri
1952 2381 2426 2445 exacerbantur

473 2496 725 2558 quoque
767 2473 837 2537 in
881 2474 1029 2537 illos
1074 2472 1284 2554 magis
1327 2490 1402 2534 ac
1447 2471 1676 2553 magis.
1765 2467 2019 2532 Vereor
2059 2467 2281 2548 peiora
2324 2486 2423 2530 se-

475 2574 762 2644 quutura
815 2560 942 2624 nisi
996 2558 1323 2622 Dominus
1379 2567 1651 2620 avertat.
1777 2552 2079 2621 Calvinus
2146 2552 2425 2633 pessime

476 2647 675 2712 audit.
706 2651 755 2723 ¹)
844 2646 1108 2709 Literae
1152 2642 1470 2725 quaedam
1514 2641 1690 2706 illius
1735 2639 1815 2705 ad
1861 2640 2102 2703 amicos
2146 2639 2425 2720 scriptae

476 2742 544 2798 et
586 2732 668 2798 ab
710 2732 839 2797 illis
883 2729 1039 2795 dum
1084 2730 1410 2794 incautius
1446 2736 1870 2793 servarentur
1904 2735 2262 2807 surreptas,
2309 2746 2425 2789 seu

474 2820 691 2903 potins
746 2828 1093 2899 antequam
1166 2814 1248 2878 ad
1306 2815 1453 2879 illos
1513 2813 1936 2896 pervenirent
2004 2811 2423 2892 interceptae,

474 2925 715 2988 magna
777 2903 963 2968 illum
1031 2912 1317 2985 gravant
1380 2900 1651 2965 invidia.
1675 2904 1733 2975 2)
1856 2896 2042 2962 Nihil
2108 2896 2425 2961 efficimus

471 2990 661 3056 illum
704 2987 1111 3053 defendendo
1154 2995 1222 3052 et
1264 2983 1655 3051 excusando
1756 2983 1946 3048 Nova
2002 2983 2197 3047 etiam
2258 2983 2341 3047 lis
2370 2985 2426 3059 ⁸)

470 3077 647 3142 inter
690 3075 1003 3159 quosdam
1048 3073 1385 3139 ministros
1420 3081 1538 3150 est,
1587 3072 1695 3154 qui
1730 3069 2119 3135 iniuriarum
2168 3090 2239 3134 se
2280 3089 2425 3134 mu-

473 3170 587 3228 tuo
632 3172 959 3240 accusant,
1006 3169 1073 3225 et
1107 3180 1335 3224 vereor
1368 3179 1450 3222 ne
1495 3157 1714 3240 plures
1758 3155 1972 3222 adhuc
2005 3155 2428 3220 involvantur

473 3249 605 3314 alii.
671 3248 992 3330 Magnum
1039 3246 1193 3311 hinc
1215 3245 1513 3329 gignitur
1555 3242 1956 3318 scandalum,
2001 3251 2070 3307 et
2111 3263 2187 3306 eo
2220 3243 2428 3324 magis

473 3334 823 3400 ministerii
896 3332 1286 3416 deprimitur
1358 3331 1674 3395 autoritas
1736 3336 1981 3411 quanto
2037 3328 2247 3411 magis
2303 3328 2427 3410 ipsi

475 3417 925 3487 contendendo
994 3419 1133 3483 eius
1219 3417 1606 3500 dignitatem
1693 3412 2003 3479 extollere
2082 3423 2426 3479 conantur.

481 3504 743 3572 Calvino
800 3514 866 3568 et
927 3503 1180 3570 Farello
1236 3523 1474 3587 parum
1535 3522 1655 3568 nos
1712 3506 2046 3584 praestare
2107 3499 2424 3565 videmur.

477 3591 613 3658 Sed
658 3591 817 3674 quid
861 3612 1135 3675 agamus
1175 3590 1245 3653 in
1300 3589 1464 3654 mari
1522 3591 1649 3654 isto
1704 3587 2050 3652 turbarum
2105 3599 2171 3650 et
2226 3606 2426 3668 nego-

479 3681 741 3756 tiorum,
811 3678 939 3742 nisi
998 3686 1072 3741 ut
1117 3674 1200 3740 ad
1248 3675 1507 3740 clavum
1560 3674 1818 3739 fortiter
1862 3681 2133 3750 stantes,
2196 3673 2252 3737 si
2296 3693 2427 3736 non

478 3765 722 3829 fluctus
778 3783 1204 3846 compescere,
1259 3762 1490 3826 saltem
1556 3781 1794 3825 navem
1850 3759 2242 3825 incolumem
2291 3779 2427 3823 ser-

476 3871 637 3915 vare
680 3849 1049 3915 enitamur?
1152 3848 1319 3913 Cras
1355 3848 1663 3930 praefecti
1706 3845 2123 3912 creabuntur.
2236 3843 2429 3909 Unde

478 3935 704 4017 iniquo
746 3934 1096 4001 admodum
1140 3944 1431 4016 tempore
1475 3933 1545 3998 hi
1581 3932 1695 3997 abs
1740 3943 1805 3996 te
1845 3933 2063 3997 vocati
2098 3930 2426 3997 videntur.

481 4021 702 4087 Velim
746 4023 924 4086 enim
967 4043 1077 4085 eos
1134 4021 1467 4086 interesse.
1570 4020 1671 4083 De
1725 4017 2137 4102 expeditione
2194 4017 2432 4101 gallica

481 4107 643 4174 satis
678 4109 795 4173 tibi
856 4116 1128 4173 constat.
1232 4107 1339 4171 Ex
1401 4105 1623 4172 Gallia
1680 4104 1847 4169 nihil
1907 4105 2241 4181 habemus,
2300 4103 2429 4169 nisi

525 4193 655 4258 nod
700 4194 1034 4260 Gameraci
1078 4202 1143 4257 et
1186 4192 1339 4258 alibi
1386 4192 1574 4258 multi
1619 4203 1887 4274 propter
1929 4190 2225 4256 veritatis
2281 4210 2427 4271 pro-

479 4215 833 4347 ffessionem
873 4281 944 4344 in
990 4278 1274 4345 vinculis
1319 4278 1717 4354 detinentur,
1764 4287 1832 4342 et
1881 4277 2169 4358 quotidie
2228 4275 2429 4357 aliqui

482 4366 825 4432 tolluntur.
926 4365 1252 4430 Dominus
1318 4366 1706 4430 misereatur
1771 4363 2083 4428 ecclesiae
2150 4384 2308 4428 suae
2365 4369 2433 4426 et

479 4464 699 4518 servet
733 4473 855 4518 nos
884 4473 923 4516 a
966 4451 1156 4516 male.
1217 4450 1517 4516 Salutem
1562 4450 1692 4514 tuis
1734 4450 2037 4514 omnibus
2071 4469 2218 4514 meo
2253 4469 2431 4512 meo-

478 4560 755 4622 rumque
798 4537 1064 4603 nomine
1109 4537 1323 4603 dicito.
1415 4538 1675 4602 Bernae
1720 4539 1821 4600 27.
1868 4535 2022 4600 Iulii
2074 4539 2255 4598 1555.

1848 4673 1902 4737 I.
1952 4672 2039 4738 H.
2085 4681 2257 4738 tuus.

486 4765 891 4774 ———----.-

481 4845 738 4904 md)
780 4845 1010 4900 Ber-nae.

685 4914 740 4977 2)
780 4914 852 4969 N.
888 4914 1044 4970 2199.
1078 4914 1235 4969 2231.

683 4983 737 5051 3)
778 4983 865 5039 Dc
898 5001 1013 5054 qua
1047 4985 1320 5055 hucusque
1357 4985 1511 5040 aaut.

1280 5261 1680 5272 ————.—

1962 413 2489 484 EPISTOLAE
2534 414 2960 477 2253—2255

4355 409 4481 473 700

3388 594 3590 666 2254.

3045 765 3451 833 Vmerus
3497 718 3991 834 FARELLos

2525 959 3070 1112 mmlx—vicesima
3133 978 3211 1023 ex
3281 958 3529 1023 Genera
3605 961 3660 1022 et
3736 957 3812 1022 de
3888 957 4113 1023 vinctis
4186 955 4482 1022 Camera-

2529 1252 2641 1315 (Ex
2693 1250 3030 1321 autographo
3077 1250 3435 1305 bibliothecae
3482 1256 3761 1319 pastorum
3808 1247 4273 1302 Neocomensium.
4343 1248 4485 1318 Epp.

3140 1319 3318 1372 Vireti
3357 1319 3483 1371 fasc.
3519 1318 3615 1370 lx.
3652 1317 3724 1370 N.
3766 1316 3868 1381 15.)

2700 1510 2965 1575 Eximio
3024 1508 3273 1575 Christi
3333 1527 3524 1573 servo
3581 1504 3937 1573 Guilielmo
3993 1504 4254 1571 Farello
4311 1505 4486 1571 Neo-

2529 1597 2852 1662 comensis
2895 1595 3207 1662 ecclesiae
3251 1593 3498 1677 pastori
3544 1592 3924 1657 fidelissimo
3977 1591 4170 1656 fratri
4214 1602 4279 1657 et
4313 1592 4487 1675 patri

2529 1703 2649 1746 suo
2684 1682 3045 1765 plurimum
3090 1678 3483 1745 venerando

3984 1814 4046 1879 N
4049 1815 4314 1880 eocomi.

2703 1988 2773 2055 S.
2837 1989 3010 2071 Quia
3056 1989 3263 2054 multa
3320 1988 3402 2053 ad
3446 1998 3513 2052 te
3568 1987 3844 2071 legenda
3899 1987 4108 2065 mitto,
4164 1987 4312 2052 ideo
4368 1986 4488 2052 tibi

2529 2096 2726 2159 parco
2781 2076 3126 2142 literarum
3185 2074 3524 2139 brevitate.
3643 2074 3794 2140 Huc
3850 2072 4015 2138 adde
4074 2071 4247 2155 quod
4316 2073 4486 2138 nihil

2530 2172 2632 2227 est
2674 2162 2847 2244 quod
2892 2183 2997 2226 me
3041 2161 3464 2246 prolixiorem
3509 2161 3742 2225 merito
3787 2159 3998 2225 facere
4031 2160 4255 2242 possit.
4313 2158 4486 2223 Nam

2532 2247 2815 2313 nuncius
2860 2248 2978 2312 tibi
3022 2249 3259 2313 referet
3316 2245 3471 2329 quid
3515 2247 3622 2311 hic
3676 2256 3931 2330 agatur,
3998 2258 4066 2309 et
4121 2244 4274 2327 quid
4342 2255 4486 2309 tum

2532 2333 2846 2399 Genevae
2889 2344 3196 2417 ageretur
3239 2354 3438 2415 quum
3462 2332 3616 2397 inde
3652 2334 3859 2397 simus
3893 2331 4158 2415 egressi.
4216 2331 4325 2395 Ex
4360 2351 4486 2413 quo

2532 2419 2950 2485 discessimus
2995 2419 3253 2503 publica
3298 2419 3633 2501 praeconis
3682 2439 3841 2483 voce
3894 2417 4074 2482 citati
4118 2424 4186 2481 et
4238 2416 4487 2498 procla-

2531 2506 2693 2571 mati
2749 2516 2907 2571 sunt
2962 2507 3220 2571 circiter
3271 2509 3350 2567 27
3419 2526 3502 2568 ex
3557 2504 3867 2587 profugis,
3895 2506 3942 2582 ¹)
4011 2502 4120 2585 qui
4186 2524 4268 2567 ex
4325 2502 4487 2567 urbe

2532 2593 2782 2675 egressi
2828 2593 3121 2657 nondum
3165 2590 3453 2655 damnati
3478 2590 3676 2664 fuere,
3721 2590 3791 2652 in
3840 2589 4076 2671 quibus
4113 2587 4490 2653 Vendelinus

2532 2678 2820 2760 primum
2882 2679 3133 2744 obtinet
3190 2676 3426 2742 locum.
3530 2674 3662 2756 Qui
3722 2675 3853 2739 lam
3908 2674 4204 2739 damnati
4257 2685 4413 2739 sunt
4432 2676 4488 2758 ²)

2532 2784 2682 2830 cum
2728 2763 2873 2829 aliis
2916 2764 3166 2847 aliquot
3208 2762 3522 2845 proximis
3569 2761 3793 2826 diebus
3839 2761 3962 2825 hac
4003 2762 4129 2825 iter
4170 2761 4488 2838 fecerunt,

2533 2850 2841 2924 Bernam,
2888 2862 2962 2913 ut
3006 2851 3263 2925 dicitur,
3300 2848 3800 2933 proficiscentes.
3858 2844 4035 2912 Sunt
4077 2848 4188 2929 qui
4223 2844 4488 2926 addant,

2531 2945 2599 3000 et
2642 2936 2726 3000 ad
2768 2936 2928 3001 alios
2970 2935 3429 3001 Helvetiorum
3473 2954 3674 3018 pagos
3708 2953 4100 3011 accessuros,
4146 2942 4490 3017 questurus

2532 3019 2613 3087 de
2639 3023 2881 3087 iniuria
2903 3020 3027 3087 sibi
3051 3021 3266 3087 allata.
3329 3021 3510 3085 Haec
3533 3020 3731 3104 vulgo
3767 3021 4113 3084 iactantur.
4161 3019 4490 3086 Dominus

2531 3129 2755 3173 omnes
2795 3110 3080 3174 hostium
3127 3129 3392 3173 suorum
3440 3121 3708 3173 conatus
3753 3115 4009 3171 evertat
4050 3113 4118 3170 et
4171 3127 4325 3173 suos
4369 3125 4490 3172 suo

2532 3207 2720 3278 regat
2762 3198 3013 3279 spiritu.
3105 3196 3298 3260 Mitto
3343 3194 3427 3258 ad
3468 3203 3533 3258 te
3580 3194 3918 3257 historiam
3956 3192 4293 3260 seditionis
4336 3212 4492 3276 qua·

2532 3281 2614 3345 lis
2660 3303 2699 3345 a
2726 3282 2985 3346 Calvino
3010 3280 3336 3362 descripta
3379 3289 3478 3345 est
3514 3289 3580 3344 et
3603 3280 3804 3343 missa
3848 3278 3930 3342 ad
3952 3277 4411 3365 Bullinyerum.
4433 3277 4490 3364 ⁸)

2532 3367 2709 3432 Huic
2753 3367 2975 3431 addidi
3021 3366 3355 3449 exemplar
3410 3366 3751 3431 literarum
3796 3365 4168 3431 vinctorum
4212 3366 4493 3430 fratrum

2531 3455 2643 3534 qui
2691 3452 3148 3518 Chamberiaci
3192 3450 3570 3517 detinentur
3592 3456 3650 3524 ⁴)
3688 3461 3755 3515 et
3799 3472 4059 3516 summa
4115 3453 4330 3536 capita
4385 3471 4490 3516 re·

2532 3539 2940 3603 formationis
3024 3538 3436 3622 evangelicae
3512 3557 3677 3620 quae
3753 3538 3822 3601 in
3899 3558 4103 3621 regno
4179 3538 4491 3603 Poloniae

2530 3646 2759 3690 recens
2782 3634 3046 3708 recepta
3088 3633 3204 3689 est.
3226 3628 3279 3700 ⁸)
3336 3626 3561 3689 Vincti
3599 3623 3890 3687 damnati
3917 3631 4105 3687 erant
4128 3623 4210 3688 ad
4254 3643 4489 3702 remos,

2531 3731 2768 3793 nempe
2827 3733 2902 3775 eo
2967 3710 3237 3776 consilio
3305 3721 3376 3775 ut
3445 3712 3566 3776 hac
3634 3710 3742 3773 via
3811 3708 4259 3774 liberarentur.
4353 3707 4492 3775 Sed

2533 3795 2819 3862 Satanas
2842 3817 3084 3862 novum
3113 3796 3245 3862 illis
3268 3797 3512 3864 bellum
3535 3796 3846 3862 excitavit
3868 3817 3988 3879 per
4016 3796 4410 3872 Truchetum,
4435 3799 4486 3873 ⁸)

2534 3884 2851 3948 emissum
2875 3904 2911 3947 a
2956 3884 3241 3949 Guisano
3286 3895 3358 3948 ut
3389 3892 3717 3965 retegeret
3757 3880 3931 3964 quod
3982 3881 4198 3948 adhuc
4239 3880 4490 3947 latebat

2536 3968 2617 4033 de
2679 3969 3145 4034 constitutione
3212 3970 3632 4036 ecclesiarum
3690 3966 4337 4033 Pedemontanarum
4405 3965 4488 4032 ad

2536 4077 2696 4137 quas
2742 4056 2946 4122 vincti
2994 4056 3444 4121 mittebantur.
3535 4055 3719 4120 Haec
3763 4051 3845 4116 ad
3889 4063 3958 4118 te
4001 4054 4212 4120 scribo
4252 4061 4331 4118 ut
4373 4052 4490 4118 ad-

2536 4327 2801 4388 22541)
2840 4328 2926 4393 Cf.
2960 4328 3038 4383 N.
3072 4328 3227 4383 2250.

2739 4397 2798 4464 2)
2841 4397 3083 4466 Quorum
3116 4399 3342 4452 nomina
3375 4412 3547 4465 supra
3576 4399 3768 4467 legisti.
3823 4397 3943 4464 Quo
3975 4403 4137 4465 pacto
4173 4395 4392 4451 Ber-nae
4424 4396 4495 4452 de

2533 4468 2651 4521 Μ’
2685 4468 3218 4600 ‘tristata
3242 4466 3481 4605 353?
3494 4467 3605 4596 ἅθ’
3627 4464 3807 4602 ὲέὧ)

2743 4671 2806 4738 5)
2845 4674 2921 4726 In
2954 4675 3192 4728 comitiis
3231 4673 3722 4728 Petu-iconiensem
3754 4669 4266 4727 a 1555oe1ebratis
4299 4672 4498 4728 nuncii

2536 4757 2673 4812 quos
2706 4743 2977 4798 vocabant
3006 4745 3044 4797 i.
3079 4758 3123 4798 e.
3170 4744 3503 4811 parlamenti
3527 4743 3771 4810 polonici
3803 4742 4039 4795 membra
4072 4741 4358 4796 concilim
4391 4758 4496 4797 na·

2541 4811 2747 4865 tionale
2800 4812 2866 4865 de
2917 4814 3081 4867 rebus
3132 4813 3420 4880 religionis
3472 4812 3778 4866 habendum
3826 4812 4232 4880 tlaqitaverunt,
4291 4816 4343 4866 et
4389 4826 4495 4866 rea·

2544 4878 2929 4949 sigismundus
2975 4881 3256 4951 Auqustus
3313 4880 3490 4935 Paulo
3538 4880 3572 4933 1
3587 4880 3644 4935 V.
3695 4895 3882 4949 papae
3935 4880 4173 4950 quinque
4210 4880 4498 4949 postulata

2542 4949 2737 5005 obtulit
2771 4965 2845 5004 sc.
2907 4951 3129 5019 linquae
3164 4950 3487 5006 vernaculae
3519 4964 3679 5003 usum
3724 4950 3786 5003 in
3838 4948 4023 5015 missa,
4065 4950 4497 5005 communionem

2540 5020 2640 5073 sub
2685 5024 2933 5089 uvaque,
2988 5019 3397 5074 matrimonium
3438 5020 3770 5082 clericam,
3816 5017 4158 5072 abolitionem
4204 5024 4494 5086 ακκαᾱιοι,

2539 5088 3667 5144 σιοοκοᾱοαηιηαιὶοηαιεάεαὸωίὸιω
3768 5127 3780 5139 .
3842 5085 4131 5155 SamiV.
4185 5103 4230 5143 c.
4289 5085 4495 5146 2306.

2547 5156 2709 5213 ovar.
2746 5157 2818 5212 11.
2853 5155 2972 5220 154,
3013 5157 3168 5226 Salio
3202 5156 3272 5209 A„
3310 5157 3369 5212 0.
3405 5156 3478 5210 11.
3523 5154 3642 5211 697.
3831 5155 4150 5219 «arducius,
4190 5160 4323 5226 synt.
4366 5156 4496 5213 hiet.

2543 5227 2728 5282 chron.
2760 5227 2884 5282 eccl.
2917 5225 3057 5282 elac.
3086 5243 3144 5295 p.
3181 5223 3267 5278 77.

2750 5294 2811 5360 6)
2872 5296 3008 5350 Vide
3072 5296 3414 5364 captivorum
3490 5293 3960 5349 Cameracensiam
4039 5307 4121 5361 ep.
4186 5291 4267 5349 N.
4333 5292 4494 5351 2243.

2533 5362 2693 5420 2251.
