4850 6200
310 476 419 538 333

305 670 374 728 ut
408 660 533 729 hoc
576 659 960 728 concordiae
1002 659 1270 728 vinculo
1311 657 1551 726 melius
1590 652 1767 725 inter
1822 678 1895 727 se
1952 656 2241 723 devincti

303 758 639 825 manerent
681 768 719 813 c
766 747 986 832 iscopi.
1072 742 1646 830 Quemadmodum
1699 746 1755 811 si
1802 743 1995 810 hodie
2051 741 2238 811 illus·

303 834 581 901 kissimo
623 832 684 898 P
746 834 939 900 oniae
1002 853 1205 917 regno
1259 853 1433 899 unus
1474 839 1810 915 praeesset
1861 828 2237 913 Archicpis—

302 923 589 1019 cepa-⁸5⁸)
632 941 764 985 non
808 919 922 1002 qui
964 917 1415 1019 dominaretur
1485 918 1556 984 in
1612 916 1919 1017 reliquos,
1970 915 2239 1065 valdius

300 1002 1925 1244 tmfflfflzffinssmffmmzffffl
1938 1022 2239 1239 ..ga-³?

297 1199 360 1244 m
425 1200 462 1243 r
898 1197 1056 1244 suos
1132 1198 1169 1243 e
1274 1176 1512 1242 fratres
1575 1197 1695 1240 um
1723 1197 1766 1241 a
1991 1193 2188 1239 overe

297 1263 534 1330 Essent
575 1197 824 1329 deieffig
857 1263 964 1328 vel
1051 1260 1461 1339 rovinciales,
1505 1260 1616 1326 vel
1651 1259 1889 1328 urbani
1932 1259 2237 1343 episcopi,

295 1352 399 1501 gui
454 1348 877 1433 peculiariter
927 1284 1144 1415 orgini
1199 1345 1651 1416 conservando
1706 1346 1950 1412 intenti
2001 1346 2236 1444 forent.

344 1435 498 1501 icuti
542 1433 668 1502 hoc
711 1442 951 1501 natura
991 1432 1214 1514 dictat,
1256 1456 1462 1501 unum
1505 1453 1591 1499 ex
1633 1431 1914 1518 singulis
1945 1429 2069 1498 coll

294 1518 712 1671 &iugandum
789 1540 898 1671 conii
960 1520 1315 1670 praecipua
1384 1539 1552 1670 emh
1617 1516 1975 1585 incumbat.
2046 1609 2111 1668 te
2156 1514 2239 1582 ed

379 1628 418 1671 ιι
532 1626 604 1671 es
652 1655 672 1684 ,
736 1627 805 1670 m
891 1626 1146 1671 ereum
1295 1626 1440 1671 rere
1553 1624 1864 1682 onorem,
1960 1623 2046 1669 ua
2112 1624 2239 1669 nus

294 1692 537 1758 scilicet
592 1690 882 1758 hominis
937 1627 1334 1757 facultasgese
1387 1688 1716 1770 extendit,
1768 1625 1967 1775 quadi:
2022 1698 2236 1755 totum

293 1775 506 1844 orbem
566 1785 896 1842 terrarum
939 1777 1260 1842 immenso
1315 1776 1590 1861 imperio
1633 1796 1779 1843 com
1829 1775 1996 1840 lecti.
2094 1772 2235 1841 Nu-

291 1863 613 1949 gatorium
656 1882 815 1947 ergo
859 1875 977 1941 est,
1020 1861 1194 1945 quod
1237 1861 1319 1928 de
1361 1883 1496 1928 uno
1536 1862 1749 1945 capite
1888 1880 2237 1927 manenses

291 1951 622 2033 garriunt:
688 1949 844 2032 quia
899 1969 1022 2015 nec
1086 1968 1274 2014 sacra
1340 1946 1472 2014 Dei
1531 1947 1859 2013 ordinatio
1919 1956 2055 2025 est,
2114 1964 2237 2011 nec

291 2036 525 2102 veteris
570 2034 880 2102 ecclesiae
923 2056 1051 2100 usu
1096 2042 1451 2118 receptum,
1500 2032 1786 2111 Christo,
1845 2052 2042 2117 quem
2085 2032 2239 2097 uni-

289 2142 451 2273 cum(l
471 2123 783 2187 omnibus
841 2122 1153 2202 praefecit
1205 2120 1503 2189 coelestis
1545 2131 1753 2203 pater,
1813 2119 2085 2203 adiungi
2133 2138 2237 2184 se-

287 2229 405 2273 cun
451 2228 570 2273 um
613 2226 692 2274 ca
735 2218 826 2272 ut.
1389 2218 1394 2223 ’

447 2292 593 2358 Iam
629 2228 935 2375 qni’amvis
967 2293 1110 2358 iure
1143 2293 1215 2358 in
1250 2292 1623 2358 Romanum
1657 2290 2025 2375 pontificem
2061 2308 2237 2354 com-

285 2387 542 2462 peteret
584 2399 885 2445 summus
928 2378 1168 2444 honor:
1215 2397 1292 2444 eo
1334 2388 1556 2443 tamen
1614 2399 1684 2445 se
1726 2377 2023 2460 privavit
2076 2376 2236 2458 ipse,

288 2486 479 2548 quum
527 2476 599 2530 et
641 2488 679 2529 a
717 2465 847 2531 fide
891 2464 1245 2548 apostolica
1277 2463 1531 2539 defecit,
1577 2474 1646 2528 et
1688 2463 1902 2530 locum
1944 2461 2239 2527 deseruit

289 2550 401 2615 sibi
470 2550 792 2615 divinitus
876 2552 1312 2616 commissum.
1435 2549 1604 2615 Nam
1683 2558 1761 2614 ut
1815 2550 2070 2632 primus
2149 2548 2238 2612 sit

277 2638 452 2703 inter
543 2637 758 2702 eisco
893 2687 911 2713 ,
995 2637 1019 2701 i
1146 2656 1213 2700 m
1296 2656 1440 2703 esse
1514 2636 1996 2702 eiscoumo
2083 2642 2232 2698 rtet.

284 2723 510 2799 Porro,
558 2658 1331 2807 qaumpsszmffiufimlo
1379 2655 1910 2806 indigenumpesse
1957 2653 2231 2795 copiistet,

285 2811 404 2958 qud
443 2808 662 2875 officio
684 2807 1009 2958 'docendil
1039 2808 1540 2959 nondfimgjittgr:
1587 2804 1870 2957 quiddde
1917 2806 2232 2956 ⁰g.⁸⁸¹¹¹²i·

285 2915 361 2959 en
407 2915 547 2973 um,
637 2916 703 2958 ιιι
738 2914 868 2959 ιιοιι
913 2914 1125 2959 εοιιιιι
1214 2914 1252 2959 e
1373 2916 1392 2958 1
1507 2913 1706 2958 onere
1794 2911 1951 2957 ocen
2000 2913 2023 2955 ι
2126 2911 2232 2955 ro·

283 2979 452 3046 fanis
510 2915 767 3066 poilnpis
827 2979 1141 3059 exsultat,
1207 2914 1370 3045 sgd)s
1367 2978 1618 3046 Christi
1672 2978 2037 3044 doctrinam
2079 2912 2232 3041 tiion

282 3067 500 3133 minus
545 3064 898 3134 crudeliter
939 3086 1133 3148 quam
1190 3066 1389 3149 impie
1441 3065 1865 3150 exstinguere
1919 3061 2234 3130 conatur?

283 3151 357 3219 Si
398 3153 551 3220 vult
593 3172 634 3218 a
668 3151 877 3218 Paulo
921 3149 1163 3236 aliquid
1209 3152 1495 3217 mutuari
1537 3171 1724 3235 papa,
1789 3150 1876 3216 sit
1931 3149 2234 3215 minister

282 3239 554 3318 Christi,
598 3245 669 3303 et
709 3236 1118 3321 dispensator
1157 3239 1623 3322 mysteriorum
1683 3237 1829 3310 Dei,
1925 3234 1999 3302 Si
2044 3234 2233 3301 Petri

282 3325 510 3411 elogiis
557 3323 704 3390 vult
745 3344 818 3390 se
871 3344 1126 3401 ornare,
1182 3325 1266 3390 sit
1320 3323 1532 3389 fidelis
1588 3324 1807 3408 gregis
1853 3330 2106 3408 pastor,
2166 3328 2234 3385 et

278 3412 462 3478 testis
497 3409 880 3496 passionum
926 3408 1195 3476 Christi.
1291 3407 1392 3475 Ab
1433 3408 1536 3475 his
1575 3430 1731 3474 vero
1771 3429 1976 3493 quum
2019 3408 2106 3472 sit
2148 3427 2231 3472 ex

278 3498 573 3580 professo
616 3494 891 3574 alienus,
932 3517 1009 3562 ac
1042 3518 1126 3561 ne
1169 3496 1435 3561 simulet
1453 3494 1718 3580 quidem
1760 3516 1830 3561 se
1862 3513 2234 3560 unumesse

278 3606 356 3648 ex
399 3581 595 3648 verbi
640 3581 759 3647 Dei
802 3582 1152 3647 ministris:
1201 3582 1373 3646 ultro
1444 3603 1513 3648 se
1555 3602 1597 3646 a
1644 3582 1948 3664 primatu,
1995 3580 2051 3646 si
2103 3600 2232 3664 quo

279 3669 518 3754 alioqui
574 3668 810 3734 fnisset
859 3679 1014 3734 ante
1067 3667 1434 3751 praeditus,
1504 3667 1777 3733 abdicat.
1877 3666 1980 3731 Ad
2051 3666 2232 3745 haec,

278 3754 605 3839 quomodo
626 3754 1048 3819 ecclesiarum
1071 3763 1287 3820 mater
1327 3754 1452 3820 erit
1473 3752 1706 3830 Roma,
1751 3771 1917 3835 quae
1962 3751 2234 3818 ecclesia

278 3841 482 3906 nihilo
517 3843 735 3925 magis
770 3841 1022 3906 censeri
1055 3849 1349 3905 meretur
1381 3859 1579 3922 quam
1614 3837 1963 3924 Babylon?
2013 3837 2229 3904 Eccle-

278 3928 411 3992 siae
455 3928 686 3993 anima
730 3937 832 3992 est
875 3925 1206 3993 doctrinae
1240 3926 1526 4011 puritas:
1571 3944 1768 4006 quam
1795 3924 2044 3988 Romae
2088 3944 2231 3989 esse

277 4033 552 4094 prorsus
610 4011 923 4078 abolitam
965 4033 1169 4095 quum
1225 4023 1405 4079 certo
1461 4012 1702 4076 certius
1756 4011 1876 4088 sit,
1930 4011 2232 4092 sequitur

276 4099 406 4165 illic
451 4107 706 4165 restare
765 4098 1091 4164 duntaxat
1145 4111 1474 4164 mortuum
1533 4096 1828 4163 cadaver.
1932 4094 2233 4180 Denique

327 4186 340 4199 '
397 4188 412 4200 ‘
500 4184 883 4262 absurdius,
942 4204 1138 4267 quam
1192 4204 1311 4267 pro
1366 4183 1704 4267 religionis
1761 4183 2051 4247 antistite
2108 4182 2228 4249 co‘

279 4185 443 4250 mlul
2187 4181 2235 4246 11

884 4322 900 4343 .
943 4270 1056 4352 qui
1091 4271 1478 4336 manifestus
1514 4278 1615 4334 est
1649 4269 1787 4333 veri
1825 4276 1894 4332 et
1935 4268 2233 4354 germani

846 4356 1022 4421 ostis.

279 4272 347 4335 in
383 4270 644 4338 Christi
680 4291 797 4354 gre

278 4356 754 4423 christianismi

447 4443 665 4508 Porro
707 4441 900 4525 longe
929 4441 1177 4507 fallitur
1212 4441 1524 4508 Maiestas
1559 4441 1822 4516 Vestra,
1865 4442 1918 4505 si
1966 4460 2234 4523 exspec-

280 4535 392 4606 tat,
441 4526 606 4593 dum
653 4525 738 4592 ad
781 4530 906 4592 rite
948 4526 1363 4593 formandum
1408 4528 1593 4612 regni
1640 4527 1936 4594 Polonici
1985 4533 2234 4592 statum

279 4614 416 4680 eius
500 4621 722 4678 sectae
796 4614 1107 4678 autoritas
1177 4613 1573 4678 interveniat
1598 4665 1612 4689 ,
1693 4634 1886 4697 quam
1955 4611 2234 4677 delectat

278 4711 468 4766 vasta
516 4708 589 4765 et
630 4697 958 4764 horrenda
1001 4698 1310 4765 confusio.
1399 4698 1712 4783 Regnare
1765 4719 1913 4764 cum
1969 4718 2089 4763 sua
2132 4718 2235 4764 ca-

276 4799 471 4852 terva
545 4806 685 4851 non
763 4792 980 4869 potest
1060 4804 1229 4869 papa
1306 4784 1654 4850 Romanus
1727 4785 1853 4849 nisi
1925 4803 2235 4867 oppressa

285 4961 378 4967 -.--
459 4960 690 4968 ..ρο-ὲὺ-

487 5058 552 5122 3)
593 5058 717 5114 Hoc
752 5058 1108 5128 privandum
1157 5056 1459 5127 prudenter
1507 5057 1711 5112 Noster
1755 5058 1857 5111 uni
1901 5057 2146 5112 cumdii
2187 5061 2239 5111 et

277 5129 441 5182 aaut
573 5129 585 5140 '
911 5144 1109 5183 nonen
1141 5134 1193 5182 σε
1233 5126 1554 5195 dianium
1585 5129 1805 5181 minime
1846 5129 2075 5197 respuit,
2105 5129 2239 5196 qaia

276 5196 439 5250 alitor
560 5144 837 5277 mendo
881 5197 1144 5253 Polom‘ae
1187 5197 1571 5276 reformationi
1611 5197 1727 5264 ipse
1773 5197 2019 5251 maxima
2058 5203 2110 5250 et
2153 5196 2237 5249 in-

276 5280 442 5333 super
575 5267 585 5278 “
665 5266 942 5322 obiecisset
983 5266 1278 5321 obstacula.
1362 5263 1511 5320 razu
1556 5271 1677 5320 crat
1719 5267 1880 5333 raom·
1922 5265 2239 5320 constiwh'o

277 5341 326 5385 et
362 5343 480 5388 tam
600 5337 609 5347 '
643 5351 719 5389 ua
754 5336 909 5403 reyia
928 5340 1175 5402 potestas
1208 5341 1270 5388 ut
1295 5333 1790 5390 contradiomtwuo
1811 5333 2079 5405 episcopis
2101 5333 2243 5389 nihil

277 5407 510 5459 omuino
678 5404 690 5416 '
712 5409 993 5473 potuisset.

1987 475 2149 536 1554
2193 468 2603 536 DECEMB.

4175 480 4301 544 334

2341 658 2648 738 coelem,
2707 656 2966 726 foedato
3036 658 3167 727 Dei
3220 659 3402 727 cultu
3421 713 3435 733 ,
3505 660 3787 729 lacerato
3848 662 4097 745 ordine,
4160 666 4294 732 imo

2341 755 2484 809 tota
2524 746 2766 828 pietate
2811 742 3041 812 deleta.
3165 747 3277 812 An
3335 747 3542 831 igitur
3595 746 3990 833 sperandum
4049 764 4168 831 est,
4218 759 4295 817 ut

2342 830 2458 914 qui
2514 830 2824 898 ecclesiae
2887 830 3090 898 exitio
3153 832 3473 916 pascitur,
3553 832 3912 899 remedium
3980 836 4293 903 sanandis

2343 918 2483 982 eius
2517 917 2765 984 morbis
2807 918 2912 984 vel
2947 918 3181 984 afferat
3220 919 3378 1001 ipse,
3425 919 3530 985 vel
3563 918 3860 986 adhiberi
3883 924 4290 989 consentiat?

2342 1001 2483 1068 Nec
2529 1021 2702 1080 vero,
2747 1003 2806 1068 si
2849 1004 2955 1086 pio
3003 1014 3067 1068 et
3110 1004 3471 1071 christiano
3506 1004 3797 1088 Principi
3842 1028 3945 1072 res
3990 1008 4292 1075 confusas

2341 1087 2414 1153 in
2458 1088 2694 1153 melius
2738 1089 3087 1157 restituere
3152 1090 3331 1155 cordi
3388 1100 3505 1167 est,
3568 1089 3668 1156 vel
3725 1091 3923 1156 unius
3980 1096 4290 1160 momenti

2340 1194 2666 1240 remoram
2754 1174 2988 1240 afferre
3066 1174 3260 1241 debet
3324 1187 3656 1259 pastorum
3712 1176 4005 1261 ignavia,
4084 1179 4143 1243 si
4221 1181 4286 1245 in

2341 1281 2617 1325 munere
2662 1281 2780 1325 sno
2822 1270 3095 1327 cessant.
3151 1261 3442 1327 Tantum
3478 1260 3680 1339 abest,
3724 1272 3801 1327 ut
3841 1263 4010 1328 iuste
4031 1280 4291 1332 sanctos

2341 1347 2484 1411 eius
2525 1358 2801 1412 conatus
2843 1345 3157 1430 impediat
3199 1354 3553 1414 contumax
3580 1368 3805 1413 eorum
3835 1348 4137 1432 superbia
4176 1352 4293 1435 qui

2340 1442 2634 1515 pastores
2676 1431 2839 1498 falso
2882 1433 3272 1498 vocitantur.
3361 1432 3567 1499 Inane
3601 1453 3758 1519 ergo
3802 1434 4293 1502 terriculamen-

2340 1530 2488 1583 tum
2546 1527 2665 1594 est,
2734 1516 2899 1583 nihil
2965 1519 3036 1583 in
3119 1518 3432 1585 ecclesiae
3506 1520 3965 1586 reformatione
4032 1523 4157 1587 nisi
4205 1545 4290 1589 ex

2341 1625 2549 1687 papae
2590 1598 2759 1669 nut‘u
2802 1601 3202 1670 movendum
3248 1604 3355 1670 vel
3411 1604 3804 1671 tentandum
3848 1627 4008 1672 esse.
4108 1606 4291 1688 Quin

2340 1691 2559 1774 potius
2579 1740 2594 1765 ,
2657 1688 2827 1774 quod
2893 1689 3230 1756 exoriente
3289 1691 3574 1774 primum
3634 1691 3973 1777 evangelio
4036 1694 4291 1776 experti

2339 1786 2499 1841 sunt
2540 1775 2839 1859 apostoli,
2885 1775 3077 1843 hodie
3119 1796 3375 1861 quoque
3417 1776 3679 1861 impleri
3721 1787 4014 1862 oportet:
4060 1778 4291 1847 Chris-

2339 1870 2487 1926 tum
2515 1861 2597 1927 ab
2626 1861 3000 1928 architectis
3034 1861 3391 1945 reprobari,
3437 1863 3562 1930 hoc
3598 1872 3719 1940 est,
3765 1864 3878 1948 qui
3912 1863 4293 1948 praesulum

2340 1946 2530 2012 titulo
2547 1968 2619 2013 se
2643 1946 3017 2013 venditant:
3052 1948 3207 2032 quia
3221 1956 3443 2014 tamen
3466 1948 3860 2016 constitutus
3880 1962 3982 2016 est
4001 1949 4074 2015 in
4094 1962 4293 2035 caput

2340 2032 2585 2117 anguli,
2646 2033 2920 2099 minime
2976 2053 3255 2117 aequum
3303 2055 3445 2100 esse
3503 2044 3578 2100 ut
3633 2034 3853 2118 impiis
3909 2056 4135 2102 eorum
4183 2037 4291 2101 ob-

2339 2117 2609 2185 staculis
2649 2117 2854 2186 cedat.

2513 2203 2836 2288 Superest
2887 2226 3065 2273 nunc
3119 2204 3325 2271 altera
3382 2207 3704 2289 quaestio:
3752 2219 3827 2272 ut
3869 2207 4161 2292 legitima
4204 2208 4307 2276 sit

2342 2291 2687 2365 successio,
2741 2311 2780 2354 a
2835 2290 3070 2373 quibus
3127 2289 3472 2356 ordinandi
3528 2293 3661 2358 sint
3763 2292 4056 2360 astores?
4146 2294 4291 2378 Ego

2340 2378 2494 2459 quia
2534 2396 2932 2461 magnopere
2975 2378 3217 2444 referre
3262 2376 3470 2454 video,
3514 2377 3680 2443 nihil
3719 2401 3791 2444 ιιι
3829 2379 4095 2445 ecclesia
4138 2401 4287 2446 con·

2339 2462 2486 2528 fuse
2539 2463 2715 2547 geri,
2785 2485 2866 2528 ne
2925 2462 3045 2529 hoc
3117 2461 3309 2528 modo
3378 2463 3687 2547 cuiusque
3747 2463 4002 2530 libidini
4060 2468 4285 2531 fraena

2339 2549 2665 2625 laxentur,
2729 2559 2797 2612 et
2867 2548 3051 2614 nobis
3117 2569 3158 2614 a
3213 2549 3449 2633 spiritu
3520 2549 3648 2614 Dei
3717 2549 3956 2615 diserte
4020 2574 4136 2634 per
4212 2574 4284 2618 os

2338 2632 2536 2700 Pauli
2590 2655 2732 2699 esse
2789 2636 3285 2718 praescriptum,
3330 2642 3405 2699 ut
3459 2632 3767 2701 decenter
3822 2646 3888 2701 et
3930 2638 4285 2720 composite

2335 2721 2503 2785 fiant
2580 2720 2830 2798 omnia,
2899 2719 3299 2786 ordinarium
3389 2720 3821 2787 ministerium
3908 2731 4286 2788 reverenter

2338 2826 2600 2889 semper
2641 2804 2989 2872 colendum
3035 2828 3176 2872 esse
3219 2826 3466 2872 censeo.
3558 2804 3671 2872 Sic
3705 2807 3913 2891 igitur
3957 2806 4085 2872 fert
4128 2829 4285 2874 vera

2335 2892 2523 2973 ratio,
2568 2902 2638 2957 et
2678 2891 2809 2957 Dei
2842 2892 3245 2973 mandatum,
3278 2900 3349 2957 ut
3387 2913 3575 2958 nemo
3610 2915 3681 2959 se
3714 2903 3961 2958 temero
4004 2895 4284 2978 ingerat,

2341 2998 2462 3044 nec
2505 2978 2805 3061 privatus
2849 2981 3125 3063 quisque
3190 2977 3313 3044 sibi
3368 2980 3654 3130 ¹pastoris
3698 3000 3940 3044 munus
3987 2988 4283 3063 usurpet,

2337 3063 2455 3132 sed
2510 3072 2588 3131 ut
2642 3072 2978 3150 pastorum
3035 3064 3275 3131 iudicio
3332 3085 3368 3130 e
3394 3074 3578 3132 ectus
3598 3117 3614 3144 ,
3665 3074 3734 3132 et
3787 3064 3976 3150 gregi
4030 3063 4286 3132 oblatus

2334 3152 2481 3235 ipso
2515 3152 2963 3218 consentiente
3006 3150 3420 3235 approbetur.
3508 3150 3660 3218 Huc
3697 3150 3959 3217 accedat
3995 3150 4286 3218 solennis

2334 3257 2656 3303 manuum
2698 3236 3046 3323 impositio,
3091 3256 3287 3321 quam
3331 3236 3816 3303 ordinationem
3859 3246 4111 3305 vocant.
4174 3235 4285 3304 De

2333 3342 2464 3404 qua
2505 3321 2642 3389 sola
2686 3320 2844 3388 dum
2884 3331 3069 3390 tanto
3151 3343 3223 3388 re
3267 3320 3601 3389 nobiscum
3667 3321 3932 3407 litigant
3973 3343 4055 3406 pa
4101 3324 4284 3403 istae,

2336 3409 2501 3474 satis
2536 3408 2894 3474 ostendunt
2934 3430 3060 3491 quo
3150 3409 3569 3491 praecipuum
3612 3417 3755 3475 erat
3798 3430 3871 3474 se
3926 3409 4098 3492 neg'
4153 3430 4282 3488 ere,

2335 3513 2574 3577 nempe
2615 3493 3017 3561 electionem.
3072 3493 3165 3558 Et
3196 3514 3356 3559 sane
3378 3492 3556 3578 apud
3591 3514 3701 3559 eos
3737 3509 3873 3559 tam
3916 3493 4155 3578 frigida
4185 3503 4288 3561 est

2336 3580 2662 3646 examinis
2704 3598 2881 3658 cura,
2926 3591 3003 3644 ut
3054 3599 3277 3645 merus
3320 3580 3409 3644 sit
3454 3578 3649 3646 ludus
3692 3581 4078 3647 coniunctus
4133 3601 4285 3646 cum

2334 3665 2469 3732 Dei
2510 3664 2810 3731 ludibrio.
2876 3664 3168 3731 'I'antum
3210 3666 3281 3728 in
3320 3666 3766 3731 caeremoniae
3798 3686 4038 3749 pompa
4091 3666 4288 3732 insis-

2335 3761 2520 3818 tunt:
2572 3772 2692 3816 nec
2752 3751 3045 3818 contenti
3109 3758 3370 3817 vetusto
3438 3750 3550 3817 illo
3608 3752 3739 3816 ritu
3792 3772 4113 3817 manuum
4166 3752 4289 3817 im-

2334 3838 2706 3922 positionis,
2801 3839 3109 3903 unctione
3190 3846 3576 3903 consecrant
3661 3857 3813 3902 suos
3882 3837 4285 3903 sacerdotes:

2336 3926 2524 3990 cuius
2564 3944 2778 4007 neque
2823 3923 2892 3988 in
2936 3924 3261 4005 scriptura
3303 3925 3380 3985 fit
3422 3923 3704 4000 mentio,
3748 3943 3961 4006 neque
4003 3945 4160 3989 usus
4215 3926 4285 3988 in

2334 4010 2785 4094 apostolorum
2829 4009 3100 4075 ecclesia
3137 4005 3431 4074 traditus.
3538 4008 3765 4087 Quum
3813 4029 3967 4074 vero
4010 4029 4154 4072 eam
4201 4032 4286 4074 ex

2335 4099 2516 4162 faece
2551 4095 2853 4160 iudaismi
2897 4094 3272 4172 hauserint,
3333 4094 3704 4177 ubicunque
3760 4094 4005 4177 vigebit
4062 4095 4288 4178 purior

2335 4183 2582 4268 religio,
2629 4202 2777 4248 cum
2825 4179 2971 4246 aliis
3015 4190 3292 4264 papatus
3334 4178 3720 4263 corruptelis
3775 4178 4092 4245 abolenda
4139 4181 4282 4244 erit.

2509 4265 2645 4333 Sed
2670 4266 2800 4332 alia
2837 4266 3217 4350 superstitio
3246 4265 3353 4331 lon
3402 4287 3440 4331 e
3464 4264 3751 4331 deterior
3776 4276 3892 4342 est,
3926 4265 4096 4347 quod
4134 4286 4285 4330 suos

2334 4354 2660 4420 sacrificos
2682 4373 2813 4418 non
2839 4351 2924 4417 ad
2945 4350 3251 4437 pascendi
3277 4373 3357 4417 ve
3405 4349 3672 4417 docendi
3696 4372 3936 4416 munus
3959 4348 4285 4427 ordinant,

2337 4441 2454 4506 sed
2498 4449 2575 4505 ut
2608 4439 2925 4523 sacrilega
2967 4436 3243 4504 audacia
3283 4438 3388 4503 ius
3437 4448 3524 4502 et·
3547 4436 3836 4503 officium
3893 4435 4145 4503 Christi
4201 4436 4284 4501 ad

2336 4547 2408 4591 se
2451 4526 2712 4609 rapiant
2748 4535 2816 4589 et
2854 4534 3194 4607 usurpent,
3238 4522 3398 4589 dum
3447 4543 3559 4588 eos
3601 4522 3957 4588 instituunt
4008 4522 4089 4585 ad
4134 4541 4286 4605 per-

2422 4612 2666 4676 endum
2736 4611 2974 4675 missae
3050 4610 3469 4686 sacrificium,
3534 4628 3662 4692 quo
3738 4609 4002 4691 fingunt
4070 4608 4288 4672 Deum

2336 4719 2379 4782 p
2409 4698 2600 4763 acari.
2701 4694 2926 4777 Quare
2973 4705 3181 4760 totum
3226 4694 3653 4760 sacerdotium
3715 4693 4098 4777 papisticum
4152 4715 4285 4759 non

2336 4783 2545 4849 solum
2590 4782 2795 4865 impia
2837 4795 2937 4845 est
2975 4782 3117 4844 veri
3162 4780 3510 4845 ministerii
3567 4779 3951 4862 profanatio,
4009 4778 4121 4843 sed
4176 4800 4285 4844 ex·

2338 4867 2671 4934 secrabilis
2712 4868 2786 4932 in
2821 4866 3160 4932 Christum
3217 4864 3644 4932 contumelia:
3691 4875 3768 4929 ut
3824 4865 4119 4948 quisquis
4183 4875 4287 4929 est

2339 4953 2642 5020 sacerdos
2707 4951 2959 5036 papalis
2978 5004 2994 5031 ,
3060 4950 3264 5018 donec
3343 4950 3608 5016 titulum
3687 4951 3872 5015 illum
3954 4949 4283 5020 abioeerit.

2340 5040 2592 5106 Christi
2635 5059 2866 5105 servus
2909 5059 3052 5105 esse
3086 5049 3382 5121 nequeat.
3484 5037 3716 5121 Itaque
3759 5035 4056 5120 quamvis
4098 5035 4285 5101 inde-

2341 5126 2554 5193 lebilis
2599 5124 2959 5192 secundum
3002 5145 3112 5190 eos
3154 5125 3240 5190 sit
3293 5122 3648 5200 character,
3715 5121 3896 5188 eradi
3948 5129 4167 5188 tamen
4218 5131 4286 5187 et

2341 5213 2542 5278 deleri
2581 5232 2841 5277 necesse
2884 5218 3004 5289 est,
3063 5218 3141 5274 ut
3184 5230 3380 5293 puros
3426 5209 3663 5274 habeat
3720 5207 4089 5274 sacerdotes
4154 5207 4282 5274 Dei

2341 5298 2630 5364 ecclesia.
2720 5297 2950 5363 Altera
2992 5297 3190 5362 etiam
3232 5294 3629 5379 ignominiae
3674 5304 3830 5360 nota
3870 5296 4105 5360 merito
4160 5295 4286 5376 piis

2342 5381 2723 5451 detestabile
2767 5397 2867 5449 est
2910 5383 3140 5467 papale
3193 5381 3644 5448 sacerdotium.
3704 5381 3875 5447 Nam
3929 5402 4133 5464 quum
4187 5401 4285 5446 se-
