4850 6200
337 436 449 495 637

333 640 535 700 nosse,
582 631 651 686 et
690 623 743 687 si
768 625 1009 700 norint,
1055 622 1214 706 quid
1251 634 1386 689 tam
1424 623 1703 707 improbi
1728 632 1958 689 contra
1990 622 2277 689 faciunt!

331 705 552 773 Habes
610 709 852 785 literas,
914 709 1116 775 habes
1177 708 1599 798 [praesentes]
1662 710 1795 775 illis
1852 711 1964 793 qui
2029 709 2280 775 faciunt

332 814 553 858 omnes
594 793 794 858 fidem
820 795 912 879 ²⁴)
955 796 1370 879 expedit-isse
1425 806 1495 861 te
1536 798 1766 861 venire
1809 817 1944 861 non
2001 806 2077 860 ut
2134 804 2276 859 tur-

330 879 617 945 batorem
684 882 1152 963 importunum,
1219 881 1335 946 sed
1399 882 1810 949 commodum
1872 884 2151 946 amicum
2209 894 2278 944 et

330 977 711 1048 pacatorem.
808 964 927 1053 [Et
968 966 1071 1054 ne]
1130 980 1389 1033 tantum
1442 969 1770 1033 movearis
1827 968 1911 1033 ob
1966 989 2047 1032 ea
2110 986 2275 1051 quae

330 1060 471 1118 acta
534 1053 810 1117 fuerunt
876 1054 950 1118 in
1017 1074 1214 1119 veros
1277 1074 1507 1120 servos
1550 1054 1805 1119 Christi
1869 1074 1987 1137 per
2050 1073 2277 1118 servos

328 1140 542 1205 nescio
585 1139 773 1204 cuius
816 1138 1047 1218 dicam,
1106 1161 1274 1222 quae
1319 1140 1555 1205 merito
1595 1137 1985 1226 ad[monere]
2033 1139 2278 1204 debent

325 1236 397 1289 ut
438 1225 827 1290 consulatur
880 1225 963 1290 iis
1019 1229 1130 1309 qui
1189 1237 1547 1309 supersunt
1601 1227 1745 1310 piis,
1809 1235 1876 1290 et
1917 1246 2084 1310 quae
2140 1226 2271 1288 iam

324 1311 649 1376 intentata
689 1312 761 1375 in
803 1332 916 1377 eos
960 1312 1245 1391 fuerunt,
1292 1332 1458 1395 quae
1492 1332 1805 1396 praesens
1839 1313 2094 1377 rescies.
2161 1312 2273 1375 En

325 1399 439 1461 tibi
481 1396 893 1481 apo[loyiam]
936 1398 1063 1463 viri
1108 1419 1304 1482 quem
1348 1398 1640 1464 Bueerus
1681 1419 1813 1463 non
1858 1399 2048 1482 parvi
2100 1398 2271 1474 fecit,

323 1481 403 1547 D.
455 1482 711 1567 Martyr
749 1484 938 1564 item,
996 1504 1115 1567 pro
1169 1505 1298 1568 quo
1346 1487 1941 1569 Argentoratenses
1996 1485 2272 1566 scripse-

321 1579 493 1643 runt,
560 1589 758 1652 quem
810 1570 1133 1635 Tessuinus
1189 1572 1389 1654 impie
1445 1581 1883 1655 persequutus
1926 1578 2045 1647 est,
2112 1569 2270 1634 dum

324 1653 487 1742 [ale]
544 1657 650 1738 pie
708 1656 861 1738 egit.
954 1655 1124 1720 Sunt
1178 1668 1244 1721 et
1301 1658 1429 1721 alia
1471 1678 1641 1740 quae
1700 1655 1938 1722 adduci
1988 1666 2270 1738 possent,

322 1739 433 1807 sed
474 1741 630 1825 quid
676 1749 935 1825 oportet
978 1752 1053 1807 ιιι
1093 1751 1171 1806 ιιι
1213 1745 1561 1817 monearis,
1608 1763 1694 1807 ne
1736 1762 2009 1826 prorsus
2050 1742 2273 1806 omnia

320 1838 608 1911 pereant,
652 1838 911 1892 tantum
960 1826 1273 1915 [itineris]
1320 1827 1680 1894 conficere?
1746 1830 1837 1893 Et
1878 1827 2071 1893 valde
2104 1825 2268 1891 mihi

321 1914 681 1979 adlubescit
723 1915 951 1996 optimi
990 1916 1120 1978 viri
1156 1916 1523 1992 consilium,
1569 1926 1643 1979 ut
1677 1935 1891 1997 neque
1921 1915 2270 1978 Tossanum

318 2020 528 2083 neque
572 2001 918 2064 officiarios
962 2001 1264 2066 consulas
1320 2000 1565 2085 [neque]
1626 2001 2011 2079 convenias,
2071 2020 2268 2082 quam

315 2087 498 2168 prius
559 2088 773 2170 egeris
828 2086 1020 2171 plene
1078 2107 1225 2151 cum
1282 2088 1597 2170 principe.
1688 2086 1765 2152 Si
1809 2087 2134 2151 Dominus
2177 2087 2270 2149 ita

315 2173 597 2237 voluerit
640 2182 709 2235 et
751 2192 862 2237 cor
906 2182 1093 2236 tuum
1137 2185 1384 2256 tangat,
1446 2175 1645 2238 etiam
1699 2173 2001 2238 omnibus
2063 2171 2267 2236 recla-

314 2256 696 2346 m[antibus]
747 2269 820 2323 ut
863 2280 939 2322 eo
982 2270 1047 2322 te
1092 2262 1407 2336 conferas,
1468 2260 1600 2325 scio
1658 2260 1871 2323 laetus
1914 2258 2159 2323 redibis
2201 2264 2268 2321 et

316 2346 560 2429 gratias
626 2365 781 2427 ages
844 2345 1147 2408 Domino.
1240 2346 1362 2409 Sin
1426 2346 1684 2423 minus,
1754 2344 2004 2410 videbis
2070 2363 2265 2425 quam

314 2441 709 2513 oportuerat,
755 2431 1009 2513 eritque
1056 2430 1222 2515 [tibi]
1269 2431 1470 2507 dolor,
1517 2452 1655 2495 una
1688 2450 1838 2494 cum
1883 2430 2009 2513 piis
2052 2429 2265 2495 omni-

312 2516 462 2581 bus:
532 2513 707 2598 quod
750 2515 1056 2581 Christus
1100 2515 1472 2599 prohibeat,
1539 2528 1809 2600 propter
1852 2537 2045 2597 quem
2092 2526 2159 2579 et
2200 2525 2267 2579 te

312 2601 590 2684 supplex
632 2622 747 2665 oro
792 2613 868 2667 ut
902 2624 1035 2667 non
1086 2603 1305 2667 tardes
1353 2613 1488 2667 tam
1539 2600 1888 2688 sanc[tam]
1936 2602 2267 2683 suscipere

308 2688 774 2770 profectionem
797 2700 863 2753 et
884 2702 1153 2753 strenue
1174 2710 1292 2770 pro
1304 2690 1573 2755 Christo
1596 2709 1806 2772 agere.
1846 2688 1995 2752 Non
2017 2687 2264 2751 malum

308 2795 451 2838 esse
472 2775 836 2858 principem
851 2773 1062 2853 audio,
1080 2785 1145 2839 et
1166 2776 1276 2857 qui
1299 2777 1578 2840 veritate
1597 2796 1672 2840 co
1790 2771 1911 2860 ita]
1930 2774 2095 2838 nolit
2116 2793 2267 2838 con-

306 2862 528 2924 traire.
617 2860 768 2924 Non
814 2862 1079 2942 patiare,
1133 2881 1392 2943 quaeso,
1451 2861 1561 2926 ubi
1624 2881 1663 2923 a
1752 2882 2019 2924 manum
2065 2858 2266 2924 habes

308 2948 548 3023 virum,
595 2966 671 3010 eo
708 2948 804 3010 uti
848 2957 914 3011 et
969 2968 1119 3012 eum
1165 2949 1446 3013 formare
1492 2949 1560 3011 in
1607 2946 1881 3030 gloriam
1931 2944 2265 3031 [Christi-1:

308 3034 549 3118 alioqui
592 3030 847 3098 videbis
890 3055 1056 3116 quae
1100 3046 1166 3098 te
1210 3032 1405 3100 valde
1449 3044 1716 3118 augent.
1786 3033 1985 3097 Faxit
2032 3032 2261 3096 Chris-

306 3133 413 3186 tus
472 3130 549 3184 ut
616 3120 884 3202 plenum
939 3131 1233 3205 reportes
1299 3121 1615 3204 gaudium
1674 3119 1755 3185 de
1812 3117 2259 3206 instau[ratis]

304 3228 472 3289 quae
532 3209 664 3270 iam
709 3204 1138 3272 conciderunt
1192 3223 1256 3271 et
1314 3207 1592 3273 servatis
1647 3227 1813 3288 quae
1858 3206 2050 3270 valde
2107 3215 2263 3270 sunt

305 3295 540 3357 ruinae
586 3293 803 3356 vicina
847 3303 912 3356 et
955 3294 1323 3374 perditioni.
1348 3295 1437 3372 ²³)
1526 3294 1672 3377 Ego
1719 3292 1889 3375 apud
1937 3303 2000 3357 te
2045 3300 2261 3356 tacere
2302 3317 2310 3340 ι

305 3401 431 3443 ιιοιι
492 3376 788 3464 po[ssum
844 3377 1008 3466 nisi]
1069 3381 1282 3444 sciens
1336 3378 1640 3444 ecclesias
1705 3379 1983 3463 prodere
2036 3378 2258 3456 velim,

306 3473 367 3528 et
413 3464 686 3530 Christo
734 3472 957 3530 nostro
1004 3466 1287 3530 iniurius
1331 3473 1399 3529 et
1442 3465 1784 3549 evangelio
1828 3465 2089 3529 infidus.
2170 3464 2259 3528 Et

304 3561 463 3616 ante
498 3551 698 3615 horas
721 3551 966 3634 aliquot
1002 3549 1343 3639 in[telzex2]
1382 3551 1575 3635 longe
1598 3553 1811 3635 magis
1838 3550 2150 3634 expedire
2169 3550 2259 3636 ²⁶)

303 3658 498 3719 quam
547 3636 666 3701 tibi
712 3638 1018 3720 aperiam.
1110 3638 1302 3703 Licet
1355 3637 1631 3702 fratrum
1676 3659 1871 3702 nemo
1926 3638 2261 3720 scripserit

303 3724 383 3787 ad
428 3744 557 3800 me,
614 3733 839 3788 tamen
883 3723 1180 3807 intelligo
1226 3724 1509 3806 suspiria
1559 3722 1877 3811 [qemitus]
1924 3731 1994 3787 et
2033 3722 2258 3805 planc-

302 3822 409 3875 tus
451 3810 518 3873 in
577 3808 815 3892 quibus
861 3821 1042 3884 sunt,
1101 3809 1255 3873 dum
1303 3820 1563 3892 praeter
1616 3812 1874 3874 ruinam
1935 3819 2001 3872 et
2042 3818 2261 3873 vasta-

303 3897 549 3961 tionem
619 3897 916 3961 omnium
984 3894 1148 3959 nihil
1215 3895 1464 3960 vident.
1552 3896 1766 3959 Amici
1834 3895 2082 3978 aliquot
2150 3914 2259 3958 me

302 3979 585 4067 [royant]
633 3992 707 4046 ut
766 4003 873 4046 me
929 3979 1046 4044 tibi
1108 3982 1483 4065 adiungam.
1575 3981 1709 4046 Sed
1776 4003 1904 4046 non
1972 3980 2258 4045 reclamo

298 4081 456 4132 tuae
514 4068 913 4144 sententiae,
974 4088 1107 4131 non
1164 4066 1506 4150 expedire,
1555 4088 1943 4150 quemquam
2005 4067 2200 4130 istinc
2224 4070 2260 4105 *

295 4162 560 4236 praeter
605 4153 975 4219 Germanos
1034 4151 1160 4240 [ire
1201 4160 1258 4218 et
1299 4151 1422 4239 me]
1482 4154 1912 4235 potissimum.
2002 4152 2254 4216 Verum

299 4241 357 4303 si
401 4239 567 4304 mihi
622 4240 853 4304 liceret
903 4241 1267 4322 principem
1313 4240 1686 4315 convenire,
1748 4239 1918 4303 nihil
1961 4258 2257 4302 morarer

299 4328 459 4408 quin
496 4346 617 4409 pro
642 4326 852 4409 gloria
874 4325 1149 4390 Domini
1173 4346 1277 4389 me
1312 4324 1776 4407 impenderem.
1837 4325 1937 4389 'ru
1979 4322 2068 4411 [si
2099 4322 2253 4409 non]

297 4412 480 4490 facis,
536 4412 689 4476 vide
745 4411 900 4494 quid
948 4411 1216 4476 Christo
1260 4421 1326 4474 et
1383 4411 1670 4475 eeclesiis
1713 4419 1980 4495 propter
2025 4410 2255 4475 Chris·-

300 4507 446 4562 tum
490 4508 559 4564 te
578 4498 1030 4582 flagitantibus
1074 4498 1165 4563 sis
1203 4517 1637 4580 responsurus
1671 4498 1741 4561 in
1778 4497 1882 4562 die
1909 4494 2254 4583 [Domini],

299 4593 379 4648 ut
420 4594 675 4651 taceam
717 4583 1113 4649 offendicula
1154 4605 1323 4667 quae
1360 4605 1491 4648 non
1536 4583 1748 4648 solum
1792 4590 2148 4665 supersunt
2189 4593 2257 4645 et

301 4681 651 4754 augentur,
694 4691 929 4734 verum
966 4671 1163 4735 etiam
1197 4670 1549 4736 imminent
1591 4669 1981 4751 gravissima
2014 4670 2082 4733 in
2119 4666 2255 4731 rui-

300 4778 457 4820 nam
526 4753 754 4842 qu[am
808 4754 1303 4844 plu]rimorum,
1371 4769 1439 4820 et
1503 4775 1823 4819 remoram
1894 4755 2254 4818 maximam

300 4863 538 4909 cursus
577 4842 924 4926 evangelii,
971 4840 1202 4926 quibus
1246 4850 1318 4906 tu
1356 4863 1547 4918 unus,
1594 4842 1649 4905 si
1694 4842 1863 4905 serio
1898 4838 2253 4904 admonue-

299 4931 397 4995 ris
430 4929 816 5013 principem‚
853 4927 1044 4993 facile
1078 4950 1196 5011 per
1234 4924 1639 5013 [Dominum]
1677 4926 2020 4993 consulere
2048 4937 2250 5008 potes.

300 5013 455 5078 Noli
503 5035 745 5096 quaeso
789 5023 1049 5079 tantum
1096 5033 1259 5097 opus
1303 5013 1657 5098 negligere.
1747 5012 2055 5077 Christus
2098 5031 2253 5075 ocu·
2376 5082 2409 5085 ‚g
2509 5082 2536 5085 ᾖ

474 5236 574 5374 243
607 5237 698 5291 De
731 5237 835 5319 '3⁰9
867 5237 1090 5318 lycum-e
1122 5239 1238 5305 ipss·
1272 5236 1430 5291 aubis·
1462 5237 1755 5290 ὴαηωω.

475 5306 571 5445 ξ)
604 5306 919 5446 ἷὲἓζιῗοῗ.
957 5305 1011 5359 T‘

2138 438 2298 497 1555
2343 433 2528 500 IUN.

4209 444 4336 504 638

2385 620 2487 688 los
2532 624 2782 706 aperiat
2823 623 2907 688 iis
2946 624 3057 706 qui
3104 633 3169 691 te
3204 634 3624 692 remorantur
3670 625 3756 715 [et
3787 627 4097 715 avocant}
4163 629 4338 695 Nam

2384 710 2440 773 si
2484 708 2575 791 pii
2621 711 2773 786 sint,
2827 711 3039 792 magis
3095 720 3161 775 te
3200 724 3517 796 urgerent
3550 734 3749 797 quam
3792 728 3861 780 te
3904 715 4139 799 aliquis
4183 715 4336 780 hao-

2383 810 2576 860 tenus
2614 796 2881 879 rogarit.
2949 796 3276 862 Dominus
3297 798 3488 864 Iesus
3522 798 3809 883 benigne
3841 800 4110 866 tandem
4148 823 4335 866 suam

2380 878 2769 967 intu[eatur]
2799 884 2887 958 ²⁷)
2934 882 3271 947 ecclesiam
3318 896 3383 948 et
3426 893 3493 949 te
3535 898 3913 968 permoveat
3959 896 4033 951 ut
4076 889 4135 952 ei
4179 910 4334 953 con-

2378 966 2577 1043 sulas,
2623 976 2700 1032 ut
2742 988 2862 1050 per
2904 966 3267 1033 Dominum
3313 979 3515 1052 potes.

2550 1053 2721 1118 Vale
2786 1054 2950 1118 bene
3015 1066 3080 1119 et
3158 1054 3318 1119 haec
3390 1055 3543 1120 boni
3623 1078 3861 1139 quaeso
3939 1061 4206 1124 consule
4268 1070 4337 1126 et

2377 1137 2764 1227 dilsiyenter]
2811 1161 3074 1205 causam
3121 1143 3444 1219 examina,
3491 1153 3559 1206 et
3601 1143 3753 1208 vide
3789 1165 3984 1226 quam
4030 1145 4337 1228 expediat

2378 1235 2445 1289 te
2489 1224 2594 1289 his
2637 1226 3014 1291 incumbere
3058 1227 3419 1293 rationibus
3463 1239 3531 1292 et
3572 1231 3788 1295 causis
3829 1230 4023 1313 longe
4066 1233 4335 1313 potiori-

2375 1310 2500 1375 bus
2557 1330 2753 1395 quam
2810 1332 2931 1394 ego
2989 1310 3352 1400 affferam}
3443 1313 3612 1380 Vale
3667 1317 3863 1393 bene,
3923 1318 4032 1381 vir
4089 1327 4332 1396 sancte,

2377 1406 2447 1461 et
2509 1397 2680 1479 quod
2742 1396 2905 1462 facis
2971 1397 3255 1464 absolve.
3367 1401 3735 1466 Ecclesiam
3797 1401 4074 1468 Domini
4139 1404 4337 1488 plene

2377 1481 2731 1548 aedificato.
2801 1481 3038 1549 Saluta
3073 1486 3217 1568 pios
3261 1486 3413 1551 istic
3458 1484 3725 1573 om[ne3‚
3770 1486 3876 1574 ne]
3924 1498 4332 1571 praeteream

2376 1567 2713 1651 collegam.
2804 1569 3032 1635 Nostri
3089 1578 3157 1634 te
3211 1571 3530 1652 salutant,
3590 1574 3840 1658 collega
3895 1577 4324 1657 potissimum.

2375 1653 2689 1720 Neocomi
2734 1663 2791 1720 4.
2840 1654 3019 1720 Iunii
3071 1661 3250 1721 1555.

3594 1797 3778 1862 Tuus
3827 1797 4150 1864 Fal-ellus.

2546 1998 2931 2063 Memineris
2984 2021 3222 2081 quaeso
3268 2003 3475 2065 nostri
3535 2014 3602 2064 ot
3658 2003 3855 2069 huius
3900 2006 4210 2072 ecclesiae
4252 2008 4324 2071 in

2371 2083 2508 2148 tuis
2574 2086 2818 2150 sanctis
2885 2086 3202 2166 precibus.
3315 2085 3623 2152 Calvinus
3687 2102 3752 2154 te
3819 2090 4076 2155 salvum
4140 2101 4328 2176 optat

2370 2169 2802 2253 meminitque
2847 2171 3184 2235 literarum
3225 2173 3304 2236 D.
3345 2171 3662 2256 Martyris
3705 2197 3865 2257 quas
3903 2178 4161 2242 audivit
4203 2179 4321 2243 tibi

2372 2254 2561 2320 datas
2626 2266 2695 2319 et
2757 2257 2880 2322 sibi
2945 2277 3074 2321 non
3150 2256 3455 2324 redditas.
3554 2260 3716 2344 Agit
3779 2275 3846 2326 et
3902 2284 4020 2345 pro
4082 2266 4320 2330 vincto.

2371 2339 2505 2406 Sed
2554 2340 2745 2475 quid‘²
2764 2363 2928 2425 opus
2985 2343 3105 2407 tibi
3163 2343 3621 2411 commendare
3666 2368 3861 2430 quam
3907 2351 4323 2415 commenda-

2370 2428 2732 2492 tissimum.

3141 2727 3336 2734 ,ι’-
3367 2727 3548 2735 -——..-—-.--

3242 2964 3437 3033 2217.

2895 3118 3301 3185 VIRETUS
3347 3117 3787 3185 OALVINO.

2539 3289 2640 3354 Ab
2683 3289 2895 3373 Anylo
2948 3291 3217 3373 quodam
3274 3293 3501 3356 certior
3551 3292 3763 3372 factus
3810 3290 4066 3357 Bernae
4121 3291 4315 3358 nihil-

2362 3376 2517 3440 dum
2537 3398 2580 3442 a
2616 3382 2843 3441 senatu
2877 3379 2946 3441 in
2981 3397 3177 3441 causa
3221 3396 3342 3440 sua
3376 3381 3678 3441 statutum
3711 3397 3857 3454 esse,
3903 3379 4039 3442 iam
4069 3386 4316 3444 veretur

2363 3482 2442 3526 ne
2496 3462 2743 3546 zonyius
2795 3464 3146 3538 differatur.
3229 3462 3479 3527 Interea
3532 3483 3599 3527 se
3652 3469 3709 3528 et
3750 3464 4024 3529 amicum
4073 3465 4318 3529 solatur

2363 3550 2751 3632 armamentis
2791 3570 2825 3613 e
2862 3549 2987 3629 fide
3029 3547 3380 3613 christiana
3411 3550 3651 3628 petias.

2675 3720 2784 3780 (Ex
2820 3720 3158 3789 autographo
3194 3720 3326 3774 Cod.
3364 3719 3569 3773 Gener.
3608 3720 3725 3786 115,
3764 3721 3852 3775 fol.
3895 3719 4006 3788 47.)

2535 3891 2801 3954 Eximio
2853 3890 3104 3956 Christi
3163 3910 3352 3956 servo
3407 3891 3491 3957 D.
3553 3892 3791 3956 Ioanni
3852 3892 4131 3959 Calvino
4185 3894 4315 3959 fido

2364 3976 2775 4042 Genevensis
2831 3976 3142 4042 ecclesiae
3200 3980 3444 4061 pastori
3514 3979 3700 4043 fratri
3769 3989 3838 4044 et
3906 3997 4315 4064 symmystae

2362 4062 2787 4127 observando.

3801 4151 4139 4217 Genevae.

2534 4318 2604 4384 S.
2674 4318 2880 4384 Venit
2922 4320 3112 4385 modo
3156 4320 3382 4386 Berua
3440 4321 3522 4385 ad
3581 4344 3688 4388 me
3732 4323 3994 4407 Anglus
4050 4320 4312 4404 quidam

2358 4407 2470 4488 qui
2512 4405 2676 4470 mihi
2721 4426 2803 4469 ex
2853 4405 3157 4471 Macardo
3214 4407 3552 4473 nunciavit
3595 4407 3920 4473 nihildum
3966 4408 4034 4470 in
4080 4418 4314 4471 senatu

2361 4491 2443 4557 de
2486 4492 2683 4557 rebus
2726 4492 2969 4556 nostris
3027 4490 3228 4558 fuisse
3273 4491 3645 4560 confectum
3697 4515 3902 4577 quum
3943 4493 4125 4558 illinc
4181 4491 4311 4557 dis-

2359 4578 2570 4643 cessit.
2658 4577 2978 4643 Discessit
3040 4593 3258 4643 autem
3324 4578 3430 4645 die
3489 4579 3829 4646 dominico.
3864 4586 3911 4656 ¹)
3999 4578 4127 4643 Die
4187 4576 4312 4643 Sa—

2360 4664 2538 4727 turni
2581 4664 2845 4747 rogavit
2880 4663 3235 4730 Maoardus
3269 4667 3623 4744 consulem,
3668 4665 3859 4749 quale
3904 4676 4078 4729 esset
4120 4684 4313 4729 sena-

2360 4749 2860 4814 tusconsultum.
2947 4749 3316 4833 Respondit
3359 4753 3603 4828 consul,
3650 4751 3818 4817 nihil
3860 4751 4060 4815 fuisse
4104 4750 4184 4815 iis
4230 4750 4311 4815 de

2357 4834 2555 4902 rebus
2600 4835 3047 4901 deliberatum.
3133 4835 3409 4920 Cogitur
3452 4839 3704 4902 interea
3744 4837 3907 4902 talia
3951 4834 4161 4900 multa
4206 4835 4312 4900 de-

2357 4943 2589 4987 vorare
2653 4921 3022 4988 Macareus.
3115 4921 3337 5001 Quare
3402 4933 3590 5006 rogat
3654 4934 3730 4987 ut
3794 4921 4156 4987 scribamus
4223 4943 4310 4987 an

2360 5161 2600 5286 2213121ἶ
2601 5165 2625 5297 3
2660 5161 2952 5286 {aelfw
2993 5161 3207 5284 gio-etus
3239 5246 3361 5285 eum
3398 5231 3550 5286 Besa
3587 5230 3807 5285 Rornae
3835 5232 4023 5296 fuerat
4057 5232 4157 5287 uti
4183 5231 4307 5284 Μα·

2357 5302 3000 5434 ἵσᾶᾱιᾶἒιᾎῖσὶίςυανωτ.
3093 5297 3638 5355 mmmmm
3685 5301 3892 5366 lactum
3942 5309 4018 5354 est
4062 5299 4114 5354 3.
4151 5299 4314 5354 Iunii
