4850 6200
324 455 427 517 105

314 640 428 706 cito
465 658 657 720 quem
700 640 771 704 in
814 637 1115 705 ordinem
1210 640 1560 725 resbyterii
1617 639 2057 707 admittebant
2072 691 2091 718 ,
2147 642 2242 705 ita

310 725 421 790 nisi
460 723 755 808 legitimo
796 725 1037 792 iudicio
1181 745 1413 793 versus
1463 724 1926 811 presbyterum
1968 728 2101 793 reci
2146 726 2241 792 ie-

310 812 452 877 bant
488 810 972 877 accusationem
986 862 1003 889 ‚
1048 821 1310 878 tantum
1354 812 1541 877 abest
1581 819 1660 878 ut
1701 813 2005 895 cuiquam
2053 813 2068 828 “
2125 832 2239 877 um

308 895 729 962 condemnare
791 896 1040 964 indicta
1104 916 1301 963 causa
1354 898 1829 981 permitterent.
1931 895 2127 978 Quod
2180 898 2239 962 si

308 981 656 1048 doctrinam
697 981 986 1049 hominis
1036 983 1255 1067 aliqua
1309 983 1382 1049 in
1428 992 1616 1066 parte
1658 983 1951 1061 damnas,
2006 983 2236 1049 eodem

302 1088 416 1152 quo
474 1069 663 1152 prius
738 1078 807 1134 te
881 1069 1181 1153 implicas
1259 1069 1420 1134 vitio
1436 1121 1451 1145 ‚
1534 1078 1613 1134 ut
1691 1070 1802 1153 qui
1884 1069 2055 1135 hanc
2131 1090 2236 1135 ac-

302 1153 535 1219 tionem
576 1155 822 1220 usitato
899 1155 1212 1223 ecclesiae
1286 1152 1511 1243 [more]
1592 1176 1726 1221 non
1806 1158 2234 1240 persequaris.

300 1239 457 1306 Nam
520 1241 672 1323 quis
731 1263 817 1308 ex
878 1242 1231 1322 veteribus,
1297 1242 1410 1324 qui
1462 1240 1658 1307 modo
1723 1241 2032 1325 probatae
2083 1241 2239 1308 fidei

298 1327 493 1402 suerit,
555 1326 691 1391 tale
741 1328 1078 1413 quidpiam
1133 1349 1427 1412 unquam
1480 1337 1769 1394 tentasse
1822 1326 2238 1411 reperietur?

299 1411 492 1494 Quem
536 1433 623 1478 ex
656 1415 983 1480 maiorum
1026 1415 1322 1499 gentium
1367 1412 1745 1481 doctoribus
1787 1426 2081 1479 autorem
2127 1413 2238 1480 hic

298 1496 529 1564 hahes?
618 1499 970 1585 laegantur
1024 1510 1282 1567 vetems
1336 1500 1650 1566 historiae
1705 1519 1875 1583 quae
1918 1498 2000 1565 de
2040 1499 2238 1567 rebus

294 1592 573 1685 tractant
643 1585 1114 1687 ecclesiasticis.
1226 1586 1335 1688 Er
1406 1585 1539 1652 illis
1614 1586 2030 1669 perspicuum
2080 1587 2235 1687 .fi⁰¹²2

293 1671 1552 1842 {pmffloeffifflmvssffnffiffi
1618 1692 1892 1823 iffi.
1910 1693 2235 1824 ⁹3⁰3}

292 1845 478 1910 lemni
562 1843 921 1911 multorum
999 1845 1451 1929 episcoporum
1529 1846 1859 1910 sententia
1932 1842 2234 1910 damnari

290 1930 560 1996 solitum.
688 1931 922 2016 Longe
999 1933 1200 1996 etiam
1274 1928 1676 1997 moderatius
1752 1950 1828 1996 ac
1914 1930 2235 1996 modestia

288 2017 483 2082 multo
548 2017 796 2082 maiore
854 2038 1009 2083 usos
1066 2038 1212 2082 esse
1267 2026 1524 2082 constat
1565 2036 1801 2101 graves
1844 2016 1995 2082 illos
2037 2016 2233 2096 viros,

286 2103 1856 2274 ffiffi‘ffmffiffiffitzaefflmfflffim
1876 2102 2235 2254 {2233ss

285 2274 569 2359 aliosque
609 2285 868 2341 sanctos
912 2275 1212 2340 homines
1253 2275 1540 2341 atrocius
1574 2297 1695 2340 exa
1748 2274 2016 2352 ‘tarunt,
2059 2273 2234 2358 quod

284 2362 348 2426 in
396 2361 740 2428 nonnullis
795 2370 1017 2427 essent
1069 2360 1470 2427 hallucinati.
1574 2296 1931 2427 Ardggntior
1993 2363 2234 2445 quippe

282 2450 445 2512 inter
487 2468 608 2512 eos
650 2447 974 2531 flagrabat
1015 2448 1272 2523 caritas,
1317 2468 1510 2530 quam
1541 2457 1619 2512 ut
1661 2450 1730 2512 in
1773 2449 2046 2512 fratrum
2095 2446 2232 2531 lap-

284 2533 451 2600 sibus
492 2544 635 2598 tam
678 2554 967 2599 morosos
1009 2531 1432 2599 Aristarchos
1470 2553 1544 2597 se
1586 2534 1992 2617 praeberent.

440 2617 585 2686 Sed
643 2619 749 2685 his
796 2618 1149 2686 recitandis
1204 2619 1569 2687 rationibus
1626 2622 1867 2684 frustra
1924 2619 2086 2684 mihi
2132 2620 2231 2683 vi-

280 2704 425 2770 deor
461 2704 831 2783 immorari,
874 2706 1261 2790 praesertim
1341 2726 1505 2771 uum
1539 2714 1614 2770 ιιι
1660 2726 1870 2771 novus
1906 2704 2014 2770 hic
2053 2726 2231 2773 nunc

280 2791 507 2876 hospes
572 2812 610 2856 a
666 2812 800 2857 non
855 2791 952 2856 ita
1008 2791 1237 2858 multis
1341 2791 1522 2857 'ebus
1565 2790 1750 2858 illinc
1765 2791 1822 2868 ⁶)
1881 2790 2230 2857 adveneris

276 2878 393 2954 ubi,
437 2881 493 2943 si
542 2878 788 2943 iustam
833 2877 1179 2944 accusandi
1225 2898 1487 2943 oausam
1531 2875 1889 2955 habuisses,
1934 2876 2231 2960 legitima

274 2962 383 3029 tibi
467 2963 945 3047 disceptatione
1021 2984 1170 3029 cum
1254 2962 1521 3028 homine
1608 2963 1893 3047 experiri
1970 2961 2225 3028 licebat.

278 3047 433 3131 Quis
474 3051 663 3117 enim
707 3050 913 3117 nescit-
957 3070 1151 3133 quam
1196 3049 1403 3116 libera
1445 3051 1532 3115 sit
1565 3048 1697 3116 illis
1740 3050 1812 3114 in
1855 3049 2010 3116 locis
2055 3050 2226 3115 veri·

273 3139 417 3202 tatis
476 3135 874 3203 asserendae
941 3135 1266 3203 facultas?
1356 3136 1494 3202 Nec
1550 3146 1651 3202 est
1705 3135 1879 3219 quod
1937 3137 2225 3202 causeris

271 3222 433 3305 apud
478 3223 865 3290 Genevates
907 3222 973 3287 id
1020 3223 1188 3287 forte
1226 3223 1506 3289 liberum
1548 3242 1683 3288 non
1737 3243 1906 3296 esse,
1965 3221 2224 3305 quando

274 3316 333 3373 et
370 3309 547 3393 apud
597 3308 760 3375 alias
817 3309 1124 3375 ecclesias
1183 3331 1327 3374 eam
1384 3310 1503 3373 tibi
1549 3329 1689 3373 rem
1735 3330 1774 3372 a
1859 3328 1932 3374 re
1975 3308 2225 3374 volenti

269 3394 438 3461 locus
510 3416 661 3462 esse
731 3396 1063 3477 potuisset.
1167 3394 1249 3461 Id
1305 3415 1507 3478 quum
1572 3415 1705 3459 non
1797 3395 2020 3470 coeris,
2093 3395 2224 3459 imo

271 3500 487 3546 eorum
546 3501 751 3559 more,
809 3481 922 3565 qui
978 3503 1138 3548 suae
1190 3501 1428 3547 causae
1482 3501 1615 3546 non
1660 3481 1821 3546 satis
1863 3479 2095 3558 fidunt,
2154 3482 2221 3545 in

270 3567 363 3632 his
405 3566 704 3651 angulis,
763 3567 938 3650 apud
992 3568 1371 3651 imperitum
1429 3565 1667 3651 vulgus
1709 3569 1978 3650 quaevis
2018 3566 2223 3632 male-

270 3651 433 3718 dicta
476 3653 941 3720 consarcinare
984 3653 1275 3736 adeoque
1320 3654 1534 3719 virum
1581 3652 1809 3717 multis
1851 3654 2224 3719 nominibus

266 3736 874 3819 commendandum,
916 3746 984 3804 et
1017 3740 1099 3805 de
1134 3761 1206 3805 re
1241 3739 1601 3808 christiana
1632 3742 1877 3822 optime
1912 3741 2219 3806 meritum

268 3825 667 3890 calumniose
724 3823 1065 3889 traducere
1124 3826 1243 3893 tibi
1298 3825 1596 3903 libuerit,
1670 3828 1734 3890 in
1807 3846 1935 3890 non
2003 3825 2218 3891 levem

266 3911 443 3977 nobis
506 3912 739 3976 venias
797 3912 1231 3993 suspicionem
1291 3931 1558 3976 necesse
1612 3923 1732 3987 est,
1795 3913 1980 3994 quasi
2023 3912 2219 3996 longe

264 3997 384 4060 alio
424 3999 572 4064 selo
615 3997 962 4074 movearis,
1018 4019 1214 4079 quam
1260 4018 1418 4082 prae
1462 4007 1529 4063 te
1575 3998 1764 4074 feras,
1812 4017 2049 4079 nempe
2093 4000 2217 4062 im-

264 4083 457 4165 proba
502 4083 839 4148 vindictae
872 4083 1251 4165 cupiditate,
1295 4105 1460 4167 quae
1496 4103 1615 4149 suo
1650 4082 1932 4165 quodam
1966 4084 2219 4166 impetu

261 4181 320 4234 te
363 4170 457 4236 sic
503 4183 959 4235 transversum
1005 4169 1197 4253 rapit,
1255 4181 1331 4235 ut
1372 4191 1413 4234 a
1454 4168 1795 4236 christiani
1840 4169 1967 4234 viri
2009 4171 2218 4235 officio

264 4255 665 4337 peu-multum
716 4253 825 4321 hic
884 4256 1162 4321 aberres.
1252 4257 1383 4323 Oui
1436 4275 1594 4320 vero
1644 4253 1714 4319 id
1772 4254 1905 4319 iam
1949 4255 2217 4321 dubium

260 4339 503 4407 fuerit?
550 4343 843 4407 maxime
875 4362 1075 4425 quum
1119 4351 1209 4418 tu,
1253 4342 1475 4409 nescio
1553 4362 1636 4406 uo
1669 4342 1908 4419 animo,
1953 4362 2215 4409 causam

262 4428 621 4494 turbulenti
677 4426 855 4492 illius
899 4428 1271 4511 Hieronymi
1313 4364 1790 4494 defendendam
1836 4429 2216 4511 susceperis,

260 4516 363 4596 qui
416 4515 504 4581 ab
561 4514 710 4579 aliis
766 4534 1018 4596 quoque
1074 4514 1384 4593 ecclesiis,
1443 4514 1689 4579 nedum
1746 4515 1827 4578 ab
1886 4535 1964 4578 ea
2017 4534 2217 4598 quam

260 4600 714 4666 immerentem
751 4599 971 4666 odiose
1003 4599 1322 4667 lacessere
1356 4614 1421 4666 te
1458 4600 1696 4678 dicunt,
1741 4600 1831 4665 sit
1865 4600 2170 4683 explosus
2186 4599 2217 4661 ‘P

260 4686 518 4753 Harum
578 4684 845 4769 quidem
911 4686 967 4751 si
1024 4696 1093 4752 te
1137 4686 1289 4752 Iesu
1333 4685 1582 4753 Christi
1636 4685 1850 4751 honor
1904 4685 2217 4770 zelusque

261 4770 492 4838 domus
534 4771 812 4838 Domini
867 4791 1024 4838 vere
1082 4779 1324 4852 ureret,
1382 4772 1825 4856 tranquillitas
1885 4770 2216 4837 turbanda

260 4878 391 4955 non
448 4867 597 4924 erat
649 4867 728 4958 ut
769 4857 1071 4960 pessimis
1129 4858 1277 4926 istis
1319 4857 1820 4959 consultoribus,
1874 4858 2216 4959 affectibus

259 4944 1295 5109 ffffi.1523.2..¹23¹2¹.2.323;ffi,
1304 4944 2003 5096 Μὲῧῖἓίἰιὲἕέἓὲ
2048 4943 2217 5096 3352

464 5252 2214 5323 ejsude?noseae0suia‚oedeaeipmoesm,m

264 5320 896 5405 ἀῶὲριιισαέοὲκοά
1204 5322 2214 5392 Ιῶσηκοιιροιυδεοαςωιεαῑεεω

264 5407 328 5448 ιε
359 5392 573 5449 datione
615 5389 859 5463 quadam
895 5327 1234 5460 walion.
1306 5390 1415 5447 Sed
1457 5391 1581 5446 cide
1621 5394 1872 5460 prome
1914 5392 2213 5462 nquam.

2056 458 2215 517 1554
2263 451 2579 519 ARRJL.

4183 461 4295 521 106

2343 637 2622 705 alicuius
2683 638 2967 723 appendi
3020 642 3429 725 eundemque
3497 644 3568 707 in
3635 643 4037 727 profundum
4093 646 4298 713 maris

2342 722 2639 810 demergi
2683 726 2891 792 satius
2934 745 3078 792 esse
3121 746 3318 810 quam
3361 729 3417 794 si
3451 728 3563 794 vel
3603 750 3813 794 unum
3847 751 3935 795 ex
3977 732 4295 797 infirmio-

2341 808 2526 877 ribus
2593 811 3152 878 scandalizaverit.
3264 816 3358 880 At
3432 825 3508 879 tu
3577 825 3891 897 quantam
3969 814 4297 883 scandalis

2342 896 2700 963 fenestram
2744 900 3078 981 aperueris
3120 899 3300 964 vide:
3360 901 3490 964 nisi
3533 908 3755 967 tamen
3807 901 3878 967 in
3921 911 4128 969 totum
4174 904 4297 971 tibi

2341 981 2565 1048 oculos
2606 981 2926 1049 ademerit
2969 984 3151 1050 livor.
3240 985 3412 1051 Nam
3469 986 3614 1069 quis
3655 986 3857 1053 istum
3897 988 3965 1053 in
4010 998 4080 1054 te
4121 1010 4295 1055 mor-

2340 1068 2500 1135 bum
2568 1089 2700 1133 non
2766 1069 3242 1135 subodoretur?
3320 1072 3704 1154 praesertim
3784 1094 3987 1155 quum
4053 1084 4122 1139 tu
4194 1074 4296 1141 vel

2338 1153 2684 1219 minimam
2726 1156 2988 1220 veneris
3021 1157 3431 1223 occasionem
3475 1173 3617 1223 tum
3663 1159 3789 1243 ipsi
3829 1158 4104 1235 Calvino,
4148 1172 4294 1227 tum

2339 1241 2480 1304 eius
2549 1241 2936 1327 symmystis
3005 1242 3166 1307 viris
3220 1242 3666 1328 integerrimis
3721 1244 4108 1310 detrahendi
4126 1295 4142 1322 ,
4217 1256 4296 1312 ut

2381 1344 2596 1408 uoquo
2630 1326 2821 1392 modo
2854 1328 3147 1412 privatas
3182 1329 3400 1395 nescio
3433 1350 3598 1413 quas
3631 1330 3908 1396 iniurias
3940 1330 4293 1398 ulciscaris.

2338 1345 2536 1493 {laod
2580 1414 2635 1478 si
2679 1413 2852 1478 male
2893 1412 3110 1479 feriati
3154 1414 3335 1481 illius
3373 1415 3743 1499 Hieronymi
3784 1416 4049 1483 calculis
4073 1416 4294 1484 Gene—

2340 1498 2562 1563 vensis
2605 1498 2915 1565 ecclesiae
2957 1500 3228 1584 explosa
3279 1501 3400 1568 tibi
3441 1501 3655 1585 placet
3692 1502 4038 1580 sententia,
4090 1502 4296 1569 habes

2384 1583 2618 1650 ublicis
2686 1584 2897 1650 literis
2960 1593 3357 1653 contestatae
3408 1588 3482 1651 in
3536 1588 3937 1653 contrarium
3991 1588 4293 1655 rationes.

2412 1690 2504 1748 as,
2565 1672 2622 1736 si
2665 1680 2879 1755 potes,
2942 1672 3042 1738 vel
3087 1673 3321 1739 absens
3365 1675 3623 1757 scriptis
3663 1676 4008 1740 contrariis
4051 1686 4293 1754 everte,

2338 1756 2601 1837 quando
2652 1756 2786 1823 iam
2841 1756 2909 1821 id
2968 1777 3278 1841 praesens
3329 1780 3463 1825 non
3523 1759 3744 1825 audes.
3833 1761 3938 1825 De
3993 1762 4076 1825 iis
4117 1782 4293 1839 sane,

2336 1861 2501 1924 quos
2544 1843 2642 1908 ais
2683 1843 2754 1908 in
2799 1852 2932 1908 tam
2989 1845 3356 1927 periculoso
3410 1865 3632 1912 errore
3678 1847 3949 1923 versari,
4011 1846 4296 1913 multum

2339 1929 2613 1994 omnino
2655 1930 3027 2009 mereberis,
3073 1931 3128 1996 si
3166 1943 3238 1995 tu
3273 1930 3470 1997 homo
3512 1941 3744 1998 acutus
3786 1953 4013 1998 omnes
4047 1934 4298 2017 ingenii

2337 2033 2578 2080 nervos
2640 2014 2713 2080 in
2767 2036 2909 2080 eam
2981 2015 3403 2083 refellendam
3483 2017 3844 2084 doctrinam
3905 2018 4294 2098 intenderis;

2336 2099 2628 2183 alioquin
2673 2103 2730 2166 si
2772 2103 3104 2185 privatim,
3148 2105 3221 2168 in
3265 2102 3519 2182 umbra,
3567 2102 3802 2170 sudore
3846 2125 4048 2189 prope
4093 2105 4296 2182 nullo,

2335 2184 2633 2254 hostibus
2702 2188 2927 2271 procul
2996 2187 3245 2256 dissitis
3315 2190 3443 2254 hoc
3512 2201 3843 2257 certamen
3912 2191 4298 2271 institueris,

2345 2272 2684 2339 victoriam
2726 2273 2992 2356 quidem
3031 2275 3341 2341 retuleris
3384 2276 3658 2347 facilem,
3720 2286 3791 2340 at
3844 2296 3977 2342 non
4024 2278 4299 2361 perinde

2336 2358 2689 2442 gloriosam
2762 2381 2836 2426 ac
2904 2372 3163 2426 tantum
3227 2361 3458 2428 ducem
3518 2361 3776 2427 deceret
3798 2414 3812 2437 ‚
3887 2363 4015 2428 nisi
4073 2374 4298 2428 tamen

2337 2454 2485 2510 astu
2529 2447 2726 2510 etiam
2771 2447 3040 2511 militari
3085 2447 3193 2511 hic
3227 2447 3326 2512 uti
3360 2448 3571 2515 malis.
3618 2458 3696 2513 ut
3734 2450 3989 2513 hostem
4028 2448 4293 2527 scilicet,

2336 2551 2532 2613 quem
2604 2542 2829 2615 aperto
2901 2542 3111 2598 marte
3173 2534 3439 2599 vincere
3502 2555 3633 2599 non
3687 2546 3896 2616 potes,
3972 2536 4295 2603 cuniculis

2336 2616 2652 2682 adoriare.
2744 2618 2991 2700 Ecquis
3046 2632 3294 2697 autem,
3355 2621 3458 2686 cui
3519 2619 3628 2684 vel
3673 2620 3844 2686 mica
3888 2622 4032 2684 sani
4071 2622 4295 2688 iudicii

2334 2704 2554 2781 fuerit,
2614 2704 2891 2769 usitatas
2951 2705 3072 2769 has
3128 2725 3272 2771 esse
3325 2704 3795 2771 monachorum
3868 2714 4043 2770 artes
4100 2707 4295 2787 plane

2336 2808 2470 2852 non
2512 2787 2886 2874 intelligat?
2944 2810 3224 2873 quorum
3269 2800 3344 2855 tu
3387 2791 3710 2857 fermento
3767 2793 3825 2856 si
3867 2793 4160 2874 penitus,
4220 2802 4295 2857 ut

2333 2872 2682 2957 aliquando
2724 2895 2884 2959 prae
2922 2885 2987 2941 te
3032 2877 3304 2951 ferebas,
3360 2879 3673 2943 nuncium
3718 2877 4099 2948 remisisses,
4158 2899 4292 2942 non

2333 2968 2467 3024 tam
2511 2960 2900 3040 inconsulte,
2944 2983 3027 3027 ne
3071 2960 3286 3028 dicam
3328 2963 3641 3046 improbe,
3687 2962 3857 3028 hanc
3902 2960 4293 3029 adornasses

2333 3044 2644 3126 fabulam,
2702 3066 2871 3131 quae
2915 3067 3105 3125 saue,
3166 3050 3293 3114 nisi
3353 3049 3435 3115 ab
3490 3049 3753 3115 homine
3798 3048 4160 3126 ambitiose,
4227 3059 4292 3114 et

2331 3133 2665 3199 vindictae
2734 3134 2884 3216 plus
2949 3154 3146 3218 quam
3213 3134 3671 3202 Christianum
3739 3133 3966 3201 deceat
4032 3135 4291 3220 cupido,

2330 3220 2438 3302 agi
2497 3240 2633 3284 non
2687 3229 2918 3303 potest.
3022 3220 3214 3302 Quod
3275 3220 3333 3286 si
3398 3242 3565 3305 quae
3621 3222 3774 3287 Iesu
3834 3220 4078 3286 Christi
4136 3235 4292 3287 sunt

2328 3311 2590 3370 tantum
2635 3326 3000 3388 quaereres,
3045 3308 3245 3383 omni,
3293 3308 3398 3372 vel
3443 3308 3501 3373 si
3535 3310 3831 3391 graviter
3864 3329 4041 3372 esses
4079 3309 4289 3373 offen-

2328 3411 2458 3470 sus,
2504 3391 2838 3457 simultate
2881 3412 2961 3456 ex
3007 3394 3229 3457 animo
3272 3392 3545 3472 sublata,
3601 3414 3681 3458 ea
3723 3414 3889 3476 quae
3931 3394 4014 3458 ad
4059 3414 4286 3476 pacem

2328 3488 2486 3542 sunt
2528 3477 2885 3543 Ierusalem
2931 3478 3049 3543 tibi
3093 3480 3382 3545 maxime
3426 3479 3773 3562 placerent.

2500 3561 2634 3629 Sed
2658 3562 2852 3648 longe
2874 3563 3078 3629 alium
3103 3565 3223 3629 tibi
3246 3584 3518 3648 scopum
3555 3565 3967 3648 proposuisti,
4012 3567 4125 3647 qui
4161 3566 4284 3629 mi-

2326 3651 2550 3715 nutias
2570 3649 2676 3714 vel
2697 3649 3066 3716 levissimas
3087 3650 3492 3735 ineptissime
3536 3651 3949 3733 consequaris
3993 3671 4118 3733 quo
4146 3650 4286 3717 Gal-

2322 3736 2540 3800 vinum
2583 3755 2715 3800 una
2758 3754 2907 3800 cum
2953 3737 3095 3800 eius
3137 3734 3404 3820 collegis
3446 3738 3519 3801 in
3562 3737 3920 3801 multorum
3964 3735 4285 3802 iuvidiam

2324 3821 2580 3898 trahas,
2638 3831 3067 3905 sanctumque
3120 3841 3350 3887 eorum
3418 3822 3891 3900 ministerium,
3964 3837 4284 3904 quantum

2324 3905 2587 3990 quidem
2629 3908 2700 3971 in
2745 3917 2809 3971 te
2853 3919 2972 3984 est,
3016 3929 3312 3973 enerves.
3379 3909 3554 3973 Nam
3598 3908 3752 3973 dum
3795 3909 3987 3972 homo
4032 3907 4285 3974 facetus

2323 3992 2456 4057 illis
2499 4014 2738 4058 coenas
2781 3993 3096 4077 quasdam
3121 3995 3471 4078 Apitianas
3514 4014 3609 4068 ac,
3656 3996 3710 4058 si
3748 3995 4004 4076 superis
4047 3995 4282 4075 placet,

2323 4079 2667 4160 epularum
2691 4079 2981 4145 lautitias
3003 4079 3245 4157 obiicis,
3271 4085 3323 4156 θ)
3355 4079 3440 4144 ad
3457 4080 3619 4145 haec
3640 4080 3954 4145 delicatos
3989 4079 4284 4147 doctores

2324 4185 2442 4246 per
2475 4175 2922 4250 contemptum
2956 4167 3280 4243 nominas,
3321 4166 3770 4250 similibusque
3806 4165 4034 4248 elogiis
4080 4165 4284 4232 bonos

2322 4251 2503 4315 viros
2547 4250 2848 4336 insignis,
2906 4271 3127 4317 annon
3169 4253 3514 4317 manifeste
3557 4252 3779 4334 prodis
3821 4272 4104 4334 quonam
4149 4256 4282 4336 spi-

2322 4337 2457 4402 ritu
2531 4337 2797 4420 agaris?
2899 4337 3154 4420 Nempe
3222 4359 3299 4402 eo
3362 4358 3561 4421 quem
3628 4336 3954 4402 mendacii
4024 4353 4281 4420 patrem

2321 4423 2565 4488 veritas
2608 4425 3083 4505 pronunciavit.
3174 4421 3342 4504 Quis
3384 4426 3562 4489 enim
3605 4423 3781 4506 apud
3825 4444 3935 4487 eos
3981 4424 4281 4489 homines

2322 4508 2428 4573 vel
2473 4510 2808 4592 paulisper
2862 4520 3192 4588 versatus,
3251 4510 3513 4575 illorum
3557 4509 3978 4575 sobrietatem
4023 4529 4100 4575 ac
4141 4509 4278 4573 fru-

2321 4595 2536 4678 galem
2595 4596 2665 4660 in
2724 4596 2904 4660 omni
2962 4617 3034 4661 re
3088 4596 3560 4678 parcimoniam
3658 4594 3814 4660 robe
3869 4614 4004 4658 non
4047 4595 4274 4659 novit?

2320 4691 2435 4745 aut
2490 4683 2638 4780 quis
2693 4701 2986 4764 unquam
3041 4702 3126 4747 ex
3190 4682 3491 4763 ipsismet
3633 4681 3946 4747 versariis
4004 4699 4113 4744 eos
4168 4682 4277 4746 vel

2320 4764 2451 4832 levi
2507 4767 3060 4851 intemperantiae
3124 4768 3495 4850 suspicione
3549 4786 3830 4850 gravare
3876 4786 4074 4830 ausus
4129 4766 4273 4831 est?

2317 4851 2674 4919 Praeterea
2770 4855 2871 4919 uis
2927 4853 3138 4919 nescit
3193 4873 3397 4936 quum
3455 4854 3869 4938 evangelium
3928 4855 4276 4932 postremis

2318 4938 2426 5004 his
2481 4940 2757 5023 tempori
2804 4961 2880 5005 us
2935 4941 3118 5022 quasi
3193 4939 3595 5022 postliminio
3665 4937 3934 5010 rediret,
3996 4951 4275 5020 quantas

2465 5165 2470 5170 ’
2524 5180 2586 5248 6)
2624 5181 2806 5246 Quant
2839 5182 2874 5236 a
2908 5196 3009 5234 sou
3043 5183 3197 5234 vivre
3230 5179 3504 5260 ordinaire
3541 5179 3581 5232 il
3617 5196 3651 5231 a
3672 5178 3788 5232 este
3822 5179 4272 5259 tellement-tom·

2316 5253 2450 5324 pere
2483 5257 2578 5306 stc.
2615 5249 2802 5332 (ῌὸισ,
2833 5250 2977 5318 pris.
3012 5248 3081 5304 de
3115 5247 3284 5304 Josue
3322 5265 3386 5332 P:
3432 5247 3517 5301 29.
3560 5246 3674 5330 39).
3743 5246 4064 5317 Gependant
4115 5248 4152 5300 ι]
4190 5246 4274 5328 [ιά

2310 5338 2412 5446 Ξὲοιι
2447 5326 2571 5457 taonzt
2601 5319 2737 5440 Ἕω
2772 5318 3082 5442 queVSataq·
3101 5319 3298 5440 nf4luy
3337 5327 3413 5370 ait
3447 5318 3634 5370 dresse
3651 5321 3833 5370 tontes
3868 5318 3948 5371 les
3983 5319 4272 5370 calomnis·

2396 5433 2405 5442 .
2568 5426 2580 5438 .
2674 5387 2827 5452 obeo,
2918 5402 2980 5441 ιο.
3015 5402 3045 5441 c
3084 5428 3095 5440 .
3203 5425 3215 5438 .
