4850 6200
367 417 477 480 3⁹3

362 603 673 705 recudere.
731 603 879 706 Ego
917 623 1037 688 pro
1078 605 1378 707 exemplo
1400 612 1469 670 et
1507 625 1629 689 pro
1662 605 1788 689 piis
1806 605 1940 671 tuis
1956 603 2292 671 laboribus

317 710 968 843 &metm
1003 709 1351 845 ,Ἢ
1414 711 1540 776 ⁸⁸⁰
1605 702 1871 776 ‘'⁸¹³⁸“
1975 689 2291 756 ⁰⁰m¹¹¹¹¹⁶

1113 1086 1517 1097 ————-

1216 1322 1410 1394 2⁰01.

461 1476 936 1546 OALVINUS
999 1479 1126 1545 AN
1127 1478 1397 1651 (831111313S
1409 1476 2172 1545 FRANOFORDIEN-

1402 1631 1418 1647 ·
1447 1584 1500 1664 ¹)

512 1751 831 1819 Hortatur
871 1774 973 1819 eos
1015 1758 1085 1819 ut
1126 1775 1203 1818 ne
1234 1758 1498 1836 propter
1530 1754 1958 1820 caeremonias
2001 1753 2289 1837 aliasque

347 1858 442 1904 res
483 1839 745 1905 minime
784 1840 872 1906 ad
910 1839 1097 1921 fidem
1129 1840 1507 1922 pertinentes
1547 1839 1618 1903 in
1662 1839 1803 1921 ipso
1845 1838 2070 1905 exsilio
2112 1839 2290 1907 eccle-

345 1925 475 1990 siae
515 1924 1008 2005 aedificationem
1039 1925 1367 1991 retardant.
1447 1976 1454 1983 .

347 2095 536 2161 (lanu
581 2096 684 2150 scri
724 2104 785 2150 ta
826 2111 932 2150 non
977 2102 1175 2151 exstat.
1269 2094 1448 2149 Habet
1491 2096 1636 2150 Besa
1679 2095 1778 2150 led.
1825 2096 2029 2151 Gener.
2074 2115 2131 2168 p.
2170 2096 2288 2169 158,

343 2165 501 2219 Lens.
736 2207 752 2233 ‚
785 2164 998 2220 Eanov.
1035 2182 1089 2235 p.
1127 2161 1250 2231 376,
1297 2164 1506 2219 Chonet
1626 2162 1747 2232 213,
1795 2165 1969 2220 Amet.
2003 2184 2058 2237 p.
2095 2164 2184 2222 98.
2218 2195 2287 2210 -

342 2181 596 2303 ψοζ’
607 2233 807 2304 legitur
840 2232 898 2286 in
933 2233 1081 2288 mit.
1135 2232 1491 2369 ‘'¹1¹¹{¹7⁸‘¹51¹)¹¹·
1537 2182 1641 2285 liv
1688 2241 1745 2287 et
1788 2234 1845 2288 in
1892 2234 2029 2305 epp.
2077 2235 2284 2292 Knoxii

510 2472 659 2540 Hoc
703 2494 857 2539 vero
911 2493 1018 2539 me
1071 2472 1367 2558 graviter
1420 2474 1755 2540 excruciat
1810 2488 1878 2538 et
1928 2472 2118 2541 valde
2173 2476 2286 2542 ab-

340 2558 614 2625 surdum
658 2567 777 2637 est,
821 2559 997 2624 inter
1038 2559 1274 2624 iratres
1313 2558 1395 2624 ob
1438 2557 1711 2625 eandem
1749 2557 1948 2625 fidem
1992 2581 2032 2625 a
2072 2563 2289 2645 patria

340 2645 601 2711 exsules
643 2666 722 2712 ac
762 2643 1073 2729 profugos
1116 2644 1456 2710 dissidium
1499 2646 1689 2723 oriri3
1749 2657 1818 2710 et
1900 2646 2122 2711 uidem
2165 2647 2290 2714 hac

339 2730 418 2795 de
483 2751 685 2796 cansa
746 2750 913 2814 quae
976 2730 1084 2796 vel
1148 2730 1286 2797 sola
1360 2728 1675 2797 debuerat
1737 2731 1809 2796 iu
1931 2753 2006 2798 ac
2069 2743 2291 2799 vestra

338 2816 764 2901 dispersione,
821 2818 1006 2900 quasi
1045 2836 1303 2883 sacrum
1346 2816 1704 2894 vinculum,
1764 2837 1882 2883 vos
1937 2817 2135 2883 simul
2178 2816 2289 2884 de-

339 2904 598 2969 vinctos
640 2911 882 2970 tenere.
987 2901 1163 2984 Quid
1219 2903 1396 2968 enim
1455 2900 1640 2968 vobis
1696 2903 1770 2967 in
1818 2902 1944 2969 hac
2001 2904 2180 2969 tristi
2222 2914 2291 2971 et

335 2990 582 3054 misera
623 2986 808 3056 clade
848 2989 1066 3072 potius
1108 2986 1437 3073 agendum
1481 2999 1640 3066 erat,
1686 3009 1885 3072 quam
1942 2997 2020 3055 ut
2077 3009 2118 3055 a
2170 3010 2286 3072 pa·

335 3075 503 3141 triae
550 3073 912 3141 visceribus
966 3073 1180 3141 avulsi
1235 3073 1574 3141 ecclesiam
1628 3074 1814 3142 vobis
1873 3074 2287 3161 adoptaretis,

335 3181 504 3244 quae
545 3162 787 3228 animis
844 3170 913 3227 et
964 3161 1210 3246 linguis
1252 3162 1633 3228 coniunctos
1688 3168 1988 3227 materno
2036 3164 2288 3246 gremio

337 3415 605 3480 ml)
644 3415 958 3487 Respondet
1002 3417 1082 3472 ad
1134 3416 1213 3472 N.
1263 3415 1418 3472 m.
1519 3417 1726 3474 Exstat
1776 3423 1930 3473 vetus
1994 3419 2288 3475 translatio

333 3485 504 3541 snm
605 3524 619 3539 .
658 3487 746 3541 iu:
781 3486 938 3541 Brief
962 3485 1240 3541 disoonrm
1276 3486 1337 3540 os
1365 3486 1460 3540 the
1493 3487 1737 3541 troubles
1987 3492 2046 3541 at
2077 3489 2285 3542 Frank·

333 3501 1458 3621 fordlssirecmlssffi.34;eae
1586 3563 1837 3626 requae
2019 3556 2286 3626 viaeap.

332 3622 755 3693 Laiumssnooe
799 3622 1029 3678 Π.28.
1112 3571 1491 3693 famma
1596 3639 1694 3679 eea
1910 3639 2033 3679 mn
2187 3627 2287 3681 lies

332 3693 414 3746 n‘e
445 3692 722 3748 &omits
757 3694 835 3745 To
872 3692 964 3746 the
998 3692 1126 3763 godi
1195 3692 1301 3747 and
1336 3692 1525 3747 lerned
1559 3709 1683 3747 men
1706 3693 1934 3748 Meister
1951 3694 2100 3749 John
2212 3712 2283 3750 ox

331 3761 438 3814 and
473 3761 707 3815 laister
741 3762 825 3814 W.
865 3761 1095 3815 Wbittin
1293 3760 1379 3814 his
1416 3761 1649 3816 faithfull
1683 3762 1943 3816 brothton
1976 3768 2038 3817 at
2081 3764 2284 3818 Frank·

331 3830 454 3884 ford
489 3838 590 3885 ete.
659 3829 814 3886 Haec
861 3831 1155 3885 translatio
1199 3831 1381 3884 minus
1416 3845 1594 3885 severe
1637 3830 1704 3885 de
1744 3831 1858 3885 illis
1900 3834 2285 3887 maeoniis

331 3898 550 3954 thadim
582 3914 747 3968 quan
791 3901 1156 3954 authenticum
1197 3898 1429 3953 latinum
1474 3915 1620 3953 mm
1662 3899 1763 3953 lar.
1845 3898 2050 3956 Editor
2096 3900 2285 3972 Las-q

330 3966 397 4021 de
428 3968 534 4023 Ιιοο
568 3968 767 4022 lauda
799 3968 991 4039 Dyer’s
1014 3967 1134 4022 Life
1166 3968 1228 4021 of
1244 3968 1434 4021 Oalvin
1470 3985 1524 4038 p.
1557 3967 1593 4020 4
1665 4008 1678 4021 .
1725 3966 1969 4023 Libellus
2001 3969 2094 4024 ine
2124 3971 2285 4025 cuius

329 4037 550 4092 titulun·
584 4036 747 4092 nodo
779 4039 1167 4105 amp-dume
1192 4037 1326 4091 haee
1359 4037 1516 4092 habet
1544 4054 1602 4104 p.
1636 4035 1735 4091 36.-
1771 4036 1946 4091 When
1973 4038 2083 4093 this
2119 4041 2285 4093 letter

329 4104 391 4158 οῖ
400 4104 645 4160 Oalvin’s
679 4121 794 4160 was
817 4106 952 4160 redd
987 4113 1047 4160 to
1082 4105 1231 4159 them
1259 4106 1322 4160 of
1349 4106 1443 4160 tbe
1461 4106 1846 4175 congregation
1866 4107 1914 4160 it
1946 4125 2008 4161 so
2031 4108 2286 4178 wronght

328 4175 386 4227 in
420 4174 520 4228 the
555 4173 742 4227 hat-tes
776 4174 835 4229 of
867 4192 1031 4245 many
1078 4174 1202 4228 that
1250 4174 1382 4245 they
1421 4191 1564 4228 were
1611 4187 1709 4229 not
1754 4176 1939 4229 before
1984 4193 2045 4231 so
2083 4183 2282 4231 stowte

332 4250 389 4296 to
425 4243 730 4297 maintaine
766 4244 839 4296 all
886 4243 980 4297 the
1017 4249 1170 4312 parts
1206 4244 1268 4297 of
1295 4243 1389 4297 the
1425 4243 1613 4298 Booke
1648 4244 1710 4298 of
1736 4244 1988 4314 England
2022 4261 2082 4299 as
2117 4245 2283 4299 after·

331 4312 513 4366 werd·
545 4312 682 4382 they
716 4327 863 4365 were
897 4314 1033 4366 bent
1171 4312 1283 4365 ‘nst
1313 4312 1373 4365 it.
1448 4312 1668 4367 Interea
1701 4313 1957 4368 nonnum
1996 4329 2064 4369 σω
2096 4329 2281 4369 sons·

328 4387 499 4449 coctu,
537 4379 796 4446 Κηοειισ,
963 4384 971 4393 ’
1028 4382 1040 4394 ’
1235 4378 1540 4452 unffi,
1576 4380 1816 4438 Fooeete.
1848 4397 2279 4451 ”comeo-mo·

328 4456 562 4504 nemi
617 4449 898 4518 litamine·
955 4449 1260 4504 Geneveum'
1313 4450 1567 4516 mam,
1808 4452 1969 4506 suan
2031 4450 2282 4508 Genetes

331 4516 469 4572 1556
514 4518 888 4600 amasa-suit·
920 4516 1169 4582 (Knoaece
1214 4516 1363 4599 Opp.
1388 4518 1490 4573 lv.
1543 4468 1644 4573 142
1691 4521 1814 4589 ιφ).
1900 4519 2056 4575 Haec
2100 4527 2280 4604 ξαᾳεη

494 4699 508 4725 ,
544 4655 757 4711 Lemo
790 4587 1451 4725 exunguimini-ipsit
1484 4586 1625 4727 qualus
1654 4603 2086 4725 pofftnffllvou.
2112 4596 2280 4714 ἐξὲξ-ἶ

329 4739 365 4776 a
399 4731 558 4779 eom
591 4728 810 4793 receptu
842 4729 949 4779 est.-
985 4725 1145 4778 Some
1179 4731 1337 4794 parte
1371 4726 1536 4779 taken
1571 4725 1753 4780 forthe
1786 4726 1849 4780 of
1875 4726 1970 4780 the
2013 4727 2277 4797 Englishe

330 4792 519 4875 Book-e
553 4793 664 4847 and
700 4794 857 4846 other
888 4793 1075 4874 things
1125 4800 1226 4863 put
1257 4803 1330 4859 to,
1377 4811 1438 4848 as
1472 4795 1567 4849 the
1600 4803 1746 4850 state
1799 4797 1862 4850 of
1890 4795 2011 4849 that
2044 4796 2278 4877 chnrche

327 4862 931 5013 {ttfflsfflffl
939 4862 1143 5012 ἓξὲξ
1179 4863 1642 5003 mmm?
1661 4864 2280 5002 gislag'wlffss

331 5006 651 5054 contention
694 4999 890 5054 sbnlde
933 5015 1075 5053 arnse
1123 5015 1176 5053 in
1225 5003 1322 5055 the
1367 5017 1558 5055 meane
1591 5003 1725 5055 time
1760 5002 1856 5056 the
1901 5007 2105 5056 matter
2147 5003 2277 5058 then

327 5077 389 5123 to
425 5070 496 5122 be
530 5068 870 5122 determined
906 5069 943 5121 b
1016 5068 1160 5121 tbeis
1194 5069 1301 5123 five
1335 5071 1557 5126 notable
1592 5070 1813 5125 learned
1847 5086 1988 5136 men,
2024 5075 2087 5124 to
2121 5079 2278 5137 vete,

328 5136 537 5204 colvin,
581 5137 874 5201 Musonius,
969 5143 1141 5207 artyr,
1194 5137 1479 5209 Bullinger
1524 5139 1632 5193 and
1684 5139 1871 5211 Vyret.
1952 5138 2082 5193 'I'bis
2128 5156 2281 5210 agre·

327 5212 513 5289 mente
530 5211 762 5289 vaspnt
796 5206 853 5289 in
869 5206 1141 5275 writinge.
1188 5206 1656 5263 Heeceulummt
1687 5207 1958 5331 ''2⁸⁶⁰‘'
1988 5207 2280 5263 adom

329 5272 493 5330 M
543 5274 685 5331 Gom
729 5274 789 5330 al
1115 5292 1213 5346 quo
1257 5292 1314 5330 α.
1358 5276 1412 5332 d.
1451 5275 1576 5332 111.
1614 5275 1702 5332 16.
1808 5282 1912 5332 art.
1948 5276 2284 5347 appulerunt

330 5341 592 5413 (M’Gn'e,
625 5344 724 5412 life
755 5291 1135 5414 ΜΒ
1165 5361 1224 5416 p.
1262 5343 1408 5413 14⁶1).

2055 419 2217 481 1555
2259 412 2637 483 IANUAR.

4207 418 4335 481 394

2391 603 2727 689 exciperet
2767 624 2844 671 ac
2886 601 3184 670 foveret?
3288 603 3482 670 Nunc
3529 624 3688 669 vero
3731 603 3812 669 de
3853 602 4159 687 precandi
4199 603 4335 671 for-

2391 708 2505 754 ma
2545 696 2614 755 et
2654 689 3080 757 caeremoniis
3135 690 3320 773 qnasi
3377 691 3445 754 in
3488 690 3620 754 otio
3676 697 3745 755 et
3787 688 4028 757 delitiis
4067 691 4249 756 litem
4292 712 4336 757 a

2392 774 2781 859 quibusdam
2818 776 3087 853 moveri,
3129 773 3329 859 idque
3358 774 3614 841 obstare
3633 777 3978 859 quominus
4013 776 4085 843 in
4126 797 4337 843 unum

2392 861 2703 928 ecclesiae
2745 881 2980 945 corpus
3022 862 3170 927 istic
3208 860 3599 941 coalescatis,
3656 861 3853 927 nimis
3896 882 4042 928 meo
4093 860 4334 929 iudicio

2393 948 2927 1031 intempestivum
2970 956 3087 1013 est.
3190 946 3418 1030 Neque
3470 956 3693 1012 tamen
3747 968 3973 1014 eorum
4028 959 4336 1015 constan-

2393 1033 2553 1099 tiam
2598 1032 3008 1117 reprehendo
3051 1032 3182 1115 qui,
3227 1041 3300 1098 ut
3339 1052 3460 1116 pro
3502 1033 3677 1099 iusta
3713 1054 3910 1099 causa
3943 1031 4334 1119 depugnent.

2391 1119 2590 1186 inviti
2631 1119 2700 1184 in
2758 1118 3239 1185 contentionem
3293 1117 3672 1184 trahuntur:
3730 1118 3844 1185 sed
3893 1121 4336 1203 pertinaciam.

2392 1225 2562 1290 quae
2604 1215 2906 1271 sanctum
2947 1202 3325 1272 formandae
3366 1204 3673 1272 ecclesiae
3706 1204 3999 1271 studium
4042 1215 4338 1272 moratur

2392 1302 2462 1357 et
2517 1289 2809 1375 impedit,
2866 1291 3100 1357 merito
3155 1289 3411 1356 damno.
3515 1289 3831 1374 Equidem
3887 1300 3963 1357 ut
4014 1292 4084 1357 in
4139 1293 4336 1359 rebus

2391 1376 2645 1457 mediis,
2690 1389 2766 1441 ut
2808 1388 2965 1442 sunt
3008 1377 3269 1442 externi
3312 1379 3500 1454 ritus,
3559 1376 3816 1443 facilem
3870 1398 3977 1443 me
4018 1398 4092 1445 ac
4147 1378 4336 1444 flexi-

2338 1470 2344 1501 ¹
2393 1463 2593 1530 bilem
2650 1464 2957 1546 praebeo,
3026 1464 3118 1527 ita
3176 1483 3310 1526 non
3366 1482 3626 1546 semper
3681 1463 3848 1528 utile
3908 1484 4049 1530 esse
4101 1463 4335 1545 iudioO,

2391 1549 2636 1615 stultae
2678 1570 2905 1614 eorum
2949 1548 3328 1627 morositati,
3375 1549 3487 1632 qni
3529 1547 3696 1614 nihil
3747 1548 3825 1614 de
3869 1548 4335 1615 consuetudine

2390 1656 2517 1701 sua
2589 1636 2969 1712 remittunt,
3040 1634 3323 1717 obsequi.
3441 1634 3522 1699 In
3602 1635 3711 1700 An
3756 1633 3971 1701 licana
4046 1635 4332 1737 liturgia,

2391 1721 2651 1805 qualem
2707 1720 3099 1799 describitis,
3158 1719 3404 1785 multas
3462 1717 3651 1786 video
3783 1722 3909 1787 'sse
3964 1720 4334 1788 tolerabiles

2387 1807 2687 1889 ineptias.
2787 1806 2917 1872 His
2974 1804 3222 1872 duobus
3277 1805 3494 1872 verbis
3550 1806 3846 1890 exprimo
3864 1859 3880 1884 ,
3943 1804 4078 1872 non
4131 1806 4335 1875 fuisse

2389 1912 2536 1959 eam
2595 1894 2967 1978 puritatem,
3027 1912 3192 1975 quae
3250 1890 3535 1991 optanda
3585 1892 3827 1958 fuerat:
3889 1913 4057 1976 quae
4110 1902 4334 1960 tamen

2391 1980 2605 2062 primo
2650 1980 2876 2044 statim
2918 1976 3023 2044 die
3066 1977 3307 2062 corrigi
3358 1999 3489 2042 non
3546 1986 3851 2062 poterant
3895 1980 4071 2055 vitia,
4130 2000 4333 2062 quum

2390 2064 2574 2131 nulla
2615 2065 2916 2132 subesset
2954 2064 3305 2130 manifesta
3358 2064 3675 2148 impietas,
3718 2064 3988 2131 ferenda
4028 2065 4111 2130 ad
4167 2075 4335 2131 tem·

2389 2171 2514 2234 pus
2555 2150 2774 2217 fuisse.
2863 2147 2977 2216 Sic
3021 2171 3178 2235 ergo
3221 2169 3262 2213 a
3302 2148 3546 2215 talibus
3594 2148 3988 2216 rudimentis
4045 2152 4335 2235 incipere

2390 2237 2593 2314 licuit,
2632 2248 2711 2301 ut
2750 2236 2969 2302 doctos
3014 2248 3234 2301 tamen
3279 2234 3514 2319 probos
3558 2257 3639 2301 ue
3690 2246 3758 2302 et
3806 2256 4041 2321 graves
4087 2236 4335 2303 Christi

2389 2323 2730 2389 ministros
2773 2321 2949 2387 ultra
2992 2322 3169 2398 eniti,
3216 2330 3284 2385 et
3327 2321 3526 2404 aliqui
3614 2320 3907 2387 limatius
3964 2342 4038 2388 ac
4101 2323 4334 2405 purius

2391 2416 2706 2491 quaerere
2726 2416 3239 2474 consentaneum
3274 2407 3459 2472 foret.
3518 2405 3595 2471 Si
3642 2407 3955 2474 hactenus
3995 2407 4064 2472 in
4087 2408 4336 2492 Anglia

2390 2493 2729 2663 {ism
2750 2491 3567 2661 sensisses&
3610 2493 4339 2663 iffizflmffi

2390 2664 2524 2730 illis
2566 2665 2906 2749 principiis
2948 2663 3104 2729 alibi
3139 2661 3542 2730 instituenda
3586 2664 3771 2731 vobis
3814 2666 3901 2730 sit
3932 2664 4221 2744 ecclesia,
4265 2674 4335 2732 et

2390 2750 2669 2817 liberum
2713 2751 2802 2818 sit
2840 2751 3137 2828 formam,
3181 2770 3347 2833 quae
3368 2749 3451 2814 ad
3495 2771 3689 2816 nsum
3733 2762 3801 2816 et
3821 2748 4337 2817 aedificationem

2390 2837 2703 2905 ccclesiae
2759 2836 3046 2902 maxime
3099 2845 3254 2919 apta
3314 2832 3653 2915 videbitur,
3709 2836 3791 2902 de
3848 2838 4106 2920 integro
4161 2858 4335 2904 com-

2389 2943 2661 3074 poltiiere:
2707 2921 2863 3074 qutild
2885 2921 3009 3073 {ghi
3038 2922 3241 3070 velirff
3269 2922 3935 3073 lnestgioiquogxgmis
3975 2922 4334 3075 papistigae

2390 3027 3482 3075 remaenreeecn
3776 3029 4334 3075 aneamus

2390 3030 2631 3162 assiileti
2676 3106 2851 3163 sunt.
3010 3114 3087 3160 oe
3126 3094 3338 3178 primo
3360 3106 3447 3159 et
3490 3095 3907 3180 nugatorium
3956 3106 4025 3161 et
4078 3029 4334 3179 {ineu-ile

2390 3190 2520 3247 est:
2569 3180 2802 3248 deinde
2843 3180 3129 3246 multum
3169 3180 3446 3247 interest
3488 3179 3651 3247 haee
3706 3200 3881 3248 nova
3919 3181 4250 3248 institutio
4292 3203 4336 3248 a

2388 3269 2769 3334 mutatione.
2870 3267 2930 3332 E
3058 3287 3234 3342 vero,
3278 3267 3334 3332 si
3378 3266 3788 3350 quorundam
3843 3267 4194 3334 infirmitas
4249 3267 4334 3333 ad

2389 3363 2719 3419 summum
2964 3374 3076 3418 nm
3157 3373 3288 3418 uon
3368 3351 3774 3431 conscendat,
3839 3364 3917 3419 ut
3979 3374 4095 3420 vos
4157 3355 4336 3420 ultra

2388 3438 2659 3507 modum
2690 3439 2939 3526 rigidos
2981 3459 3122 3505 esse
3155 3437 3378 3517 nolim,
3414 3439 3510 3504 ita
3549 3459 3780 3504 rursus
3840 3439 4000 3506 alios
4051 3443 4336 3507 monitos

2388 3546 2532 3593 esse
2574 3526 2785 3610 cupio,
2841 3546 2928 3591 ne
2971 3522 3092 3592 sibi
3148 3524 3221 3589 in
3265 3544 3385 3590 sua
3439 3524 3701 3591 inscitia
3758 3525 3956 3590 nimis
3998 3525 4330 3610 placeant:

2389 3610 2627 3677 deinde
2694 3632 2778 3678 ne
2835 3630 2953 3677 sua
3016 3611 3381 3694 pervicacia
3447 3609 3659 3676 sancti
3722 3608 4000 3677 aedificii
4063 3632 4335 3678 cursum

2387 3697 2744 3763 retardent.
2853 3696 3077 3762 Tertio
3090 3747 3108 3776 ,
3182 3715 3270 3761 ne
3351 3695 3558 3761 stulta
3620 3715 3730 3761 eos
3804 3695 4153 3763 aemulatio
4217 3697 4334 3764 ab·

2386 3784 2603 3866 ripiat.
2715 3783 2888 3850 Nam
2944 3802 3111 3866 quae
3174 3780 3306 3847 illis
3368 3780 3631 3847 rixandi
3690 3802 3920 3860 causa,
3983 3783 4115 3848 nisi
4179 3784 4335 3867 quia

2387 3867 2594 3954 pudet
2633 3868 3010 3935 melioribus
3053 3866 3326 3933 cedere?
3415 3866 3549 3934 Sed
3592 3889 3712 3954 ego
3747 3868 3991 3934 frustra
4029 3868 4113 3933 ad
4148 3873 4336 3951 eos2)

2387 3975 2756 4021 sermonem
2823 3965 3169 4034 converto,
3235 3954 3346 4037 qui
3412 3955 3583 4020 forte
3647 3976 3780 4020 non
3843 3962 4100 4020 tantum
4167 3956 4335 4022 mihi

2386 4042 2706 4120 tribuunt,
2753 4051 2828 4106 ut
2870 4040 3213 4108 consilium
3274 4061 3314 4105 a
3354 4040 3472 4106 tali
3533 4051 3759 4106 autore
3812 4040 4173 4124 profectum
4218 4041 4334 4108 ad-

2383 4127 2646 4195 mittere
2689 4127 3060 4212 dignentur.
3134 4125 3212 4193 Si
3254 4135 3559 4192 metuunt
3601 4127 3944 4192 sinistrum
3986 4127 4052 4191 in
4090 4127 4335 4212 Anglia

2384 4233 2750 4290 rumorem,
2808 4212 2993 4296 quasi
3036 4210 3119 4277 ab
3163 4232 3241 4278 ea
3289 4232 3456 4296 quae
3504 4212 3639 4277 illis
3696 4212 3911 4278 exsilii
3968 4232 4164 4279 causa
4206 4214 4333 4279 fnit

2385 4298 2697 4381 religione
2740 4296 3156 4377 desciverint,
3200 4298 3397 4383 longe
3439 4298 3779 4364 falluntur.
3881 4297 4112 4364 Potius
4155 4300 4331 4366 enim

2382 4382 2629 4463 fideles,
2687 4384 2799 4467 qui
2848 4384 2984 4451 illie
3038 4384 3285 4449 residui
3342 4395 3517 4463 sunt,
3576 4383 3735 4450 haec
3791 4384 4004 4469 magis
4046 4385 4332 4469 ingenua

2381 4469 3790 4641 ffifflzzff‘fflfflffifffflssffl.
3824 4470 4332 4640 {23²3AEss

2379 4642 2838 4726 praecipitium
2879 4640 3276 4721 vulnerabit,
3320 4640 3432 4707 ubi
3476 4661 3595 4708 vos
3636 4640 3812 4707 ultra
3853 4639 4145 4706 medium
4186 4662 4336 4709 cur-

2381 4750 2551 4806 sum,
2596 4728 2775 4793 unde
2818 4729 3081 4792 retracti
3124 4735 3300 4804 sunt,
3343 4747 3463 4811 pro
3583 4726 3648 4791 di
3692 4726 3998 4792 viderint.
4069 4727 4329 4808 Valete,

2378 4814 2784 4898 integerrimi
2822 4812 3062 4879 tratres
3103 4822 3171 4878 et
3203 4811 3428 4879 fideles
3607 4811 3714 4878 'sti
3754 4813 3947 4879 servi.
4003 4810 4330 4880 Dominus

2381 4921 2526 5052 §.osb
2546 4900 2715 4966 tueri
2758 4919 3101 5050 aefflregere
3145 4906 3392 4985 pergat.
3482 4897 3816 4978 Oenone,
3862 4903 3955 4965 15.
3999 4896 4328 4966 Oalendas

2445 5007 2483 5052 e
2526 4985 2733 5052 ruarii
2784 4992 2807 5049 1
2908 4991 2963 5050 5.

2385 5111 2655 5118 —ae---.--—-—
2668 5110 2791 5118 ’,ἡ

2590 5175 2652 5242 2)
2688 5173 2910 5231 Koios-ii
2939 5173 3308 5229 adversarios.
