4850 6200
560 402 685 468 787

559 585 743 655 Max.
788 593 856 650 te
891 592 1108 652 servet
1140 604 1336 669 quam
1370 582 1735 649 1111111001ωο
1778 588 1847 648 01
1879 581 1961 646 ad
1996 602 2183 647 suam
2217 579 2495 665 gloriam

561 679 631 739 et
671 670 755 737 ad
798 691 1208 738 communem
1252 678 1387 734 tam
1430 677 1722 735 nostram
1768 687 1962 751 quam
2005 668 2299 733 omnium
2341 687 2495 733 con·

562 758 962 826 solationem.
1051 755 1464 822 Francoforti
1507 759 1608 820 21.
1654 754 1837 838 Sept.

1140 892 1518 977 Discipulus
1560 899 1716 957 tuus
1757 889 2322 975 Whitinghamus.

1430 1519 1625 1591 2301.

1030 1674 1550 1741 VERMILIUS
1594 1674 2028 1741 GALVINO.

733 1847 945 1914 Multa
999 1847 1195 1912 tradit
1248 1848 1325 1912 de
1381 1845 1701 1912 Saxonum
1763 1846 1989 1912 libellis
2039 1852 2098 1911 et
2150 1848 2491 1913 calumniis

559 1939 774 2003 contra
800 1933 1328 1998 Sacramentarios
1344 1958 1363 1997 .·
1395 1931 1695 1997 nonnulla
1729 1933 1915 1996 etiam
1937 1933 2491 2014 Arymtoratemia

557 2022 636 2088 de
679 2019 990 2085 Molinaeo
1031 2017 1357 2083 Balduino
1407 2017 1717 2083 Gamert'o
1759 2017 2141 2083 Alexandro.

559 2191 671 2259 (Ex
705 2188 1023 2259 Appendice
1066 2188 1335 2242 Locorum
1377 2187 1545 2243 theol.
1579 2189 1832 2242 Vermilii
1874 2190 1957 2242 ed.
1993 2190 2172 2259 Tignr.
2208 2187 2358 2255 1580,
2394 2189 2489 2243 fol.

1100 2254 1203 2310 578
1236 2274 1285 2310 V.
1355 2257 1459 2312 Ed.
1495 2256 1648 2321 1587,
1683 2275 1735 2326 p.
1773 2256 1949 2324 1097.)

729 2428 1143 2496 Fasciculum
1188 2428 1363 2493 hunc
1400 2428 1741 2493 literarum
1783 2428 1888 2494 his
1923 2427 2170 2508 diebus,
2215 2430 2318 2495 vir
2360 2428 2491 2495 cla-

556 2515 830 2590 rissime,
889 2515 1122 2595 accepi,
1176 2515 1580 2578 committere
1638 2521 1856 2579 autem
1910 2513 2092 2579 nolui
2135 2524 2208 2579 ut
2249 2515 2491 2597 absque

554 2603 721 2668 meis
780 2599 898 2664 tibi
955 2597 1351 2664 redderetur.
1447 2599 1653 2665 Valeo
1714 2600 1794 2665 de
1850 2621 2029 2666 more
2088 2599 2492 2683 libenterque

556 2688 645 2754 D.
690 2685 773 2752 de
818 2685 884 2751 S.
931 2686 1193 2750 Andrea
1248 2695 1434 2749 tuum
1491 2694 1925 2770 symmystam
1968 2685 2120 2764 vidi,
2148 2688 2200 2769 ¹)
2240 2709 2320 2751 ex
2363 2707 2491 2768 quo

563 2773 646 2838 de
721 2771 915 2838 rebus
978 2770 1477 2837 Genevensibus
1555 2771 1919 2836 luculenter
1983 2774 2256 2856 cognovi
2322 2771 2494 2855 quod

563 2865 760 2925 antea
801 2856 884 2922 ob
925 2877 1238 2934 rumores,
1283 2858 1397 2940 qui
1437 2857 1607 2921 varii
1650 2855 2141 2940 spargebantur,
2188 2878 2319 2923 non
2355 2879 2492 2922 me·

563 2943 870 3011 diocriter
911 2952 1309 3026 optaveram.
1372 2942 1767 3008 Benedictus
1800 2942 1985 3008 Deus
2027 2954 2094 3007 et
2137 2956 2320 3026 pater
2353 2943 2491 3008 Do-

563 3029 727 3097 mini
798 3031 1006 3093 nostri
1070 3028 1225 3094 Iesu
1290 3026 1537 3092 Christi
1615 3030 1724 3112 qui
1801 3050 1950 3093 suos
2030 3051 2154 3093 non
2234 3029 2490 3094 deserit.

566 3115 867 3183 Saxones
924 3135 1053 3178 non
1109 3114 1466 3195 quiescunt.
1566 3114 1995 3196 Farraginem
2017 3119 2074 3191 ²)
2139 3116 2260 3194 (010
2316 3117 2491 3180 enim

566 3201 930 3285 appellant)
1003 3198 1194 3264 valde
1270 3200 1556 3281 ineptam
1633 3198 1997 3265 ediderunt.
2119 3199 2495 3267 Sententias

567 3285 883 3371 quasdam
921 3304 1007 3349 ex
1049 3284 1341 3366 patribus
1383 3284 1713 3368 colligunt,
1757 3306 1879 3350 1100
1913 3306 2042 3350 11011
2085 3307 2171 3351 ex
2206 3286 2494 3365 Luthero,

572 3371 901 3452 Philippo,
946 3369 1207 3434 Brentio
1221 3420 1237 3447 ,
1286 3368 1626 3435 Pomerano
1678 3378 1746 3435 et
1802 3371 2136 3438 similibus.
2223 3370 2496 3438 Addunt

571 3459 632 3523 ei
673 3457 1009 3533 Bucerum,
1069 3454 1410 3536 Illyricum
1465 3469 1532 3519 et
1586 3455 1992 3521 Ioachimum
2053 3457 2495 3541 Westpkalum,

567 3563 699 3627 quo
742 3564 811 3608 00
853 3542 1025 3605 inter
1067 3561 1209 3605 sese
1251 3541 1727 3606 consentientes
1770 3561 1912 3607 esse
1953 3543 2316 3609 ostendant.
2380 3544 2494 3608 In·

569 3635 922 3695 seruerunt
961 3645 1214 3708 quoque
1257 3627 1475 3691 varias
1518 3626 1822 3709 epistolas
1878 3629 1947 3692 in
1991 3649 2108 3694 nos
2150 3628 2497 3711 aliquando

571 3714 865 3795 scriptas.
944 3712 1038 3776 Te
1081 3732 1236 3775 vero
1281 3720 1349 3775 et
1392 3733 1494 3776 me
1536 3713 1923 3777 nominatim
1965 3734 2100 3779 non
2141 3717 2495 3798 attingunt.

575 3797 671 3865 Io.
707 3818 750 3863 0
785 3797 985 3861 Lasso
1026 3796 1470 3879 proscindunt,
1514 3819 1647 3862 non
1690 3818 1847 3863 sane
1889 3799 2063 3882 quod
2104 3800 2497 3883 peculiarem

569 3883 792 3951 foveat
822 3881 1209 3965 opinionem,
1252 3881 1368 3946 sed
1411 3890 1667 3946 tantum
1690 3885 1945 3949 nomine
1986 3887 2497 3952 sacramentarii.

569 3971 809 4053 Atque,
855 3970 907 4034 si
942 3970 1083 4034 Deo
1120 3968 1348 4053 placet,
1394 3969 1460 4032 in
1506 3967 1874 4035 huiusmodi
1915 3977 2189 4037 centone
2232 3972 2499 4037 titulum

570 4056 817 4123 habent
877 4056 1208 4137 privatim,
1267 4054 1438 4137 quod
1497 4053 1745 4120 Christi
1802 4075 2036 4140 corpus
2095 4058 2182 4124 sit
2239 4059 2350 4125 ubi
2396 4079 2495 4125 ue.

569 4143 719 4209 Hoc
761 4142 896 4207 iam
939 4141 1150 4224 palam
1199 4149 1493 4215 tuentur,
1553 4150 1618 4203 et
1661 4143 1857 4206 istum
1898 4143 2245 4209 articulum
2291 4147 2376 4208 tri
2422 4165 2500 4208 us

574 4237 690 4294 aut
722 4241 1000 4310 quatuor
1041 4226 1212 4291 foliis
1247 4233 1563 4291 tractant:
1608 4247 1822 4309 neque
1855 4227 1982 4291 alia
2015 4231 2267 4294 ratione
2302 4237 2497 4292 utun-

572 4323 686 4378 tur
719 4333 915 4396 quam
958 4311 1162 4376 filium
1188 4312 1312 4376 Dei
1346 4312 1774 4393 assumpsisse
1810 4321 2107 4378 naturam
2142 4312 2502 4378 humanam

575 4399 650 4464 in
706 4397 977 4463 eandem
1032 4396 1433 4480 hypostasin.
1523 4396 1630 4462 Ad
1687 4405 2054 4464 extremum
2110 4397 2505 4465 addiderunt

575 4484 790 4550 locum
837 4483 915 4546 de
960 4482 1381 4565 magistratus
1439 4482 1678 4558 officio,
1736 4482 1905 4565 quod
1962 4484 2089 4550 alia
2145 4506 2343 4552 causa
2393 4505 2505 4551 000

578 4589 713 4635 11011
745 4568 971 4633 fecisse
1006 4567 1303 4643 arbitror,
1341 4568 1466 4631 nisi
1501 4577 1575 4633 ut
1616 4570 1944 4652 principes
1988 4571 2057 4633 111
2099 4592 2218 4637 1100
2249 4572 2506 4636 inflam-

577 4662 780 4721 ment.
845 4652 1086 4719 Omnia
1127 4665 1346 4717 tamen
1384 4661 1519 4717 tam
1559 4654 1810 4718 insulse
1844 4673 1919 4718 ac
1950 4654 2170 4737 inepte
2212 4656 2508 4722 referunt

581 4748 662 4806 ut
702 4738 1145 4804 misericordia
1200 4738 1415 4821 potius
1472 4759 1664 4820 quam
1708 4739 2144 4805 confutatione
2185 4762 2347 4824 opus
2389 4741 2506 4806 ha—

581 4825 796 4891 beant.
863 4821 1037 4905 Quid
1074 4823 1181 4889 hic
1220 4823 1391 4888 dicet
1425 4833 1645 4889 noster
1665 4823 2015 4907 Philippus
2036 4824 2507 4893 Melanchthon?

585 4911 762 4976 Eum
795 4909 1037 4993 passim
1073 4918 1303 4973 testem
1339 4910 1562 4975 citant.
1620 4907 1874 4975 Verum
1906 4910 2044 4993 ipse
2076 4912 2308 4978 melius
2340 4911 2509 4977 iudi·

584 4995 762 5062 cabis
803 5014 1004 5078 quum
1046 4992 1285 5059 librum
1333 4993 1587 5060 videris.

592 5232 776 5288 2801.
795 5233 858 5367 ὲ)
893 5230 1112 5356 aeaco

1115 5240 1791 5370 «πριιῖιεἭἺωωιε.
1858 5301 2101 5375 (neap.
2139 5304 2249 5362 ιχ
2279 5321 2336 5376 p.
2370 5306 2518 5372 m.)

2050 391 2574 460 EPIS'DOLAE
2618 391 3041 457 2300—2302

4407 388 4529 450 788

2768 576 3129 644 Molinaeus
3170 576 3365 642 rediit
3405 576 3534 642 huc
3573 597 3613 641 a
3655 576 3904 660 nuptiis
3932 578 3986 650 ⁸)
4028 597 4179 641 cum
4221 571 4531 658 principi-

2596 666 2752 730 bus:
2796 684 2990 747 quem
3024 662 3406 729 audiveram
3439 663 3657 728 nescio
3690 681 3857 745 quae
3892 660 3972 725 de
4012 660 4217 726 libero
4259 659 4530 725 arbitrio

2597 772 2729 816 non
2785 758 2962 815 recte
3015 751 3279 827 sentire,
3298 752 3354 827 ⁴)
3407 769 3483 814 ac
3539 769 3618 813 ea
3670 747 3843 813 velle
3905 748 3977 811 in
4041 746 4253 812 lucem
4317 745 4530 810 edere.

2597 837 2953 903 Hominem
2999 834 3082 899 ad
3127 856 3230 898 me
3272 835 3527 900 vocavi:
3585 833 3839 899 ostendi
3884 853 4081 916 quam
4136 833 4230 898 sic
4279 829 4532 915 agendo

2600 942 2804 1004 quum
2846 920 3316 987 ecclesiasticae
3360 921 3503 1004 paci
3559 930 3701 985 tum
3761 920 3887 985 sibi
3929 918 4098 983 male
4141 917 4530 984 consuleret.

2600 1008 2807 1073 Visus
2841 1014 2943 1071 est
2978 1006 3353 1089 persuaderi
3397 1027 3594 1089 seque
3638 1004 3964 1088 pollicitus
4004 1014 4106 1070 est
4147 1025 4279 1069 non
4319 1004 4530 1070 factu-

2600 1116 2766 1172 rum,
2831 1094 2964 1157 imo
3021 1094 3291 1175 negavit
3344 1112 3631 1175 unquam
3698 1092 3768 1154 in
3828 1090 4046 1156 animo
4099 1089 4405 1154 habuisse
4458 1097 4534 1153 ut

2599 1199 2765 1261 quae
2808 1180 2889 1243 de
2931 1179 3053 1243 hac
3096 1200 3168 1242 re
3211 1178 3558 1259 scripserat
3598 1175 3991 1260 invulgaret.
4061 1176 4413 1240 Praeterea
4446 1176 4532 1239 D.

2600 1263 2985 1341 Balduz'nuS,
3051 1284 3250 1346 quum
3317 1262 3397 1328 de
3461 1263 3606 1328 aliis
3662 1264 3859 1327 rebus
3911 1283 4043 1326 una
4105 1261 4534 1343 loqueremur,

2600 1350 2772 1415 dixit
2806 1360 2870 1415 te
2910 1350 3010 1414 illi
3044 1350 3463 1433 significasse,
3487 1348 3879 1414 Molinaeum
3907 1349 4212 1430 conqueri
4250 1345 4332 1411 de
4371 1348 4533 1429 ipso,

2600 1436 2770 1518 quod
2825 1436 2967 1501 eius
3023 1435 3242 1500 locum
3301 1435 3475 1516 apud
3531 1454 3651 1498 nos
3709 1434 4131 1517 occuparit.⁵)
4218 1432 4415 1499 Certe
4474 1433 4535 1496 si

2598 1520 2722 1587 hoc
2801 1520 2974 1600 dicit,
3052 1519 3477 1586 vehementer
3535 1519 3906 1584 mirandum
3971 1528 4089 1583 est.
4197 1518 4267 1584 Is
4336 1518 4534 1596 enim,

2598 1629 2797 1690 quum
2840 1607 2950 1673 1110
2992 1606 3239 1681 fuisset,
3285 1627 3433 1670 cum
3477 1606 3758 1670 dominis
3801 1604 4198 1670 scholarehis
4241 1625 4371 1669 non
4417 1624 4534 1686 po·

2596 1694 2723 1757 tuit
2779 1693 3147 1759 convenire.
3234 1691 3371 1757 Ivit
3424 1692 3645 1774 itaque
3685 1692 4055 1774 Tubingam
4101 1701 4166 1755 et
4221 1689 4534 1755 conditio-

2601 1800 2754 1843 nem
2796 1778 2887 1843 ibi
2931 1777 3193 1860 recepit,
3242 1789 3433 1860 atque
3476 1798 3595 1861 per
3639 1798 3882 1841 annum
3920 1776 4383 1860 propemodum
4431 1782 4535 1839 est

2594 1865 2925 1946 professus
2991 1864 3200 1947 leges:
3268 1862 3502 1927 deinde
3559 1860 4123 1946 Mombelgardum
4181 1884 4250 1927 00
4315 1870 4534 1927 trans-

2596 1951 2763 2028 tulit,
2802 1969 3071 2031 eamque
3093 1948 3527 2013 conditionem
3563 1970 3791 2013 rursus
3815 1948 4155 2030 amplexus
4191 1958 4307 2022 est,
4346 1946 4535 2011 dum-

2593 2057 2719 2119 que
2782 2035 2916 2099 illic
2978 2043 3150 2100 esset
3213 2035 3294 2099 D.
3364 2033 3687 2101 Balduino
3749 2034 4046 2098 venienti
4111 2034 4237 2099 huc
4298 2033 4525 2097 literas

2593 2120 3158 2186 commendatitias
3202 2119 3283 2183 ad
3322 2141 3427 2184 1110
3470 2118 3666 2185 dedit.
3735 2119 4027 2184 Vacabat
4056 2118 4323 2202 proinde
4366 2127 4526 2183 tunc

2594 2207 2904 2288 temporis
2959 2206 3087 2270 iste
3140 2205 3346 2282 locus,
3412 2205 3585 2271 unde
3643 2226 3787 2270 meo
3843 2204 4080 2270 iudicio
4137 2226 4265 2271 non
4325 2203 4525 2269 habet

2593 2292 2763 2375 quod
2805 2292 2979 2356 iuste
3022 2301 3349 2375 queratur.

2764 2378 2959 2443 Alius
3024 2388 3377 2460 praeterea,
3443 2388 3520 2441 ut
3584 2374 3778 2440 hodie
3841 2376 4084 2452 audivi,
4151 2376 4364 2441 editus
4423 2380 4527 2440 est

2594 2463 2761 2528 liber
2802 2483 2842 2528 a
2885 2462 3216 2528 Ioachimo
3276 2462 3626 2543 Westphalo
3657 2462 3710 2547 ⁶)
3752 2463 3819 2527 in
3876 2472 3960 2540 te,
4022 2471 4095 2527 ut
4138 2463 4349 2537 aiunt,
4410 2468 4530 2526 aut

2594 2557 2769 2614 certe
2810 2549 2880 2613 in
2927 2550 3479 2614 sacramentarios.
3542 2549 3714 2612 Eum
3757 2570 3887 2613 non
3931 2547 4083 2613 vidi.
4139 2549 4383 2613 Mirum
4426 2554 4531 2612 est

2595 2635 2717 2699 hos
2760 2635 3059 2699 homines
3093 2654 3301 2715 neque
3338 2654 3523 2715 posse
3567 2643 3742 2698 recte
3784 2633 4065 2700 scribere
4111 2656 4315 2716 neque
4357 2633 4527 2700 velle

2593 2727 2829 2785 tacere.
2915 2718 3158 2785 Omnia
3217 2718 3379 2785 haec
3420 2740 3538 2784 sua
3577 2719 4160 2786 Francofurtenses
4205 2726 4529 2785 curarunt

2592 2805 2918 2889 imprimi,
2983 2804 3260 2870 fortasse
3322 2813 3401 2869 ut
3463 2804 3824 2889 gallicanae
3888 2816 4099 2889 atque,
4144 2804 4528 2889 anglicanae

2594 2890 2921 2967 ecclesiae,
2946 2912 3110 2973 quae
3144 2890 3235 2955 ibi
3270 2891 3576 2956 collectae
3611 2902 3783 2968 sunt,
3812 2893 4150 2975 negotium
4186 2891 4525 2957 facessant.

2772 2978 3130 3043 Garnerius
3185 2976 3338 3041 hinc
3395 2975 3689 3040 discessit
3713 2980 3767 3053 ⁷)
3815 2984 3881 3040 et
3922 2976 4003 3039 ad
4052 2978 4528 3059 Land9ravium

2594 3082 2737 3131 sese
2781 3062 3071 3130 contulit.
3157 3061 3453 3129 Ecclesia
3494 3078 3716 3127 nostra
3765 3063 3993 3146 incipit
4036 3065 4373 3147 respirare,
4428 3072 4527 3127 at-

2596 3171 2725 3234 que
2767 3151 2827 3216 si
2862 3150 3184 3214 Dominus
3226 3148 3466 3212 faverit
3498 3147 3843 3231 aliquando
3885 3148 4151 3214 tandem
4194 3149 4322 3214 erit
4364 3170 4529 3213 non-

2595 3235 2762 3301 nihil
2807 3235 3099 3317 quietior.
3188 3232 3525 3299 Sinceram
3584 3233 4123 3316 tranquillitatem
4165 3256 4296 3299 non
4341 3234 4529 3302 facile

2595 3319 2758 3385 mihi
2810 3320 3135 3402 promitto,
3217 3318 3328 3383 Illi
3383 3319 3559 3386 enim
3615 3320 3727 3401 qui
3777 3319 4159 3384 Garum-ium
4202 3327 4531 3386 vexarunt

2597 3403 2811 3470 adhuc
2853 3414 3139 3482 manent,
3198 3412 3481 3487 suntque
3519 3413 3595 3468 ut
3651 3425 3907 3486 semper
3948 3406 4215 3470 fuerunt
4264 3404 4531 3488 ingenio

2597 3489 2991 3556 turbulento.
3019 3494 3073 3571 ⁸)
3159 3491 3398 3556 Petrus
3441 3490 3806 3555 Alexander
3830 3497 3887 3573 ⁹)
3948 3494 4159 3576 pergit
4213 3493 4284 3557 in
4336 3512 4531 3575 opere

2599 3583 2845 3659 coepto,
2881 3596 2956 3641 ac
2990 3577 3148 3640 satis
3183 3575 3534 3641 efficaciter
3566 3584 3633 3640 et
3667 3583 3840 3641 recte
3871 3575 4072 3642 docet.
4140 3576 4530 3656 Balcluinus,

2601 3670 2677 3726 ut
2718 3661 3029 3744 suspicor,
3064 3662 3574 3744 Heidelbergam
3605 3661 3743 3728 ibit.
3772 3665 3857 3745 ¹⁰)
3923 3663 4103 3727 Nihil
4143 3679 4319 3729 certo
4363 3664 4525 3729 seio:

2600 3767 2757 3812 nam
2798 3755 2967 3812 tecte
3008 3747 3162 3831 agit,
3206 3757 3272 3811 et
3313 3768 3479 3829 quae
3521 3748 3588 3810 in
3633 3748 3851 3812 animo
3895 3747 4089 3813 habet
4133 3771 4264 3813 non
4309 3757 4532 3832 aperte

2601 3833 2907 3917 loquitur.
2996 3831 3073 3898 Si
3138 3832 3443 3910 discedat,
3512 3832 3928 3899 Hotomanum
4005 3833 4314 3899 substitui
4391 3835 4530 3900 1000

2601 3920 2742 3986 01110
2784 3919 2999 3984 velim.
3030 3924 3110 3996 ¹¹)
3188 3919 3324 3992 Sed
3360 3918 3737 3997 molinaeus,
3784 3930 3857 3984 ut
3899 3920 4107 3996 video,
4154 3920 4260 3986 hic
4306 3920 4532 3985 haere-

2805 4139 2866 4204 3)
2903 4139 3113 4195 comitis
3155 4139 3383 4208 Georqii
3415 4139 3466 4193 d.
3504 4138 3587 4193 10.
3629 4139 3774 4208 Sept.
3810 4142 4106 4197 celebratio.

2804 4207 2865 4272 4)
2906 4208 2990 4277 Of.
3030 4208 3105 4263 N.
3140 4208 3295 4265 2299.

2806 4276 2868 4342 5)
2900 4277 3030 4332 etia.

2806 4346 2868 4411 6)
2903 4344 3178 4399 Adversus
3211 4345 3487 4400 cuiusdam
3532 4346 3937 4400 sacramentarii
3982 4347 4168 4401 falsam
4204 4346 4530 4401 criminatio·

2606 4432 2727 4468 nem
2762 4415 2907 4468 iusta
2941 4414 3193 4467 defensiO.
3267 4414 3412 4467 Frkf.
3451 4414 3703 4467 Brubach
3740 4413 3890 4469 1555.

2810 4482 2867 4550 7)
2907 4481 3163 4537 Sleidano
3198 4488 3326 4537 teste
3360 4483 3411 4537 d.
3448 4480 3531 4535 17.
3555 4485 3696 4551 Aua.
3769 4484 4065 4552 Aliquanto
4097 4483 4536 4552 poetatur-burm·

2606 4567 2804 4606 munus
2837 4566 3033 4606 novum
3067 4553 3386 4619 auspicatus
3419 4557 3512 4604 est.
3595 4551 3678 4617 Of.
3717 4569 3888 4620 supra
3919 4571 3973 4618 μ.
4013 4551 4116 4605 724
4153 4569 4255 4621 seq.
4291 4559 4398 4607 not.

2809 4618 2872 4688 8)
2904 4619 3119 4676 ,alludit
3159 4622 3234 4675 ad
3278 4623 3511 4689 quinque
3552 4621 3676 4674 illos
3725 4621 3990 4674 Garnerii
4030 4620 4378 4675 adver-ems
4421 4636 4534 4674 sae-

2602 4690 2734 4758 pius
2765 4690 2879 4742 iam
2912 4694 3156 4743 notatos.-
3194 4691 3318 4743 Ant.
3359 4688 3583 4759 Cohelet,
3618 4690 3702 4744 10.
3736 4707 3775 4743 0
3812 4688 3913 4744 Via
3946 4690 4101 4744 horo!
4168 4690 4371 4744 tarium
4410 4689 4535 4744 0011-

2609 4759 2771 4822 san's,
2793 4757 3077 4838 liupr-ecla
3099 4774 3143 4811 ο.
3175 4759 3221 4809 d.
3250 4757 3449 4824 Rosea,
3484 4765 3535 4811 ct
3568 4757 3706 4812 duos
3726 4758 3995 4812 Metemes
4018 4705 4254 4813 Doggold
4278 4756 4538 4827 Sekepffol

2611 4831 2661 4880 et
2699 4824 2956 4895 aequum.

2815 4893 2877 4957 9)
2918 4893 3003 4977 Of.
3033 4892 3186 4947 2265.
3221 4892 3376 4948 2269.
3408 4894 3562 4950 2272.
3594 4893 3746 4948 2279.
4442 4966 4450 4976 .

2659 5034 2669 5045 ·
2785 4961 2872 5030 10)
2910 4962 3025 5017 Imt
3054 4963 3271 5033 quadem
3305 4962 3401 5043 0ᾳά
3433 4965 3642 5018 demum
3676 4980 3728 5019 0.
3764 4962 3915 5030 1556,
3950 4963 4020 5018 ab
4058 4962 4306 5046 Eiectat-e
4342 4962 4535 5017 M

2614 5046 2737 5113 neq
2765 5029 2851 5085 11.
2889 5035 3111 5113 vocatus
3134 5039 3263 5100 post
3294 5048 3412 5085 eme
3445 5039 3662 5115 mortes?
3697 5033 3806 5113 cub·
3838 5030 4032 5087 octone
4064 5031 4310 5087 Hmoco
4344 5046 4536 5087 munus

2615 5100 2771 5156 aaut.
2844 5100 3135 5171 (Hevelmq
3160 5117 3217 5169 p.
3256 5098 3338 5157 12.
3376 5099 3596 5157 Fabi-w.
3630 5118 3691 5156 m
3727 5100 3875 5182 Βιρα
3904 5116 4046 5169 resp.
4073 5115 4140 5180 ρ.
4174 5099 4322 5183 168.)

2787 5166 2851 5222 11
2917 5168 2997 5225 Ec
3028 5170 3128 5225 1100
3160 5170 3364 5251 faciunt
3399 5175 3491 5236 est,
3537 5176 3618 5224 aa
3662 5169 3877 5240 quadem
3911 5176 3973 5224 ut
4007 5186 4098 5224 cut
4138 5186 4378 5237 prumam
4413 5171 4537 5225 bane

2617 5253 2737 5292 cum
2758 5236 2852 5292 Ba
2971 5255 3044 5294 no
3074 5243 3384 5294 moment
3415 5239 3540 5319 (qu
3568 5254 3686 5292 eum
3710 5241 4127 5307 Amantes-atem
4160 5240 4537 5305 menum)

2615 5311 2805 5376 postea
2836 5306 2906 5362 ab
2937 5322 2999 5363 eo
3032 5308 3305 5364 alm
3335 5308 3520 5370 norst.
3589 5306 3788 5372 (Febr.
3821 5308 3857 5362 1.
3892 5308 3927 5363 1.
3957 5324 4019 5377 p.
4054 5305 4204 5372 163.)
