4850 6200
489 384 618 454 2⁸1

485 571 816 642 fratribus
872 577 943 638 et
996 568 1385 658 symmystis
1437 574 1506 634 et
1560 573 1746 636 orate
1801 588 1922 654 pro
1973 568 2163 637 nobis
2216 567 2450 635 Domi-

489 678 680 725 num.
769 656 1005 744 'figuri
1060 653 1600 722 festinantissime
1650 659 1832 721 1554.
1923 654 2330 740 Septembris
2387 659 2448 720 9.

1595 790 1782 858 Tuus
1825 789 2277 876 Bullingerus.

1257 1085 1666 1098 m

1371 1321 1562 1393 2⁰1⁰.

959 1476 1488 1546 SLEIDANUS
1532 1476 1970 1545 OALVINO.

669 1646 943 1715 Gratias
986 1671 1026 1717 a
1082 1649 1096 1664 ⁹
1158 1649 1237 1716 de
1266 1648 1562 1716 relatione
1581 1648 2076 1716 Aurelianensis
2106 1649 2451 1716 eornoediae

478 1732 611 1800 cibo·
669 1735 895 1802 missa.
1222 1756 1408 1802 suum
1455 1735 1820 1802 historicum
1860 1735 2231 1817 propediem
2272 1755 2451 1802 exeta-

479 1819 689 1887 aanor.
789 1820 1006 1891 Varia.
1048 1841 1207 1887 nova
1263 1823 1339 1888 de
1395 1820 1572 1888 bellis
1626 1822 1700 1888 in
1740 1820 1983 1906 Bezyio,
2028 1822 2099 1886 in
2143 1822 2349 1888 Italia
2390 1827 2449 1889 et

481 1903 650 1973 alibi
686 1907 883 1992 gestis
921 1907 1128 1991 refert.

829 2077 946 2145 (Ex
980 2077 1321 2149 autographo
1354 2077 1489 2137 Ood.
1522 2077 1688 2135 Goth.
1722 2075 1844 2147 40⁶,
1879 2078 1972 2134 fol.
2009 2077 2121 2146 11.)

662 2248 1051 2319 Clarissimo
1109 2250 1255 2319 viro
1297 2247 1387 2316 D.
1431 2249 1669 2317 Ioanni
1712 2249 1991 2319 Calvino
2034 2249 2451 2318 ecclesiastae

496 2333 878 2405 Genevensi
931 2334 1317 2404 fidelissimo
1374 2342 1444 2402 et
1498 2337 1709 2405 amico
1748 2337 2110 2422 plurimum
2156 2336 2450 2405 colendo.

1937 2438 2272 2509 Genevae.

661 2574 803 2644 Sal.
875 2575 1113 2643 Habeo
1176 2577 1463 2662 gratiam
1528 2597 1956 2662 permagnam
2032 2575 2207 2662 quod
2278 2575 2448 2644 illud

479 2661 974 2731 Aurelianense
1014 2660 1295 2730 miseris.
1326 2664 1378 2746 1)
1462 2661 1611 2748 Ego
1659 2675 1820 2747 puto
1859 2663 1934 2729 in
1975 2684 2231 2730 annum
2279 2667 2446 2729 1534

478 2747 818 2816 incidisse:
863 2768 1020 2815 nam
1063 2750 1415 2816 antecessit
1453 2749 2030 2832 persequutionem
2064 2749 2246 2815 illam
2289 2750 2449 2815 hor-

479 2832 757 2902 rendam
772 2835 835 2911 2)
935 2853 1061 2899 uae
1103 2832 1339 2900 habuit
1391 2834 1660 2899 initium
1702 2855 1779 2899 eo
1822 2855 1998 2901 anno
2038 2854 2268 2902 mense
2308 2836 2449 2901 No-

480 2918 764 2988 vembri.
975 2920 988 2933 ⁰
1028 2920 1265 2984 teriam
1453 2920 1468 2934 ‘
1554 2920 1568 2934 ⁶
1627 2921 1641 2935 ‘
1661 2920 1718 2998 ⁸)
1811 2939 1954 2985 com
2118 2921 2235 2999 bo,
2333 2918 2449 2986 nbi

478 3005 770 3090 primum
814 3003 925 3071 hic
969 3005 1284 3072 exstabit:
1330 3024 1461 3070 non
1507 3026 1622 3070 um
1663 3004 1840 3070 enim
1885 3004 1953 3070 vi
2003 3006 2042 3071 ‘.
2126 3005 2275 3071 Iam
2315 3004 2450 3073 Oc-

479 3090 656 3159 tobri
713 3110 943 3156 mense
1017 3089 1424 3158 Wendelinue
1475 3089 1816 3159 inchoabit
1867 3111 2090 3157 meum
2153 3111 2319 3177 opus
2371 3100 2452 3158 ut

481 3176 567 3242 sd
589 3175 838 3261 pascha
858 3174 1146 3260 prodeat.
1166 3181 1224 3255 ⁴)
1288 3176 1396 3243 De
1429 3184 1607 3242 statu
1636 3184 1902 3243 vestrae
1922 3175 2033 3243 hic
2064 3177 2372 3245 ccclesiae
2393 3182 2422 3220 ⁸

528 3269 647 3329 nto
702 3269 770 3328 te
813 3262 1008 3330 scire:
1069 3261 1361 3329 seniores
1420 3261 1669 3345 aliquot
1725 3269 1917 3329 erant
1970 3260 2273 3347 eligendi,

478 3346 1021 3521 ίῗέἒῗοωᾬ,
1042 3346 1915 3502 ffismffiuiniffissnfuiff
1935 3349 2453 3519 pzttffllfftzz

479 3520 861 3590 habendam
903 3520 1103 3588 fidem
1145 3519 1261 3587 sed
1304 3518 1628 3603 reliquam
1671 3519 2011 3586 ecclesiam
2053 3521 2296 3590 audien
2341 3543 2450 3590 am

1137 3606 1474 3686 rmanebo,
1508 3613 1579 3672 et
1610 3605 1673 3673 si
1704 3626 1812 3673 res
1845 3605 2039 3674 aliter
2057 3607 2452 3677 instituatur

1107 3703 1312 3758 turus.

482 3628 662 3675 esse:
696 3607 771 3674 in
808 3628 1014 3691 eoque

481 3715 620 3761 non
661 3714 814 3760 sum
857 3693 997 3759 inte

656 3778 757 3847 De
799 3779 1044 3862 proelio
1088 3776 1376 3845 Senensi
1396 3778 1454 3857 ⁷)
1496 3796 1618 3843 vos
1658 3777 1894 3845 melius
1936 3799 2130 3863 quam
2172 3802 2320 3849 nos:
2376 3782 2452 3846 in

483 3863 722 3950 Belgio
780 3866 983 3931 etiam
1038 3873 1143 3930 est
1196 3869 1566 3949 pugnatum
1588 3862 1642 3947 ¹⁵)
1706 3884 1839 3930 non
1893 3873 2118 3933 tamen
2174 3866 2453 3934 summis

484 3950 725 4034 copiis:
787 3950 974 4018 Galli
1026 3952 1297 4017 fuerunt
1343 3948 1438 4016 ibi
1493 3949 1888 4032 superiores:
1955 3954 2218 4019 tametsi
2272 3971 2454 4019 nunc

535 4108 836 4118 -.--——--
891 4111 900 4114 -

496 4206 687 4263 2010.
704 4206 766 4272 1)
809 4206 894 4273 Cf.
933 4208 1009 4262 N.
1051 4202 1199 4261 1940.

699 4275 760 4334 2}
800 4279 846 4329 A
898 4279 1019 4331 aire
1052 4276 1148 4330 dee
1185 4273 1472 4330 Haeards.
1548 4273 1722 4340 (Hiet.
1757 4277 1876 4332 ecel.
1913 4277 1956 4333 1.
1991 4276 2058 4332 15
2092 4281 2199 4349 eq.)

701 4343 764 4412 3)
887 4362 957 4414 qo
1002 4361 1196 4398 nomen
1244 4345 1473 4398 editoris
1518 4343 1782 4399 historiae
1829 4353 2134 4417 martyrum
2187 4346 2460 4403 Calvinus

503 4415 762 4469 Sleidano
799 4415 1112 4468 tradiderat
1143 4416 1204 4467 in
1240 4429 1323 4480 ep.
1356 4414 1514 4467 nobis
1546 4413 1840 4482 deperdita.

703 4481 766 4549 4)
803 4483 958 4538 Haec
991 4485 1192 4537 notitia
1228 4499 1340 4536 non
1371 4483 1538 4550 parvi
1569 4489 1647 4538 est
1669 4488 1922 4539 mamati
1937 4500 2103 4554 quun·
2137 4501 2286 4542 anno
2321 4484 2459 4540 1555

534 4571 604 4606 uo
636 4569 774 4621 opus
805 4553 1019 4620 prodiit
1053 4558 1291 4620 quatuor
1337 4552 1599 4605 editiones
1645 4555 1762 4607 eius
1804 4554 1988 4620 saetae
2035 4556 2148 4610 sint
2219 4556 2362 4609 duae
2395 4558 2457 4610 in

525 4638 676 4676 orma
722 4624 994 4682 maxima,
1051 4623 1195 4673 duae
1241 4622 1299 4673 in
1348 4621 1566 4675 octonis.
1639 4621 1773 4684 (Am
1823 4622 1985 4676 Ende
2027 4624 2089 4677 in
2135 4597 2460 4680 &hemmae

513 4691 748 4756 lcrqoeel·
789 4690 858 4742 11.
895 4689 1013 4742 414.
1057 4689 1201 4752 653.)

706 4759 768 4822 5)
803 4760 1124 4827 yallicanae.

711 4829 770 4890 6)
807 4828 934 4881 Iam
983 4845 1052 4878 m.
1107 4829 1408 4893 Septembre
1447 4842 1593 4881 nova
1640 4827 1821 4883 electio
1859 4831 2294 4899 presbyterorum
2333 4832 2463 4894 fieri

505 4901 788 4960 demumr,
825 4901 1076 4964 pluribus
1111 4899 1416 4949 senioribus
1449 4899 1676 4950 mortuis
1709 4905 1808 4952 aut
1841 4899 2169 4954 absentibus.
2244 4901 2455 4954 θωπε-

507 4985 626 5020 πω
663 4969 932 5032 intem-am
968 4967 1176 5024 colleoia
1210 4968 1611 5020 renovationem
1651 4967 1968 5032 faciendam
2012 4971 2245 5032 necavit.
2314 4970 2458 5022 Inde

507 5037 590 5086 „n-
613 5033 763 5086 ..αιἀ.
833 5035 1148 5092 amarbach.
1187 5035 1353 5087 Βίαν.
1390 5035 1466 5088 aa
1501 5032 1582 5088 ⁶28.
1623 5035 1764 5102 Sept.
1807 5035 1984 5096 1553.)
2056 5024 2140 5102 Cf.
2175 5052 2347 5105 supra
2380 5038 2460 5093 aa

515 5105 584 5154 N.
635 5101 778 5168 1998,
811 5111 920 5157 not.
958 5105 990 5156 3
1025 5113 1074 5158 et
1115 5105 1387 5158 Baebi-ich
1421 5104 1514 5158 111.
1556 5103 1655 5156 103
1690 5119 1794 5172 seq.

703 5171 775 5236 ,7)
815 5175 884 5226 al.
926 5173 1307 5228 Mar-tianensi
1353 5173 1678 5236 (Gallieidio
1717 5213 1729 5234 ‚
1774 5175 1871 5227 ubi
1916 5173 2116 5228 Petrus
2161 5172 2375 5230 Sti-oui
2416 5192 2458 5233 a

513 5241 843 5372 Macehgose
879 5241 1496 5366 Δζανῗῗῗαῖξράευίσωε
1528 5241 1639 5306 fuit
1759 5241 1900 5310 Aua.
1952 5241 2183 5304 (ssuaa
2215 5243 2457 5310 uma.)

2029 375 2559 449 EPIS'l'oLAE
2604 377 3030 443 2009—2018

4376 376 4506 441 2⁸2

2556 585 2785 633 rumor
2861 571 2966 633 est
3041 563 3393 632 Gaesarem
3470 564 3722 633 instare
3799 562 3974 631 hosti
4047 560 4508 631 retrocedenti.

2557 652 2766 720 Gesta
2806 673 2914 718 res
2955 651 3086 717 fuit
3117 652 3245 717 iter
3275 651 3736 716 Terouennam
3779 662 3847 718 et
3880 648 4275 717 Hesdinum.
4339 648 4510 716 Vin·-

2554 740 2771 804 toniae
2810 738 3079 821 nuptias
3121 738 3374 822 peregit
3414 738 3593 803 filius
3616 736 3921 804 Caesaris
3955 759 4093 803 xxv
4126 735 4232 802 die
4253 734 4429 802 Iulii.
4449 738 4509 813 ⁹)

2552 824 2856 891 Marchio
2898 822 3199 890 Alba-tue
3221 825 3303 902 ¹⁰)
3365 823 3607 889 amissa
3657 823 3838 888 omni
3892 820 4140 888 ditione
4203 829 4510 889 versatur

2552 930 2732 977 nunc
2771 909 2841 976 in
2885 909 3341 993 Lotharingia,
3399 929 3615 992 neque
3671 917 3931 976 constat
3971 906 4188 975 adhuc
4228 928 4511 991 quarum

2552 996 2644 1063 sit
2707 995 3023 1079 partium:
3093 995 3502 1078 proscriptus
3559 1006 3661 1061 est
3711 1014 3753 1059 a
3808 994 4106 1061 Caesare.
4204 994 4357 1060 Non
4409 992 4509 1060 sio

2554 1083 2832 1149 abibunt
2894 1080 3078 1148 odia:
3146 1080 3406 1147 Galliae
3469 1101 3693 1166 regem
3754 1080 3949 1147 multi
4023 1081 4352 1146 mirantur
4406 1080 4510 1146 ὼ

2552 1170 2905 1235 connivere
2948 1166 3032 1233 ad
3076 1169 3364 1233 actiones
3404 1168 3751 1251 pontificia,
3795 1170 3908 1251 qui
3942 1186 4093 1232 cum
4116 1166 4508 1232 Florentino

2553 1254 2798 1320 dicitur
2839 1254 3082 1319 bellum
3126 1252 3307 1319 istud
3351 1274 3598 1338 gerere.
3677 1253 3893 1319 Filius
3926 1252 4227 1319 anoeris
4269 1251 4511 1318 dicitur

2552 1360 2742 1425 opem
2788 1340 2869 1406 ab
2913 1339 3151 1424 Anglis
3192 1340 3524 1423 flagitasse
3566 1347 3795 1406 contra
3838 1339 4128 1418 Gallum,
4177 1336 4293 1405 sed
4334 1336 4509 1403 nihil

2550 1428 2972 1512 impetrasse:
3008 1425 3243 1492 Mense
3264 1425 3623 1492 Novembri
3644 1425 3861 1492 solent
3893 1445 4089 1509 agere
4108 1436 4506 1491 conventus:

2552 1513 2624 1579 in
2666 1513 2750 1579 iis
2792 1512 3070 1579 cudetur
3110 1511 3377 1595 aliquid.
3466 1511 3729 1577 Bellum
3772 1519 3875 1578 est
3915 1510 4286 1576 immortale
4328 1511 4507 1575 inter

2555 1599 2679 1665 has
2734 1597 2898 1664 duas
2956 1598 3239 1663 familias
3297 1597 3688 1665 Francicam
3751 1607 3819 1663 et
3873 1596 4370 1681 Burgundicam
4434 1605 4508 1663 et

2551 1684 3026 1768 perturbantur
3060 1685 3283 1750 omnia
3335 1684 3732 1768 reipublicae
3773 1683 4060 1751 consilia.
4147 1681 4339 1748 Deus
4377 1683 4506 1747 mi-

2553 1778 2850 1838 sereatur
2885 1770 3115 1837 nostri.
3203 1772 3338 1837 Per
3387 1769 3691 1837 librarios
3735 1778 3990 1837 vestros
4032 1770 4269 1835 iterum
4312 1768 4397 1834 ad
4437 1777 4507 1835 ts

2551 1856 2851 1931 scribam,
2897 1855 2955 1922 si
2998 1856 3154 1940 quid
3199 1854 3462 1923 incidet.
3529 1854 3718 1935 Vale,
3759 1857 3869 1922 vir
3908 1856 4266 1923 clarissime
4307 1854 4507 1920 mihi-

2552 1964 2680 2026 que
2723 1942 3081 2028 plurimum
3124 1942 3412 2009 colende.
3497 1943 3748 2009 Datum
3782 1940 4212 2026 Argentorati
4244 1962 4309 2006 x.
4344 1939 4511 2023 Sep-

2553 2030 2825 2097 tembris
2865 2028 2961 2094 M.
3007 2029 3090 2094 D.
3137 2027 3359 2094 LIIII.

3646 2148 3772 2215 'rui
3817 2148 4334 2215 studiosissimus

3762 2252 3949 2319 Ioan.
3992 2250 4196 2318 Sleid.

3429 2816 3623 2890 2⁰11.

2939 2970 3413 3042 OALVINUS
3458 2972 4085 3042 BULLINGERO.

2730 3143 2974 3212 Paucis
3013 3150 3256 3211 tamum
3307 3146 3379 3213 ob
3418 3146 3657 3212 malam
3705 3145 4125 3214 valetudinem
4163 3147 4511 3230 maa,

2554 3227 2999 3315 Dea-sensionem
3055 3228 3405 3300 consensus
3459 3233 3594 3298 iam
3662 3233 4014 3300 absolutam
4063 3252 4222 3312 esse,
4292 3232 4513 3301 velita-

2553 3317 2778 3383 tionem
2840 3317 3062 3399 potius
3134 3337 3329 3400 quam
3418 3319 3636 3403 φωρ-»ις’
3710 3318 3950 3387 laboris
4024 3323 4509 3386 montaum

2556 3400 2763 3469 Porro
2806 3402 2884 3469 de
2924 3401 3351 3469 Bernencium
3404 3404 3896 3471 concionatorum
3945 3405 4255 3473 invidiose
4304 3405 4515 3472 debla-

2552 3487 2892 3555 terantium
2932 3486 3148 3555 hostili
3189 3491 3406 3558 animo
3448 3492 3751 3573 queritur.

2554 3660 2705 3785 a.
2716 3662 3069 3799 mes
3091 3661 3672 3801 emesam
3706 3663 3806 3718 ”-
3842 3663 3969 3786 a.
4015 3662 4514 3800 {atenim

2553 3800 2605 3867 1,
2651 3799 2710 3855 in
2744 3800 2972 3856 Archiv.
3006 3803 3172 3858 Bern.
3205 3801 3254 3855 E
3333 3842 3347 3857 .
3384 3801 3473 3884 YI.
3508 3747 3707 3882 1).Ἳὲ
3749 3749 3809 3856 ,οἳ
3839 3799 3945 3856 339
4006 3809 4065 3856 et
4096 3819 4187 3872 ap.
4220 3803 4516 3858 simler-m

2933 3869 3059 3925 v01.
3093 3869 3179 3925 82.
3307 3887 3452 3927 emo
3485 3870 3697 3940 snghc·
3730 3871 3765 3922 1.
3805 3871 3839 3923 1.
3877 3843 3972 3925 uf.
4011 3869 4125 3939 74.)

2556 4039 2824 4107 Eximio
2881 4039 3130 4108 Christi
3188 4042 3493 4109 ministro
3549 4042 3634 4110 D.
3723 4041 4065 4109 Henricho
4119 4042 4517 4129 Bullingero

2559 4126 2919 4214 Tigurinae
2954 4127 3265 4196 ecclesiae
3308 4127 3437 4193 fido
3479 4128 3726 4213 pastori
3768 4129 3957 4195 fratri
4000 4137 4067 4195 et
4108 4137 4519 4216 symmystae

3009 4214 3464 4281 colendissimo
3509 4222 3575 4281 et
3616 4216 4055 4300 integerrimo.

2733 4350 2805 4419 S.
2874 4351 3098 4433 Quum
3144 4353 3307 4417 mihi
3342 4351 3584 4419 nudius
3620 4354 3855 4418 tertius
3890 4372 3930 4418 a
3954 4351 4245 4419 Morellio
4287 4365 4517 4419 nostro

2562 4438 2792 4504 literae
2834 4448 2990 4504 tuae
3046 4438 3342 4504 redditae
3398 4448 3643 4518 essent,
3702 4439 4113 4505 commodum
4160 4461 4230 4504 se
4273 4437 4519 4505 obtulit

2560 4525 2669 4590 hic
2732 4527 3040 4602 nuncius,
3106 4547 3227 4608 per
3288 4546 3477 4608 quem
3546 4539 3610 4590 te
3666 4528 4007 4590 certiorem
4060 4525 4345 4591 facerem
4399 4541 4520 4592 ets

2560 4612 2725 4675 mihi
2768 4611 2969 4676 fuisse
3014 4612 3438 4695 gratissimas.
3529 4611 3665 4678 Sed
3708 4613 3958 4678 obstitit
4014 4613 4287 4677 adversa
4332 4611 4516 4675 vale-

2560 4695 2737 4776 tudo,
2784 4719 2947 4780 quae
2983 4720 3090 4763 me
3124 4699 3195 4762 in
3230 4699 3396 4764 lecto
3431 4698 3554 4764 hoc
3590 4719 3782 4762 mane
3818 4696 4117 4778 detinuit,
4162 4699 4517 4781 quominus

2558 4782 2681 4847 tibi
2742 4784 3167 4850 rescriberem
3248 4795 3320 4849 ut
3396 4795 3770 4849 statueram.
3884 4786 4027 4848 Etsi
4096 4795 4310 4848 autem
4380 4784 4517 4847 iam

2559 4871 2801 4933 nuncio
2860 4893 3355 4946 excusaveram,
3428 4890 3635 4953 pauca
3704 4882 3923 4936 tamen
3996 4871 4189 4936 verbo
4258 4869 4523 4933 eti'utire

2558 4957 2784 5034 malui,
2821 4978 3017 5038 quam
3051 4958 3235 5022 illum
3272 4977 3539 5038 prorsus
3572 4956 3837 5021 inanem
3875 4956 4214 5022 dimittere.
4310 4954 4523 5020 Brevi

2562 5132 2947 5142 --.—-——.--—-.--

2767 5246 2828 5308 9)
3097 5247 3219 5302 ecel.
3255 5260 3401 5301 mm.
3444 5248 3533 5300 Ill.
3576 5251 3601 5299 l
3639 5264 3685 5316 ρ.
3730 5248 3845 5301 205.

2740 5315 2827 5381 10)
2868 5315 2909 5369 S
2969 5320 2979 5330 ⁹
3019 5332 3117 5383 ,μ
3153 5312 3271 5370 474.
