4850 6200
511 408 636 472 207

508 592 629 661 Du
669 592 799 660 bon
840 592 977 659 zele
1017 597 1084 658 et
1136 589 1441 658 devotion
1493 588 1634 675 quil
1684 608 1726 655 a
1776 586 1859 656 (18
1900 609 2067 656 vous
2107 586 2273 657 faire
2314 609 2452 656 881-

508 680 676 756 vice,
723 700 882 745 vous
924 698 1008 744 en
1048 697 1293 762 pouvez
1334 676 1361 742 i
1489 698 1553 752 r,
1611 695 1721 742 ma
1761 674 1996 755 Dame,
2041 695 2163 759 par
2204 694 2280 742 oe
2323 695 2452 759 qne

511 764 596 831 de
637 785 714 830 88
754 764 1072 849 premiere
1116 774 1338 829 entree
1395 761 1418 826 i
1502 783 1544 828 a
1584 761 1806 827 mienx
1850 781 2042 846 ayme
2085 767 2259 827 estre
2300 780 2452 844 par-

506 851 787 935 ticipant
825 848 906 915 de
949 856 1166 917 vostre
1206 847 1406 928 croix,
1450 854 1518 913 et
1556 847 1819 913 souffrir
1858 867 2016 914 avec
2047 867 2216 914 vous
2260 867 2345 912 en
2387 845 2456 913 18

511 937 860 1015 1188888118,
917 956 1044 1020 que
1102 932 1447 1001 dattendre
1502 932 1637 1016 quil
1693 956 1738 1017 y
1807 940 1997 1016 peust
2055 933 2244 999 venir
2297 952 2454 999 sans

510 1020 863 1101 fascherie,
919 1039 1212 1107 parquoy
1269 1018 1321 1085 il
1372 1039 1462 1084 na
1515 1019 1580 1084 ia
1632 1018 1901 1084 mestier
1945 1017 2160 1085 destre
2203 1039 2454 1086 recom-

510 1107 751 1174 mande
848 1108 952 1174 lus
1009 1116 1225 1173 avant.
1326 1102 1709 1172 seulement
1765 1103 1828 1170 ie
1886 1125 2047 1170 vous
2100 1104 2268 1189 prie,
2341 1125 2455 1171 ma

509 1193 744 1271 Dame,
823 1214 860 1259 e
914 1192 1208 1259 recevoir
1248 1211 1380 1256 non
1424 1212 1543 1275 pas
1575 1211 1825 1259 comme
1868 1211 2033 1257 vous
2075 1198 2294 1257 estant
2335 1211 2453 1257 en-

511 1279 657 1344 1818
699 1277 779 1346 (18
984 1298 1168 1364 moy,
1223 1277 1390 1343 mais
1450 1276 1598 1360 plus
1657 1283 1787 1342 tost
1829 1274 2092 1343 adresse
2136 1276 2217 1342 de
2257 1275 2450 1342 Dieu.

510 1361 781 1431 Comme
869 1385 905 1430 8
947 1363 1105 1430 faict
1143 1364 1204 1428 ie
1245 1384 1330 1428 ne
1368 1361 1608 1429 doubts
1650 1382 1767 1446 pas
1808 1382 1937 1446 que
1973 1383 2134 1429 vous
2174 1383 2261 1429 ne
2302 1383 2454 1429 sen-

508 1449 638 1515 tiez
696 1471 815 1534 par
871 1450 1260 1533 experience
1305 1470 1432 1532 que
1485 1469 1558 1515 ce
1613 1446 1739 1513 bon
1796 1468 1950 1530 pere
2003 1470 2090 1514 ne
2149 1469 2311 1515 vous
2367 1468 2453 1513 en

508 1535 644 1603 aiot
705 1535 905 1602 voulu
1013 1534 1286 1602 roveoir.
1392 1532 1777 1617 Dependent
1838 1532 1890 1599 il
1952 1554 2121 1600 vous
2186 1542 2455 1617 portera

508 1622 688 1687 811881
729 1558 1066 1687 nouvelfes
1122 1620 1256 1703 quil
1314 1644 1357 1706 y
1403 1642 1443 1685 a
1483 1641 1616 1685 une
1656 1619 1871 1686 bonne
1915 1618 2313 1705 dameyselle
2354 1619 2451 1684 la-

554 1707 724 1773 88118
765 1707 882 1792 luy
917 1728 959 1772 a
990 1706 1234 1791 promis
1270 1703 1350 1772 de
1383 1706 1570 1772 venir
1604 1725 1646 1769 a
1679 1714 1900 1771 vostre
1933 1706 2203 1784 service,
2248 1716 2452 1789 quant

506 1727 560 1857 3
623 1814 784 1859 vous
835 1792 1047 1876 plaira
1098 1790 1165 1858 la
1215 1789 1503 1857 mandor.
1525 1795 1582 1869 ⁴)
1667 1790 1741 1856 Ie
1795 1811 1949 1877 scay
2007 1812 2180 1874 quen
2223 1814 2312 1856 88
2357 1790 2451 1857 181

511 1877 668 1958 lieu,
705 1899 839 1944 non
868 1878 1228 1945 seulement
1261 1878 1309 1943 il
1344 1900 1390 1963 y
1427 1877 1638 1943 auroit
1672 1877 1864 1943 envie
1900 1898 2014 1944 sur
2047 1899 2177 1943 une
2212 1877 2450 1943 femme

511 1962 593 2029 de
625 1965 828 2049 petite
863 1963 1211 2045 condition,
1245 1984 1329 2030 ou
1365 1964 1788 2047 incongneue,
1829 1962 1992 2028 mais
2028 1962 2204 2029 aussi
2238 1962 2451 2046 quelle

508 2049 713 2116 eeroit
768 2060 1067 2133 suspecte
1110 2049 1258 2134 plus
1318 2056 1476 2126 1881,
1534 2062 1600 2115 81
1655 2068 1831 2133 (1888
1886 2048 1952 2115 18
2008 2049 2304 2132 pourroit
2345 2070 2449 2114 re-

508 2134 747 2220 garder
805 2134 885 2202 de
942 2145 1216 2203 travers.
1303 2136 1493 2201 Ainsi
1549 2136 1612 2201 ie
1668 2145 1923 2218 compte
1978 2156 2143 2219 pour
2199 2156 2290 2200 un
2332 2132 2448 2200 ad-

507 2229 794 2305 vantage
837 2244 962 2305 que
1019 2221 1086 2287 la
1141 2220 1514 2287 demoiselle
1572 2220 1734 2286 dont
1775 2220 1823 2285 il
1866 2224 1967 2285 est
2007 2220 2306 2304 question
2349 2226 2451 2286 est

508 2304 592 2371 (18
659 2306 902 2391 qualite
968 2306 1341 2374 honorable.
1444 2306 1536 2372 Et
1599 2328 1671 2373 ce
1736 2306 1949 2389 quelle
2012 2306 2292 2373 cherche
2350 2312 2452 2373 est

507 2388 735 2458 devoir
777 2393 1089 2479 privilege
1149 2392 1229 2459 de
1272 2393 1547 2477 pouvoir
1603 2393 1812 2459 servir
1855 2413 1896 2459 a
1935 2392 2111 2458 Dieu
2156 2414 2241 2458 en
2286 2413 2449 2459 vous

505 2486 791 2544 servant,
881 2477 1194 2546 Combien
1236 2499 1363 2563 que
1402 2478 1464 2545 ie
1507 2500 1591 2545 ne
1632 2477 1780 2563 laye
1821 2478 2054 2544 1881818
2096 2499 2280 2558 vene,
2336 2479 2448 2563 iay

505 2568 653 2628 tant
693 2583 826 2648 ouy
880 2565 1089 2647 priser
1131 2586 1235 2630 ses
1278 2572 1537 2642 verme,
1593 2584 1785 2648 passe
1839 2585 1879 2629 a
1921 2564 2078 2649 long
2132 2572 2364 2649 temps,
2408 2584 2451 2628 a

503 2647 837 2733 beaucoup
882 2650 964 2716 de
1005 2671 1168 2733 gens
1225 2648 1305 2716 de
1359 2649 1527 2727 bien,
1583 2671 1708 2733 que
1763 2650 2016 2733 iespere
2059 2672 2183 2733 que
2225 2659 2449 2717 vostre

502 2737 761 2802 maison
818 2758 964 2802 8818
1019 2736 1274 2802 11881818
1327 2734 1760 2820 grandement
1813 2733 1894 2800 de
1946 2735 2174 2801 lavoir.
2275 2734 2449 2802 Mais

504 2820 613 2887 ien
673 2821 867 2888 181888
924 2844 964 2888 8
1018 2821 1158 2888 (1118
1223 2844 1309 2888 au
1363 2830 1630 2906 present
1681 2829 1948 2905 porteur
2006 2843 2168 2888 avec
2231 2819 2447 2905 lequel

503 2928 670 2974 vous
722 2928 806 2973 en
863 2928 1133 2991 pourrez
1190 2906 1448 2973 deviser
1501 2906 1652 2991 plus
1708 2907 2134 2992 amplement,
2195 2927 2448 2973 comme

505 2993 682 3059 aussi
724 2992 786 3058 ie
828 3013 934 3058 me
980 3000 1260 3060 remectz
1304 3013 1344 3057 8
1384 2991 1501 3077 luy
1546 2992 1627 3058 de
1673 3000 1816 3058 tout
1857 2991 1921 3058 18
1962 3001 2151 3059 18818.

674 3078 1000 3163 Parquoy,
1058 3098 1170 3144 ma
1206 3078 1449 3156 Dame,
1507 3078 1751 3144 faisant
1808 3078 1897 3143 fin
1957 3100 2146 3162 apres
2204 3085 2449 3145 mestre

502 3162 956 3229 humblement
999 3162 1454 3232 recommendo
1496 3184 1536 3228 8
1577 3172 1798 3230 vostre
1851 3164 2069 3230 bonne
2111 3186 2332 3251 grace,
2385 3164 2448 3230 ie

502 3248 762 3332 supplic
797 3259 1018 3315 nostre
1063 3250 1191 3316 bon
1215 3247 1390 3316 Dieu
1433 3248 1513 3314 de
1557 3269 1720 3316 vous
1757 3250 1930 3315 tenir
1973 3271 2056 3316 en
2093 3272 2167 3318 88
2200 3252 2448 3317 saincte

503 3335 890 3417 protection,
937 3357 1098 3403 vous
1140 3356 1510 3422 gouverner
1543 3355 1665 3419 par
1705 3356 1824 3401 son
1869 3335 2115 3418 Esprit‚
2174 3343 2243 3402 et
2283 3357 2450 3403 vous

502 3429 891 3505 augmentet
932 3442 1016 3488 en
1061 3431 1205 3488 tout
1244 3421 1428 3502 bien,
1487 3442 1528 3487 8
1578 3441 1652 3487 88
1695 3419 1833 3505 (1811
1876 3422 2006 3487 8811
2048 3422 2128 3488 (18
2171 3421 2322 3507 plus
2364 3443 2447 3489 en

501 3503 655 3590 plns
697 3505 951 3591 glorifie
993 3528 1076 3574 en
1120 3529 1296 3575 vous.
1387 3504 1482 3573 Oe
1527 3509 1564 3570 6
1610 3505 1866 3574 dAoust
1917 3512 2097 3573 1554.

815 3644 1052 3711 Vostre
1092 3643 1500 3711 treshumble
1540 3644 1882 3724 servitenr,

1561 3746 1838 3814 Oharles
1882 3747 2272 3833 d’espeville.

1287 4042 1700 4052 -z———ss

1375 4276 1563 4347 1905.

898 4427 1369 4499 OALVTNUS
1415 4430 2049 4499 BULLINGEBO.

677 4601 1920 4685 lamaboomonimresponeionem
1980 4604 2445 4672 covttraWest-

492 4689 766 4792 1111818111
819 4686 1205 4788 scribendam
1340 4689 1618 4787 qpcdiem
1685 4709 2097 4790 oppressique
2151 4695 2268 4771 est,
2328 4692 2445 4759 etsi

503 4945 614 5015 (nx
656 4945 991 5028 autographo
1030 4943 1401 5028 mastonem
1436 4943 1590 5014 10⁷⁸,
1637 4946 1728 5000 fol.
1764 4944 1848 5001 ⁷8.
1919 4947 2118 5002 Exstat
2114 4952 2445 5071 1gii-setores

720 5031 936 5070 1181811111
968 5013 1249 5070 Tun-etun
1283 5015 1635 5088 apographon
1667 5014 1798 5071 cod.
1838 5014 1955 5084 ΠΒ,
1987 5016 2082 5072 fol.
2182 5017 2225 5082 .)

704 5250 1889 5329 4)00a·pouna=·teteaenoisumppore
1931 5255 2447 5326 «valeniacum

1992 397 2519 467 EPIS'DOLAE
2568 403 2987 467 1994-1997

4368 404 4495 469 208

2552 586 2992 657 ornatissimo
3033 590 3178 656 viro
3219 595 3289 658 et
3319 588 3497 658 fideli
3520 589 3878 676 ‘fig-urinae
3909 590 4217 659 ecelesiae
4248 593 4499 677 pastori

2553 673 2639 740 D.
2682 674 3020 742 Henricho
3064 675 3679 830 Bullingerodmggtgn
3724 682 3789 743 et
3832 684 4237 764 symmystae
4279 676 4497 744 colen-

2726 896 2798 965 S.
2865 896 3083 980 Quam
3129 919 3281 965 8881
3324 921 3407 965 ex
3452 899 3583 966 tuis
3625 898 3709 965 ad
3752 920 3854 965 me
3896 900 4120 980 literis,
4144 903 4196 984 ¹)
4253 922 4293 967 o
4340 902 4503 967 time

2556 992 2626 1052 et
2670 984 3040 1050 venerande
3123 994 3322 1064 rater,
3381 983 3722 1051 consilium
3778 996 3966 1069 tuum
4021 985 4101 1053 (18
4144 986 4302 1052 18181
4329 985 4501 1054 enda

2555 1070 2780 1136 eorum
2822 1069 3240 1154 intemperie,
3296 1071 3411 1155 qni
3467 1070 3708 1137 bellum
3766 1074 4345 1138 sacramentarium
4389 1094 4495 1139 re·

2554 1166 2833 1235 novant,
2900 1156 3114 1241 aliqua
3179 1179 3263 1223 ex
3323 1164 3513 1241 parte
3576 1155 4061 1236 intellexeram,
4124 1179 4210 1225 ex
4273 1158 4503 1225 alteris

2555 1250 2779 1309 tamen
2822 1263 2983 1325 quas
3024 1240 3108 1307 ad
3142 1240 3386 1309 Beuum
3427 1253 3728 1310 nostrum
3763 1244 4099 1327 scripsisti,
4116 1246 4175 1322 ²)
4215 1242 4374 1329 quid
4417 1243 4499 1310 de

2555 1334 2693 1394 tota
2734 1349 2806 1393 re
2848 1328 3126 1394 sentires
3170 1336 3239 1393 et
3281 1348 3479 1411 quam
3522 1328 3832 1412 probares
3876 1330 4112 1413 agendi
4156 1330 4497 1407 rationem,

2556 1414 2798 1480 certius
2840 1412 3146 1498 colligere
3185 1413 3388 1481 licuit.
3475 1415 3623 1499 Ego
3664 1434 3838 1494 vero,
3899 1416 4056 1497 quia
4104 1416 4318 1501 magis
4358 1415 4500 1481 ido-

2556 1521 2755 1567 neum
2779 1503 2832 1579 8)
2866 1500 3232 1568 communis
3264 1520 3497 1566 causae
3530 1510 3879 1583 patronum
3914 1499 4115 1585 deligi
4149 1511 4497 1586 optassem,

2554 1606 2914 1669 suspensus
2949 1584 3313 1668 dubiusque
3364 1586 3567 1651 animi
3613 1586 3926 1653 hactenus
3960 1586 4183 1653 distuli
4226 1607 4500 1670 respon-

2556 1672 2821 1737 sionem.
2890 1670 3244 1737 Caeterum
3278 1692 3480 1755 qunm
3517 1671 3794 1748 videam,
3837 1674 3905 1738 in
3948 1671 4074 1737 hoc
4105 1694 4299 1756 quem
4333 1672 4499 1738 mihi
4586 1747 4597 1753 ,

2553 1758 2742 1822 18188
2794 1758 2845 1821 ‘s
2859 1757 3079 1823 labore
3101 1778 3234 1822 non
3249 1756 3577 1841 singulare
3591 1757 3838 1843 ingenii
3853 1778 4148 1837 acumen,
4166 1779 4298 1825 non
4318 1774 4502 1843 mag-

2555 1863 2708 1909 uam
2787 1843 3127 1923 octrinam,
3168 1864 3302 1908 non
3338 1852 3716 1910 accuratum
3751 1842 4041 1910 studium
4079 1844 4342 1928 requiri,
4382 1843 4505 1911 sed

2554 1929 2683 1995 fide
2705 1938 2965 1994 tantum
2987 1951 3064 1995 88
3086 1929 3396 1995 mediocri
3434 1926 3823 1994 dexteritate
3847 1950 3989 1996 esse
4011 1951 4190 2014 opus,
4229 1930 4501 1996 tandem

2555 2014 2799 2097 aliquid
2833 2026 3087 2081 tentare
3106 2017 3163 2093 ⁴)
3208 2016 3278 2079 in
3313 2015 3608 2080 animum
3645 2014 3893 2081 induxi.
3959 2016 4140 2100 Ergo
4184 2015 4381 2083 simul
4424 2037 4503 2082 88

2554 2101 2673 2165 8111
2716 2099 3085 2184 plusculum
3140 2110 3373 2167 nactus
3422 2101 3624 2176 fuero,
3683 2121 3849 2184 opus
3897 2101 4272 2186 aggrediar,
4328 2100 4503 2185 qnod

2554 2184 2738 2252 brevi
2762 2184 3130 2252 absolutum
3157 2188 3299 2251 erit.
3367 2185 3770 2269 compendio
3804 2187 3982 2251 enim
4006 2186 4294 2264 studebo,
4332 2194 4407 2252 ut
4428 2208 4503 2254 re

2552 2273 2719 2339 citra
2734 2273 3078 2339 artificium
3096 2281 3250 2337 ante
3264 2271 3486 2338 oculos
3507 2272 3714 2355 posita
3735 2272 4025 2340 iudicent
4038 2274 4182 2339 sani
4203 2273 4501 2342 lectores.

2551 2358 2771 2424 furere
2791 2359 2952 2423 istos
2980 2358 3241 2435 zelotas,
3271 2357 3428 2423 dum
3455 2378 3526 2422 88
3547 2367 3614 2423 81
3642 2358 3803 2424 81188
3841 2357 3923 2424 (18
3946 2359 4153 2424 nihilo
4194 2358 4497 2443 fatigant.

2553 2443 2730 2526 Quia
2770 2452 2991 2509 tamen
3036 2445 3118 2509 ab
3160 2465 3238 2509 eo
3294 2453 3587 2528 tempore
3644 2444 3810 2510 mire
3869 2444 3961 2508 fui
4006 2443 4371 2524 districtus,
4428 2456 4499 2510 et

2552 2551 2727 2597 nunc
2771 2529 2984 2596 adhuc
3039 2528 3358 2612 quaedam
3413 2529 3799 2612 scriptiones
3843 2530 4007 2594 aliae
4033 2532 4086 2614 5)
4143 2551 4250 2595 1118
4305 2550 4499 2596 8888·-

2551 2626 2726 2700 pant,
2773 2637 2908 2681 non
2955 2625 3108 2682 ante
3150 2636 3444 2681 mensem
3486 2616 3775 2699 incipere
3817 2615 4093 2681 vacabit.
4162 2614 4497 2682 Libellum

2550 2702 2763 2786 qualis
2803 2702 3016 2784 qualis
3058 2701 3184 2767 erit
3226 2710 3482 2767 mature
3538 2702 3781 2767 curabo
3840 2702 4028 2768 vobis
4069 2699 4496 2777 reddendum,

2551 2797 2629 2853 ut
2671 2789 2729 2855 si
2782 2789 3102 2872 placuerit
3154 2795 3347 2854 exeat
3399 2788 3471 2851 in
3529 2786 3893 2870 publicum,
3959 2788 4063 2853 sin
4115 2788 4335 2853 minus
4391 2787 4500 2852 in-

2549 2881 2774 2939 181881.

2721 2959 2826 3025 Β8
2884 2960 3077 3026 rebus
3135 2961 3375 3025 nostris
3433 2960 3600 3024 811111
3664 2959 3903 3038 8811118,
3966 2961 4121 3043 quia
4175 2957 4344 3024 nihil
4397 2972 4501 3024 est

2551 3046 2710 3114 novi
2766 3044 2938 3128 quod
2998 3056 3063 3111 te
3123 3041 3415 3112 delectet.
3517 3045 3711 3120 Vale,
3784 3044 4195 3112 ornatissime
4261 3046 4363 3110 vir
4429 3056 4503 3111 et

2551 3131 2718 3196 mihi
2759 3130 3164 3198 observande
3205 3131 3426 3196 frater.
3516 3130 3935 3216 symmystas
3978 3141 4146 3210 tuos,
4201 3151 4499 3206 uxorem.

2599 3236 2857 3294 eneros,
2933 3225 3266 3300 totamque
3342 3216 3655 3282 familiam
3722 3217 3939 3284 saluta
4001 3239 4144 3283 meo
4206 3218 4495 3284 nomine.

2551 3238 2879 3369 {ominus
2952 3321 3211 3384 semper
3274 3303 3459 3367 vobis
3523 3302 3696 3367 adsit
3709 3354 3725 3383 ,
3794 3320 4038 3388 vosque
4101 3310 4364 3370 tueatur
4426 3315 4501 3369 et

2553 3397 2757 3473 regat.
2845 3387 3156 3454 Genevae
3202 3391 3257 3452 7.
3304 3389 3593 3472 Augusti
3642 3393 3821 3455 1554.

2724 3472 2989 3540 laelius
3041 3474 3223 3539 brevi
3280 3473 3363 3540 ad
3418 3495 3536 3540 vos
3587 3482 3908 3541 venturus
3968 3484 4087 3553 est,
4111 3472 4166 3560 ⁰)
4222 3475 4328 3543 cui
4385 3495 4501 3541 me

2550 3561 2779 3628 literas
2827 3559 3133 3625 daturum
3186 3561 3645 3643 promiseram:
3698 3569 3926 3643 postea
3965 3561 4332 3628 cavendum
4374 3584 4503 3647 pn-

2549 3649 2692 3714 1811
2745 3666 2831 3712 88
2889 3647 2950 3711 81
3003 3667 3123 3730 per
3173 3665 3354 3711 meas
3413 3645 3637 3712 literas
3692 3645 3776 3712 ad
3828 3659 3898 3712 te
3953 3656 4210 3731 pateret
4258 3647 4499 3715 aditus.

2549 3734 2679 3800 Est
2730 3732 2909 3798 enim
2950 3730 3370 3815 inexplebilis
3411 3731 3698 3797 hominis
3761 3733 4119 3800 curiositas.
4221 3733 4505 3802 Utinam

2549 3839 2686 3886 non
2750 3816 2947 3884 simul
2990 3816 3325 3884 accederet
3364 3817 3745 3902 phrenetica
3785 3817 4107 3902 quaedam
4192 3822 4499 3887 rotervia.

2551 3902 2821 3989 Optimo
2865 3904 3094 3969 Lemo
3111 3904 3166 3980 ⁷)
3208 3911 3275 3969 et
3323 3903 3591 3986 reliquis
3647 3903 3958 3970 fratribus
4002 3839 4239 3989 Angfis
4289 3904 4509 3991 pluri—

2550 4010 2731 4058 mam
2772 3990 3051 4056 salutem
3095 4009 3338 4074 precor.

3463 4127 3746 4194 Ioannes
3788 4125 4108 4195 Calvinus
4150 4138 4320 4196 tuns.

2550 4417 2726 4474 100⁸.
2764 4418 2823 4484 1)
2862 4416 2936 4472 N.
2971 4414 3120 4499 19117.

2753 4487 2817 4623 {3
2846 4485 3154 4610 W&
3153 4523 3305 4608 1988.
3713 4624 3725 4634 ⁸

2752 4622 2810 4686 4)
2848 4621 2932 4690 Of.
2975 4621 3112 4693 Opp.
3152 4620 3260 4705 [X.
3298 4620 3467 4705 131811.
3497 4636 3623 4693 paq.
3658 4637 3735 4705 q).

2752 4691 2814 4898 ἓξ
2849 4690 3582 4888 ξᾲέξὲιξὲωΐῗονωαωδοξω
3614 4760 3685 4828 ef.
3727 4760 3799 4816 N.
3839 4758 3989 4816 19⁷3.
