4850 6200
368 417 484 476 681

367 603 577 669 fretus
619 624 895 669 manum
938 603 1177 673 iniecit.
1226 620 1303 668 ut
1343 605 1415 668 in
1453 623 1779 670 carcerem
1823 603 2108 670 duceret.
2190 607 2327 671 Ad·

368 690 603 754 volant
666 688 1036 772 complures
1094 711 1179 754 ex
1240 692 1537 756 factione.
1646 688 1980 772 Quidquid
2061 691 2332 758 luminis

370 783 514 840 erat
571 776 1035 859 exstinguitur.
1125 776 1392 859 Negant
1456 774 1551 839 illi
1611 796 1681 841 se
1724 796 2031 858 passuros
2087 777 2331 843 bonum

371 860 663 926 sodalem
683 862 755 926 in
776 882 1101 927 carcerem
1118 861 1285 927 duci.
1314 860 1521 927 Adest
1541 864 1882 927 confestim
1900 860 2331 941 Perrinus.²²)

368 950 471 1013 Ac
515 948 706 1012 initio
748 947 1136 1031 pacificandi
1180 948 1473 1013 studium
1524 947 1868 1024 simulans,
1930 947 2332 1031 syndicalem

370 1031 681 1099 baculum
724 1034 975 1118 arripit,
1021 1033 1294 1118 syndico
1328 1036 1397 1097 in
1442 1054 1667 1098 aurem
1715 1054 2093 1099 susurrans:
2139 1035 2331 1100 Meus

370 1130 489 1194 est,
524 1140 661 1184 non
694 1128 866 1184 tuus.
936 1120 1058 1186 Ille
1083 1141 1456 1203 quanquam
1481 1119 1758 1202 pusillae
1792 1130 2081 1185 staturae
2115 1121 2327 1198 homo,

368 1227 505 1270 non
520 1214 745 1270 tamen
766 1207 1016 1283 cedere,
1033 1206 1147 1270 sed
1170 1216 1399 1270 contra
1420 1206 1714 1270 animose
1737 1216 1803 1270 et
1824 1204 2084 1270 fortiter
2104 1204 2327 1271 obniti.

369 1290 628 1357 Passim
693 1291 949 1357 interea
1002 1313 1122 1373 per
1176 1311 1404 1357 omnes
1449 1290 1630 1357 urbis
1675 1293 1852 1357 vicos
1895 1292 2140 1357 clamor
2190 1304 2331 1356 erat

371 1377 698 1455 sublatus,
768 1386 833 1441 et
898 1377 1035 1443 fere
1099 1388 1427 1442 momento
1491 1387 1886 1460 pervaserat,
1966 1376 2195 1443 Gallos
2259 1380 2330 1442 in

370 1464 575 1529 armis
618 1484 759 1529 esse
817 1486 891 1530 ac
935 1463 1166 1528 urbem
1212 1462 1470 1528 insidiis
1513 1463 1875 1546 proditam:
1925 1463 2191 1528 domum
2233 1485 2326 1529 se·

370 1550 643 1628 natoris,
690 1550 803 1632 qui
868 1560 1060 1614 nocte
1115 1549 1232 1614 illa
1289 1550 1650 1633 praefectus
1694 1550 1971 1633 vigilum
2018 1561 2177 1627 erat,
2224 1571 2327 1614 re-

368 1635 608 1700 fertam
642 1656 786 1701 esse
809 1634 1189 1701 hominibus
1235 1638 1521 1700 armatis.
1590 1636 1953 1709 Emissarii,
1998 1657 2159 1719 quos
2205 1636 2328 1701 sibi

367 1721 592 1786 favere
635 1734 976 1797 noverant,
1013 1743 1125 1787 eos
1160 1723 1559 1787 tumultuose
1602 1743 1948 1787 accersere.
2020 1721 2329 1787 Per-rinus

368 1829 573 1888 quum
640 1808 911 1872 minime
979 1808 1310 1873 dubitaret
1374 1818 1703 1873 catervam
1758 1828 1944 1871 suam
1991 1809 2120 1871 iam
2167 1810 2326 1872 satis

366 1893 663 1957 validam
686 1914 846 1968 esse,
874 1895 1211 1959 vociferari
1257 1896 1499 1976 coepit:
1539 1894 1779 1958 Noster
1823 1906 1921 1958 est
1966 1893 2324 1977 syndicalis

366 1980 674 2045 baculus:
720 2001 869 2044 eum
915 1980 1092 2044 enim
1138 1988 1346 2044 tene0.
1430 1979 1533 2044 Ad
1580 1979 1749 2045 hanc
1796 1999 2020 2045 vocem
2066 1980 2322 2044 nullum

368 2085 729 2131 consensus
787 2066 1055 2149 signum
1124 2065 1349 2130 datum
1420 2076 1539 2141 est,
1607 2078 1673 2129 et
1738 2074 1956 2129 tamen
2040 2065 2323 2147 undique

366 2151 626 2217 cinctus
684 2162 827 2216 erat
882 2151 1271 2217 coniuratis:
1340 2160 1418 2216 ut
1480 2151 1666 2217 facile
1732 2162 2046 2235 appareat
2088 2172 2322 2217 arcano

364 2238 498 2302 Dei
535 2239 852 2303 instinctu
899 2248 1185 2302 retentos
1228 2238 1447 2302 fuisse.
1510 2237 1769 2302 Pudore
1816 2258 1972 2320 ergo
2018 2238 2322 2302 confusus

366 2334 436 2388 et
479 2323 681 2388 simul
724 2324 1010 2397 territus,
1045 2323 1387 2405 paululum
1435 2344 1505 2387 se
1542 2325 1800 2406 recepit.
1869 2322 2002 2388 Sed
2048 2326 2117 2387 in
2162 2324 2320 2387 alte—

366 2430 522 2473 rum
580 2408 926 2492 syndicum
940 2411 1028 2487 28)
1090 2408 1357 2473 affinem
1411 2430 1605 2473 suum
1661 2409 1970 2487 incidens,
2017 2409 2320 2474 baculum

366 2495 545 2579 ei²⁴)
624 2495 945 2559 violenter
1021 2496 1311 2559 extorsit.
1423 2494 1546 2558 Ille
1608 2496 1904 2577 quiritari
1982 2497 2117 2559 vim
2198 2495 2323 2560 sibi

367 2601 517 2646 esse
568 2581 828 2657 factam,
896 2582 999 2645 ius
1054 2582 1237 2646 urbis
1281 2602 1423 2646 6886
1468 2581 1804 2645 violatum.
1892 2580 2067 2661 Quia
2102 2598 2321 2646 autem

369 2686 708 2731 armorum
770 2669 1064 2749 potentia
1125 2666 1320 2750 longe
1385 2666 1735 2732 vincebant
1793 2667 2090 2749 improbi,
2128 2689 2320 2731 nemo

367 2751 456 2816 ad
501 2751 759 2836 syndici
815 2752 1289 2835 querimoniam
1357 2752 1637 2837 digitum
1682 2752 1949 2817 sustulit
1993 2769 2067 2817 ut
2111 2754 2320 2818 subsi-

367 2838 479 2902 dio
523 2840 798 2903 veniret.
876 2837 1012 2903 Sed
1055 2841 1371 2922 pessimos
1393 2859 1680 2922 quosque
1714 2860 1978 2903 rursum
2001 2838 2320 2921 quaedam

366 2924 603 3007 religio
654 2925 882 3001 tenuit,
951 2934 1024 2989 ut
1077 2925 1298 2990 nullus
1355 2945 1584 2989 eorum
1627 2924 1894 2989 Perrino
1938 2927 2318 2990 succineret.

364 3009 478 3075 Ita
519 3023 701 3075 metu
740 3018 1001 3076 coactus
1047 3010 1349 3075 baculum
1394 3011 1562 3076 elam
1608 3010 1907 3075 reddidit.

542 3096 759 3162 Erant
812 3097 944 3162 iam
1010 3096 1077 3162 in
1143 3100 1344 3163 armis
1400 3096 1663 3180 plurimi
1708 3097 2083 3164 nebulones.
2168 3097 2322 3163 Una

363 3204 503 3248 vox
526 3183 765 3266 ubique
788 3184 1081 3261 sonabat,
1105 3183 1524 3250 trucidandos
1554 3205 1696 3249 esse
1718 3184 1964 3260 Gallos,
1990 3197 2054 3247 et
2088 3183 2318 3249 urbem

366 3270 451 3335 ab
500 3269 660 3352 ipsis
695 3268 1027 3354 proditam
1060 3292 1217 3335 esse.
1290 3269 1619 3335 Dominus
1655 3279 1874 3334 autem
1912 3291 2028 3353 pro
2062 3272 2319 3335 miseris

365 3356 507 3421 suis
574 3355 914 3422 exsulibus
979 3355 1391 3421 incredibiles
1450 3357 1758 3421 excubias
1803 3378 2023 3438 agens,
2081 3357 2320 3440 partim

365 3463 602 3526 sopore
667 3463 778 3507 eos
843 3441 1146 3525 perfudit,
1213 3455 1289 3507 ut
1352 3444 1525 3506 inter
1592 3442 1954 3508 horrendos
2011 3445 2322 3526 strepitus

366 3528 665 3593 suaviter
727 3529 796 3592 in
863 3529 1046 3593 lectis
1114 3528 1504 3593 dormirent:
1570 3529 1811 3611 partim
1857 3529 2201 3606 continuit,
2246 3537 2322 3592 ut

364 3614 570 3678 minis
615 3624 682 3680 et
725 3613 1000 3698 periculi
1044 3625 1293 3679 terrore
1316 3635 1448 3679 non
1471 3614 1719 3678 fuerint
1742 3614 2041 3697 perculsi.
2112 3615 2319 3679 Nemo

365 3709 543 3766 certe
578 3699 772 3766 domo
816 3721 1116 3784 egressus
1160 3709 1277 3765 est.
1368 3700 1579 3783 Atque
1617 3700 1737 3765 hoc
1781 3722 1908 3764 uno
1950 3699 2078 3764 Dei
2125 3701 2321 3764 mira-

366 3787 513 3852 culo
558 3787 802 3852 fractus
846 3787 972 3850 fuit
1012 3787 1364 3869 impiorum
1409 3788 1711 3868 impetus,
1759 3785 1929 3869 quod
1974 3785 2194 3850 nullus
2238 3785 2321 3849 ad

366 3873 741 3938 conflictum
800 3893 870 3937 se
914 3872 1170 3937 obtulit.
1261 3872 1649 3938 Statuerant
1702 3875 1895 3946 enim,
1966 3886 2037 3934 ut
2094 3884 2320 3954 postea

363 3958 557 4024 facile
601 3959 906 4032 innotuit,
954 3959 1009 4023 si
1054 3959 1164 4040 qui
1209 3960 1497 4042 aggressi
1543 3968 1780 4034 essent,
1828 3979 1898 4022 se
1943 3956 2315 4023 defendere:

537 4182 635 4246 22)
678 4182 886 4235 Eadem
932 4180 1049 4246 fere
1082 4185 1280 4233 narrat
1331 4178 1559 4248 Galiffk,
1611 4181 1811 4233 asserit
1856 4186 2067 4233 tamen:
2120 4181 2319 4233 Toutes

364 4255 444 4306 les
467 4252 822 4322 depositione,
856 4252 1029 4303 meme
1054 4250 1133 4302 les
1155 4251 1277 4318 plns
1298 4249 1541 4314 hostiles,
1578 4249 1913 4302 s'accordent
1946 4266 2039 4302 sur
2076 4266 2136 4302 ce
2164 4251 2321 4318 point

366 4341 471 4392 qne
492 4321 689 4374 Perrin
720 4319 921 4373 n’avait
955 4335 1053 4387 pas
1087 4319 1235 4371 cesse
1258 4319 1327 4371 de
1361 4317 1707 4371 commender
1741 4335 1841 4370 aux
1880 4335 2010 4386 gen·
2044 4320 2140 4371 des
2176 4319 2316 4372 deux

495 4393 506 4403 ‘
577 4390 645 4442 de
683 4405 740 4442 se
776 4390 921 4442 tenir
956 4388 1279 4457 tranquilles
1315 4394 1409 4440 etc.

538 4457 635 4522 23)
678 4458 824 4512 Petr.
880 4457 1098 4510 Bonna.
1193 4455 1427 4524 Galiffe:
1485 4456 1718 4509 Aulbert
1768 4456 1903 4508 etait
1958 4455 2061 4507 l’un
2109 4454 2176 4508 de
2232 4471 2319 4507 ces

2214 422 2375 481 1555
2420 416 2602 483 IUL.

359 4538 524 4600 types
573 4526 767 4598 qn'nne
820 4526 965 4579 foule
1018 4526 1086 4578 de
1138 4525 1409 4591 ridiculos,
1463 4524 1617 4578 innes
1655 4532 1711 4576 et
1757 4525 1957 4593 ecquis,
2005 4526 2250 4577 auraient
2286 4528 2321 4579 a
2368 4507 2372 4584 f
2421 4481 2723 4536 '²⁹⁰5‘th

4261 423 4386 484 682

2435 605 2664 670 occisis
2720 605 3128 688 quibusdam,
3188 607 3474 689 grassari
3517 607 3588 671 in
3634 605 3822 671 alios:
3891 608 4077 690 quasi
4120 627 4157 671 a
4200 609 4387 674 nobis

2443 702 2674 756 exorta
2715 702 2889 757 esset
2944 690 3195 756 seditio,
3286 693 3424 758 Nec
3483 713 3641 756 vero
3699 700 3960 756 tantum
4021 693 4388 776 hospitibus

2434 778 2932 856 minitabantur,
2979 778 3089 842 sed
3128 777 3395 859 quidam
3430 780 3628 842 etiam
3674 777 4049 843 clamabant
4082 787 4388 861 patronos

2436 883 2577 928 esse
2613 863 3017 942 occidendos,
3059 872 3126 928 6ι
3159 885 3402 945 poenas
3447 863 3528 927 de
3562 874 3796 928 senat-u
3834 863 4180 929 sumendas
4225 888 4382 931 esse.

2608 952 2822 1030 Atque
2849 950 2956 1013 hic
2991 948 3142 1013 vide
3177 960 3445 1013 senatus
3473 951 3681 1013 nostri
3719 949 4150 1014 clementiam.
4214 951 4385 1017 Nam

2433 1033 2590 1099 licet
2642 1034 3031 1117 deprehensi
3075 1035 3327 1099 fuerint
3370 1050 3502 1099 tam
3549 1036 3840 1100 nefariae
3884 1036 4062 1101 vocis
4107 1049 4386 1115 autores,

2435 1141 2510 1186 ac
2577 1122 2872 1197 convicti,
2941 1142 3072 1185 non
3140 1121 3329 1184 modo
3396 1123 3687 1203 pepercit
3751 1142 3974 1186 eorum
4037 1124 4224 1199 vitae,
4271 1123 4388 1189 sed

2433 1207 2629 1270 etiam
2667 1228 2706 1271 a
2748 1205 3059 1272 mediocri
3093 1208 3522 1289 castigatione
3558 1206 3891 1285 abstinuit,
3937 1220 4013 1270 ut
4056 1229 4137 1272 ne
4182 1211 4386 1293 virgis

2433 1292 2695 1375 quidem
2740 1295 2910 1357 caesi
2967 1292 3224 1356 fuerint.
3316 1291 3593 1376 Syndici
3660 1292 3818 1356 dum
3882 1300 4184 1358 senatum
4240 1296 4386 1379 cogi

2433 1377 2690 1453 iubent,
2755 1398 2873 1460 per
2950 1377 3180 1442 urbem
3260 1380 3595 1444 cursitare.
3707 1376 3842 1443 Sed
3907 1378 4182 1461 improbi
4250 1384 4386 1445 suis

2433 1464 2634 1545 copiis
2695 1464 2861 1541 freti,
2927 1468 3063 1529 no‘n
3105 1464 3296 1529 modo
3345 1463 3607 1528 eludere
3651 1484 3879 1528 eorum
3921 1465 4273 1548 imperium
4319 1477 4386 1530 et

2432 1569 2760 1631 spernere,
2799 1550 2911 1615 sed
2949 1551 3142 1615 etiam
3166 1550 3473 1615 conviciis
3497 1549 3890 1632 obstrepere,
3928 1559 4002 1613 ut
4023 1571 4171 1633 spes
4207 1562 4381 1617 esset

2433 1633 2706 1700 remedii
2751 1636 3005 1720 exigua.
3088 1635 3233 1700 Hoc
3275 1651 3501 1700 tamen
3536 1647 3797 1719 praeter
3839 1656 4022 1718 spem
4068 1634 4385 1703 divinitus

2432 1721 2736 1785 effectum
2781 1734 2900 1797 est,
2946 1734 3024 1785 ut
3067 1722 3384 1804 paulatim
3431 1719 3742 1786 resideret
3786 1730 4155 1804 tempestas.
4220 1724 4385 1789 Pos-

2432 1804 2625 1870 tridie
2644 1810 2733 1885 2⁵)
2781 1807 3114 1873 decretum
3173 1821 3288 1886 est,
3335 1817 3408 1872 ut
3442 1808 3733 1889 quaestio
3778 1807 4132 1872 haberetur
4191 1808 4271 1874 de
4319 1811 4384 1873 vi

2427 1894 2705 1976 publica.
2795 1893 3072 1978 Syndici
3126 1894 3343 1957 triduo
3401 1895 3471 1957 in
3538 1892 3811 1959 testibus
3869 1895 4171 1977 rogandis
4227 1915 4382 1959 con-

2429 1992 2708 2061 sumpte,
2776 2000 2860 2044 66
2927 1981 3073 2063 quis
3139 1978 3383 2045 diceret
3448 2000 3519 2044 se
3561 1979 3722 2043 falso
3792 1980 4018 2062 premi,
4043 1978 4383 2045 Ducentos

2427 2078 2681 2130 vocant.
2743 2066 2922 2130 Dum
2971 2067 3331 2130 recitantur
3353 2066 3741 2137 testimonia,
3789 2067 3964 2129 inter
4009 2065 4169 2129 alios
4204 2066 4376 2131 iudi-

2429 2172 2535 2215 ces
2602 2150 2914 2216 sedebant
2980 2153 3103 2235 ipsi
3164 2170 3417 2233 quoque
3481 2151 3817 2215 coniurati.
3905 2151 3998 2216 Ut
4061 2173 4382 2234 quemque

2429 2236 2533 2300 vel
2580 2238 2808 2319 culpae
2851 2238 3200 2302 obnoxium
3247 2236 3352 2300 vel
3391 2237 3657 2300 sinistra
3700 2238 4068 2319 suspicione
4112 2240 4381 2320 gravari

2428 2324 2750 2406 apparuit,
2822 2323 3079 2388 tandem
3152 2325 3311 2387 iussi
3378 2334 3533 2386 sunt
3577 2321 3800 2405 egredi
3837 2344 3919 2386 ex
3965 2325 4174 2388 curia:
4224 2326 4377 2406 quia

2427 2409 2668 2492 integri
2730 2409 2810 2473 ad
2860 2408 3202 2474 dicendam
3253 2409 3642 2473 sententiam
3706 2429 3846 2473 6886
3882 2428 4010 2472 666
4057 2420 4377 2490 poterant.

2428 2492 2564 2558 Sed
2625 2494 2933 2560 Perrinus
2997 2495 3325 2560 detectum
3391 2494 3600 2559 scelus
3657 2491 3911 2570 videns,
3974 2516 4122 2558 cum
4169 2496 4379 2559 tribus

2427 2579 2575 2645 aliis
2618 2584 2776 2663 fuga
2819 2581 3078 2663 elapsus
3122 2584 3346 2659 est.²⁶)
3433 2580 3649 2643 Maior
3689 2592 3973 2653 senatus,
4021 2581 4118 2644 rei
4162 2579 4378 2664 indig-

2426 2666 2633 2730 nitate
2677 2668 2746 2731 in
2774 2668 3008 2732 iustam
3034 2666 3437 2731 iracundiam
3475 2686 3801 2742 accensus,
3827 2664 4116 2730 decernit
4150 2687 4378 2731 severe

2427 2751 2865 2817 ulciscendum
2914 2776 3054 2818 esse
3098 2752 3597 2834 conspirationis
3643 2752 3884 2817 scelus:
3943 2764 4011 2814 et
4052 2752 4374 2816 minorem

2427 2847 2744 2911 senatum,
2791 2860 2992 2922 penes
3028 2859 3219 2923 quem
3244 2837 3675 2915 suntiudicia,
3722 2836 3805 2901 ad
3848 2858 4089 2920 poenas
4112 2848 4377 2903 strenue

2428 2924 2783 3007 exigendas
2821 2925 3137 2989 hortatur.
3185 2922 3495 2989 Gitantur
3538 2943 3578 2987 a
3612 2924 3819 3005 primo
3862 2923 4232 3005 apparitore
4274 2926 4377 2988 fu-

2427 3011 2636 3092 gitivi,
2662 3010 2894 3075 deinde
2939 3031 3318 3093 apraecone
3357 3008 3631 3092 publice,
3657 3023 3731 3072 ut
3773 3011 3914 3072 fieri
3961 3009 4154 3073 solet:
4207 3010 4376 3091 quod

2425 3117 2542 3178 per
2608 3097 2977 3179 quindecim
3046 3095 3182 3161 dies
3259 3096 3676 3179 praecinente
3735 3096 3894 3161 tuba
3954 3097 4198 3160 factum
4259 3107 4375 3161 est.

2424 3182 2531 3246 Illi
2601 3184 2817 3248 missis
2873 3183 3326 3268 chirographis
3393 3183 3638 3260 testari,
3709 3203 3779 3247 se
3836 3182 3963 3246 nisi
4031 3181 4181 3246 data
4244 3182 4378 3248 fide

2423 3268 2686 3351 publica
2768 3271 3038 3334 minime
3115 3280 3448 3333 venturos.
3540 3269 3742 3349 Atqui
3835 3266 4378 3333 absurdissimum

2423 3353 2671 3430 fuisset,
2730 3377 2891 3438 quos
2950 3378 3032 3420 cx
3101 3354 3379 3419 vinculis
3438 3376 3580 3418 reos
3624 3373 3883 3419 causam
3930 3353 4145 3419 dicere
4185 3375 4377 3437 opor-

2422 3450 2672 3518 tuerat,
2730 3451 3038 3525 tanquam
3089 3440 3533 3505 beneficiarios
3588 3440 3842 3523 legibus
3903 3439 4086 3504 solvi.
4185 3441 4377 3505 Prae-

2420 3527 2665 3609 scripta
2706 3528 2913 3611 igitur
2955 3526 3078 3606 die,
3121 3527 3406 3608 quinque
3429 3526 3717 3589 damnati
3761 3534 3932 3589 sunt.
3952 3528 4044 3606 ²⁷)
4089 3524 4225 3591 Sed
4260 3548 4378 3591 an·

2423 3623 2686 3695 tequam
2724 3611 2968 3678 iudices
3007 3613 3538 3695 pronunciarent,
3587 3632 3801 3675 coram
3828 3619 3964 3674 toto
3997 3612 4233 3694 populo
4273 3634 4377 3676 re-

2420 3699 2621 3763 citata
2665 3713 2820 3764 sunt
2863 3700 3137 3764 crimina
3171 3719 3444 3780 quorum
3476 3698 3808 3762 convictos
3853 3699 4066 3761 teneri
4112 3718 4377 3763 necesse

2420 3785 2564 3862 fuit,
2622 3786 2734 3867 qui
2792 3808 2861 3851 se
2918 3786 3128 3851 vocati
3172 3786 3240 3848 in
3287 3785 3387 3847 ius
3431 3804 3564 3847 non
3608 3782 3991 3867 purgabant.
4082 3784 4379 3848 Accessit

2420 3882 2645 3953 postea
2711 3892 2933 3935 eorum
3001 3870 3332 3944 confessio,
3406 3869 3486 3932 de
3562 3868 3801 3951 quibus
3866 3879 4206 3952 sumptum
4275 3882 4379 3934 est

2417 3978 2540 4038 sup
2586 3956 2833 4034 licium,
2900 3969 2965 4021 et
3032 3958 3144 4039 qui
3212 3955 3425 4019 adhuc
3490 3957 3558 4018 in
3628 3975 3885 4019 carcere
3930 3965 4256 4020 tenentur.
4283 3959 4374 4038 28)

2418 4042 2528 4108 Π6
2577 4064 2612 4107 6
2645 4053 2903 4108 constat
2979 4043 3188 4126 magis
3234 4062 3376 4106 esse
3411 4041 3635 4105 noxios
3671 4051 3738 4104 et
3772 4040 4136 4117 sceleratos,
4178 4063 4374 4124 quam
4425 4115 4429 4120 p

2423 4137 2499 4192 ut
2540 4129 2854 4211 effugium
2891 4128 3101 4193 ullum
3147 4137 3386 4210 pateat.

2595 4215 2682 4278 Et
2725 4226 2964 4290 tamen,
3002 4225 3077 4278 ut
3113 4220 3270 4278 sunt
3293 4212 3633 4294 perfrictae
3677 4212 3934 4289 frontis,
3981 4210 4234 4277 odiosos
4259 4235 4369 4276 ru-

2421 4321 2636 4364 mores
2679 4320 2987 4384 spargere
3030 4321 3164 4363 non
3200 4298 3539 4363 desinunt:
3586 4319 3656 4362 se
3691 4298 3856 4361 falsa
3889 4297 4135 4362 invidia
4170 4299 4370 4363 fuisse

2421 4407 2781 4469 oppressos,
2839 4385 3009 4468 quod
3075 4386 3314 4450 civium
3378 4404 3645 4450 causam
3712 4395 3941 4449 contra
4006 4383 4235 4448 Gallos
4303 4393 4372 4448 et

2793 4471 3008 4536 Gallis
3073 4469 3365 4535 deditum
3424 4469 3624 4534 tutati
3689 4471 3837 4533 sint.
3950 4468 4152 4549 Quasi
4211 4489 4367 4534 vero

360 4605 514 4652 toute
570 4602 727 4649 autre
782 4598 993 4664 speque
1047 4595 1230 4647 ecarte
1286 4595 1355 4647 de
1406 4596 1458 4645 la
1503 4595 1887 4659 magistrature
1937 4600 2030 4647 etc.
2106 4592 2323 4649 Scilicet
2366 4601 2372 4638 1
2431 4633 2448 4636 „
2549 4633 2566 4636 -

352 4665 789 4736 pharmacopola
809 4672 927 4718 erat
946 4669 998 4718 et
1030 4663 1258 4733 pusillae
1278 4664 1546 4716 staturae!
1604 4662 1825 4729 Peryit:
1861 4662 2091 4726 Quanta
2110 4663 2314 4727 Bonna,

360 4755 448 4791 868
483 4751 715 4804 propres
750 4730 1020 4802 collegues
1066 4731 1321 4785 l’avaient
1355 4732 1573 4785 menace
1609 4732 1678 4784 de
1724 4731 1969 4784 l'ecarter
2004 4732 2077 4783 dn
2114 4731 2316 4784 eouseil

360 4807 395 4859 a
429 4821 589 4859 cause
627 4804 694 4856 de
730 4819 816 4855 868
860 4802 1168 4870 harenguee
1213 4801 1575 4870 perpetuelles
1649 4802 1703 4852 ni
1750 4800 2073 4869 fatiguaient
2108 4807 2230 4853 tout
2264 4801 2316 4853 le

360 4873 575 4928 monde.
656 4870 803 4939 Quid
854 4871 986 4924 haec
1033 4871 1111 4923 ad
1161 4868 1320 4923 rem?
1387 4869 1541 4924 Num
1693 4870 1855 4923 vinus
1904 4884 2009 4922 sua
2061 4872 2319 4923 inmense

357 4945 581 5013 putavit
623 4943 896 4995 moriones
934 4939 1121 5007 primo
1164 4940 1279 4992 loeo
1322 4941 1384 4992 in
1427 4938 1702 5007 republica
1733 4941 1975 5006 ponere?
2044 4937 2318 5008 Syr-dicus

360 5013 571 5068 Bonna
604 5011 758 5065 tentio
792 5025 905 5062 6886
939 5015 1135 5062 contra
1175 5007 1462 5062 Porrimam
1499 5009 1773 5062 recusavit
1814 5013 2036 5074 propter
2071 5007 2317 5073 affinita-

2590 4728 2687 4792 25)
2725 4727 2805 4781 19.
2846 4728 3023 4781 Maii.-
3075 4728 3160 4781 On
3215 4744 3278 4780 86
3349 4742 3412 4779 ra
3464 4744 3568 4778 aux
3620 4725 3995 4779 informatione
4048 4741 4208 4793 apres
4261 4727 4366 4778 les-

2418 4799 2626 4866 quelles
2661 4814 2731 4851 on
2767 4797 2986 4850 tiendra
3022 4797 3071 4849 le
3107 4796 3207 4850 CC.
3247 4744 3435 4862 (ἴσᾳ.)

2588 4864 2678 4926 26)
2720 4866 2987 4920 Peninus
3040 4868 3093 4918 d.
3141 4865 3227 4918 24.
3267 4861 3418 4917 Mass·
3466 4864 3525 4917 in
3576 4863 3866 4930 praedium
3918 4878 4072 4916 suum
4129 4862 4310 4930 Preyn
4352 4905 4365 4926 ,

2416 4936 2722 4989 Beruenses
2743 4935 2989 5002 ditionis,
3026 4950 3085 4988 sc
3116 4937 3331 4990 recepit.
3392 4931 3524 4986 Cum
3548 4947 3609 4985 eo
3631 4933 3796 4985 sivuul
3824 4939 4165 4985 secesserunt
4183 4882 4365 4986 Βαῑίῖ.

2418 5004 2569 5072 Sept,
2604 5003 2659 5056 J.
2700 5004 2981 5058 Michallet
3013 5011 3060 5057 ct
3102 5005 3164 5057 Ρ.
3209 5003 3400 5056 Venta.
3465 5001 3762 5055 Ventidius
3796 5007 3848 5054 et
3883 5000 3952 5053 F.
3989 4998 4065 5053 D.
4102 5001 4369 5055 Ber-telier

362 5090 466 5136 ten
518 5078 673 5149 prid.
713 5076 828 5132 Gal.
867 5077 1021 5199 16πῇ
1054 5076 1150 5130 sed
1182 5084 1402 5131 coactas
1444 5078 1580 5143 fuit,
1629 5082 1679 5130 et
1712 5077 2055 5141 confirmavit
2087 5075 2235 5146 quod
2260 5082 2319 5197 ἵὲ
2364 5071 2369 5166 ᾖ
2410 5081 2812 5129 remanserunt.

364 5151 623 5205 Alba-tus
656 5147 893 5202 dixerat.

363 5238 469 5272 aux
518 5220 746 5272 bastons
796 5215 1103 5269 sindicales.
1190 5213 1452 5281 Galiffius
1502 5215 1711 5280 factum
1776 5220 1940 5282 negat
1989 5220 2051 5267 ut
2100 5222 2150 5268 et
2199 5215 2318 5281 ipse

362 5289 641 5343 Per-rinus
665 5285 815 5350 fecit.

536 5355 633 5421 24)
667 5355 738 5410 Vi
773 5354 894 5409 edd.

1018 5146 1241 5200 minue
1274 5144 1568 5200 danum
1597 5145 1712 5209 fuit
1744 5161 1883 5214 pour
1919 5147 2071 5198 avoir
2106 5151 2257 5197 atten
2361 5169 2369 5286 ἰ
2418 5209 2642 5265 Mod

2585 5141 2682 5208 27)
2717 5143 2770 5195 d.
2810 5141 2860 5195 3.
2901 5140 3071 5207 Iunii,
3120 5156 3192 5194 86.
3229 5146 3466 5209 quatuor
3510 5139 3597 5193 iun·
3633 5139 3859 5208 fuqn'tivt'
3892 5140 4005 5192 iam
4039 5139 4175 5194 dicti
4207 5146 4258 5193 et
4297 5139 4363 5193 F.

2585 5278 2681 5342 28)
2720 5278 2810 5331 De
2844 5277 3134 5344 comparet
3166 5277 3438 5336 fratribus
3472 5293 3520 5332 v.
3557 5282 3668 5330 not.
3701 5276 3782 5347 19,
3810 5283 3938 5345 post
3969 5292 4059 5330 eos
4099 5275 4365 5330 Claudius

2422 5347 2635 5402 Genese
2668 5352 2719 5401 et
2753 5346 2853 5401 Fe.
2890 5345 3099 5400 Daniel
3133 5346 3415 5401 Bertelier.
