<?xml version="1.0" encoding="UTF-8"?>
<!DOCTYPE html PUBLIC "-//W3C//DTD XHTML 1.0 Transitional//EN"
    "http://www.w3.org/TR/xhtml1/DTD/xhtml1-transitional.dtd">
<html xmlns="http://www.w3.org/1999/xhtml" xml:lang="en" lang="en">
 <head>
  <title>
</title>
<meta http-equiv="Content-Type" content="text/html;charset=utf-8" />
  <meta name='ocr-system' content='tesseract 3.04.00' />
  <meta name='ocr-capabilities' content='ocr_page ocr_carea ocr_par ocr_line ocrx_word'/>
</head>
<body>
  <div class='ocr_page' id='page_1' title='image "./ioanniscalvinio09unkngoog_0395.png"; bbox 0 0 4850 6200; ppageno 0'>
   <div class='ocr_carea' id='block_1_1' title="bbox 13 556 45 4622">
    <p class='ocr_par' dir='ltr' id='par_1_1' title="bbox 13 556 45 4622">
     <span class='ocr_line' id='line_1_1' title="bbox 13 556 45 4622; baseline 0 0"><span class='ocrx_word' id='word_1_1' title='bbox 13 556 45 4622; x_wconf 95' lang='lat' dir='ltr'><strong> </strong></span> 
     </span>
    </p>
   </div>
   <div class='ocr_carea' id='block_1_2' title="bbox 25 4793 30 5344">
    <p class='ocr_par' dir='ltr' id='par_1_2' title="bbox 25 4793 30 5344">
     <span class='ocr_line' id='line_1_2' title="bbox 25 4793 30 5344; baseline 0 0"><span class='ocrx_word' id='word_1_2' title='bbox 25 4793 30 5344; x_wconf 95' lang='lat' dir='ltr'><strong> </strong></span> 
     </span>
    </p>
   </div>
   <div class='ocr_carea' id='block_1_3' title="bbox 307 425 432 489">
    <p class='ocr_par' dir='ltr' id='par_1_3' title="bbox 307 425 432 489">
     <span class='ocr_line' id='line_1_3' title="bbox 307 425 432 489; baseline -0.016 0"><span class='ocrx_word' id='word_1_3' title='bbox 307 425 432 489; x_wconf 75' lang='lat'><strong>‘177</strong></span> 
     </span>
    </p>
   </div>
   <div class='ocr_carea' id='block_1_4' title="bbox 310 608 2284 5081">
    <p class='ocr_par' dir='ltr' id='par_1_4' title="bbox 310 608 2275 2413">
     <span class='ocr_line' id='line_1_4' title="bbox 311 608 2264 698; baseline -0.004 -19"><span class='ocrx_word' id='word_1_4' title='bbox 311 611 848 698; x_wconf 73' lang='lat' dir='ltr'><strong>aggrederentur,</strong></span> <span class='ocrx_word' id='word_1_5' title='bbox 870 610 1186 693; x_wconf 87' lang='lat' dir='ltr'><strong>cuiusque</strong></span> <span class='ocrx_word' id='word_1_6' title='bbox 1220 610 1574 675; x_wconf 72' lang='lat' dir='ltr'><strong>autoritate</strong></span> <span class='ocrx_word' id='word_1_7' title='bbox 1616 608 1701 675; x_wconf 89' lang='lat' dir='ltr'><strong>ad</strong></span> <span class='ocrx_word' id='word_1_8' title='bbox 1734 608 2075 676; x_wconf 88' lang='lat' dir='ltr'><strong>ecclesiam</strong></span> <span class='ocrx_word' id='word_1_9' title='bbox 2111 626 2264 673; x_wconf 89' lang='lat' dir='ltr'><strong>nos-</strong></span> 
     </span>
     <span class='ocr_line' id='line_1_5' title="bbox 310 693 2265 779; baseline -0.003 -15"><span class='ocrx_word' id='word_1_10' title='bbox 310 710 486 765; x_wconf 82' lang='lat' dir='ltr'><strong>tram</strong></span> <span class='ocrx_word' id='word_1_11' title='bbox 529 696 1025 763; x_wconf 79' lang='lat' dir='ltr'><strong>disturbandam</strong></span> <span class='ocrx_word' id='word_1_12' title='bbox 1073 716 1206 761; x_wconf 86' lang='lat' dir='ltr'><strong>non</strong></span> <span class='ocrx_word' id='word_1_13' title='bbox 1251 697 1410 762; x_wconf 88' lang='lat' dir='ltr'><strong>satis</strong></span> <span class='ocrx_word' id='word_1_14' title='bbox 1453 694 1780 779; x_wconf 89' lang='lat' dir='ltr'><strong>pudenter</strong></span> <span class='ocrx_word' id='word_1_15' title='bbox 1816 693 2265 760; x_wconf 89' lang='lat' dir='ltr'><strong>abuterentur.</strong></span> 
     </span>
     <span class='ocr_line' id='line_1_6' title="bbox 311 780 2271 865; baseline -0.004 -14"><span class='ocrx_word' id='word_1_16' title='bbox 311 785 483 851; x_wconf 85' lang='lat' dir='ltr'><strong>Nam</strong></span> <span class='ocrx_word' id='word_1_17' title='bbox 521 784 649 850; x_wconf 90' lang='lat' dir='ltr'><strong>hoo</strong></span> <span class='ocrx_word' id='word_1_18' title='bbox 682 781 872 849; x_wconf 87' lang='lat' dir='ltr'><strong>nobis</strong></span> <span class='ocrx_word' id='word_1_19' title='bbox 906 782 1104 865; x_wconf 91' lang='lat' dir='ltr'><strong>plane</strong></span> <span class='ocrx_word' id='word_1_20' title='bbox 1138 788 1414 859; x_wconf 87' lang='lat' dir='ltr'><strong>constat,</strong></span> <span class='ocrx_word' id='word_1_21' title='bbox 1452 802 1562 846; x_wconf 90' lang='lat' dir='ltr'><strong>eos</strong></span> <span class='ocrx_word' id='word_1_22' title='bbox 1605 789 1827 846; x_wconf 88' lang='lat' dir='ltr'><strong>tantas</strong></span> <span class='ocrx_word' id='word_1_23' title='bbox 1849 780 2077 846; x_wconf 90' lang='lat' dir='ltr'><strong>turbas</strong></span> <span class='ocrx_word' id='word_1_24' title='bbox 2101 780 2271 844; x_wconf 83' lang='lat' dir='ltr'><strong>exci-</strong></span> 
     </span>
     <span class='ocr_line' id='line_1_7' title="bbox 311 866 2270 953; baseline -0.004 -16"><span class='ocrx_word' id='word_1_25' title='bbox 311 881 454 937; x_wconf 82' lang='lat' dir='ltr'><strong>tare</strong></span> <span class='ocrx_word' id='word_1_26' title='bbox 503 889 842 953; x_wconf 88' lang='lat' dir='ltr'><strong>nunquam</strong></span> <span class='ocrx_word' id='word_1_27' title='bbox 898 868 1104 934; x_wconf 80' lang='lat' dir='ltr'><strong>fuisse</strong></span> <span class='ocrx_word' id='word_1_28' title='bbox 1144 888 1440 945; x_wconf 89' lang='lat' dir='ltr'><strong>ausuros,</strong></span> <span class='ocrx_word' id='word_1_29' title='bbox 1496 869 1553 932; x_wconf 90' lang='lat' dir='ltr'><strong>si</strong></span> <span class='ocrx_word' id='word_1_30' title='bbox 1596 877 1670 932; x_wconf 90' lang='lat' dir='ltr'><strong>tu</strong></span> <span class='ocrx_word' id='word_1_31' title='bbox 1715 867 1848 932; x_wconf 89' lang='lat' dir='ltr'><strong>illis</strong></span> <span class='ocrx_word' id='word_1_32' title='bbox 1893 866 2023 932; x_wconf 88' lang='lat' dir='ltr'><strong>tuis</strong></span> <span class='ocrx_word' id='word_1_33' title='bbox 2067 868 2270 949; x_wconf 90' lang='lat' dir='ltr'><strong>scrip-</strong></span> 
     </span>
     <span class='ocr_line' id='line_1_8' title="bbox 313 952 2272 1040; baseline -0.004 -17"><span class='ocrx_word' id='word_1_34' title='bbox 313 958 401 1023; x_wconf 89' lang='lat' dir='ltr'><strong>tis</strong></span> <span class='ocrx_word' id='word_1_35' title='bbox 435 955 627 1040; x_wconf 86' lang='lat' dir='ltr'><strong>quasi</strong></span> <span class='ocrx_word' id='word_1_36' title='bbox 669 975 902 1038; x_wconf 86' lang='lat' dir='ltr'><strong>aquam</strong></span> <span class='ocrx_word' id='word_1_37' title='bbox 950 952 1327 1018; x_wconf 83' lang='lat' dir='ltr'><strong>suffundere</strong></span> <span class='ocrx_word' id='word_1_38' title='bbox 1372 952 1818 1019; x_wconf 78' lang='lat' dir='ltr'><strong>abstinuisses,</strong></span> <span class='ocrx_word' id='word_1_39' title='bbox 1878 954 2076 1032; x_wconf 80' lang='lat' dir='ltr'><strong>Tuae,</strong></span> <span class='ocrx_word' id='word_1_40' title='bbox 2121 959 2272 1016; x_wconf 91' lang='lat' dir='ltr'><strong>tuae</strong></span> 
     </span>
     <span class='ocr_line' id='line_1_9' title="bbox 313 1038 2272 1121; baseline -0.003 -13"><span class='ocrx_word' id='word_1_41' title='bbox 313 1044 543 1108; x_wconf 90' lang='lat' dir='ltr'><strong>literae</strong></span> <span class='ocrx_word' id='word_1_42' title='bbox 583 1042 860 1107; x_wconf 80' lang='lat' dir='ltr'><strong>fuerunt</strong></span> <span class='ocrx_word' id='word_1_43' title='bbox 892 1039 1021 1104; x_wconf 90' lang='lat' dir='ltr'><strong>illis</strong></span> <span class='ocrx_word' id='word_1_44' title='bbox 1065 1040 1276 1103; x_wconf 85' lang='lat' dir='ltr'><strong>instar</strong></span> <span class='ocrx_word' id='word_1_45' title='bbox 1296 1039 1606 1104; x_wconf 88' lang='lat' dir='ltr'><strong>Herculis</strong></span> <span class='ocrx_word' id='word_1_46' title='bbox 1649 1038 1837 1104; x_wconf 81' lang='lat' dir='ltr'><strong>clava</strong></span> <span class='ocrx_word' id='word_1_47' title='bbox 1872 1059 2001 1121; x_wconf 88' lang='lat' dir='ltr'><strong>qua</strong></span> <span class='ocrx_word' id='word_1_48' title='bbox 2046 1057 2272 1103; x_wconf 86' lang='lat' dir='ltr'><strong>omnes</strong></span> 
     </span>
     <span class='ocr_line' id='line_1_10' title="bbox 316 1123 2272 1211; baseline -0.004 -16"><span class='ocrx_word' id='word_1_49' title='bbox 316 1150 456 1196; x_wconf 86' lang='lat' dir='ltr'><strong>sese</strong></span> <span class='ocrx_word' id='word_1_50' title='bbox 478 1138 893 1211; x_wconf 77' lang='lat' dir='ltr'><strong>prosternere</strong></span> <span class='ocrx_word' id='word_1_51' title='bbox 927 1147 1119 1209; x_wconf 89' lang='lat' dir='ltr'><strong>posse</strong></span> <span class='ocrx_word' id='word_1_52' title='bbox 1163 1125 1354 1191; x_wconf 87' lang='lat' dir='ltr'><strong>facile</strong></span> <span class='ocrx_word' id='word_1_53' title='bbox 1397 1123 1832 1190; x_wconf 89' lang='lat' dir='ltr'><strong>confidebant.</strong></span> <span class='ocrx_word' id='word_1_54' title='bbox 1893 1128 1991 1189; x_wconf 84' lang='lat' dir='ltr'><strong>Ac</strong></span> <span class='ocrx_word' id='word_1_55' title='bbox 2036 1124 2272 1188; x_wconf 88' lang='lat' dir='ltr'><strong>merito</strong></span> 
     </span>
     <span class='ocr_line' id='line_1_11' title="bbox 314 1209 2272 1298; baseline -0.003 -19"><span class='ocrx_word' id='word_1_56' title='bbox 314 1213 579 1298; x_wconf 89' lang='lat' dir='ltr'><strong>quidem</strong></span> <span class='ocrx_word' id='word_1_57' title='bbox 635 1224 823 1278; x_wconf 89' lang='lat' dir='ltr'><strong>tuum</strong></span> <span class='ocrx_word' id='word_1_58' title='bbox 867 1232 1109 1276; x_wconf 90' lang='lat' dir='ltr'><strong>nomen</strong></span> <span class='ocrx_word' id='word_1_59' title='bbox 1171 1221 1237 1276; x_wconf 91' lang='lat' dir='ltr'><strong>et</strong></span> <span class='ocrx_word' id='word_1_60' title='bbox 1293 1209 1467 1294; x_wconf 91' lang='lat' dir='ltr'><strong>apud</strong></span> <span class='ocrx_word' id='word_1_61' title='bbox 1525 1231 1648 1276; x_wconf 90' lang='lat' dir='ltr'><strong>nos</strong></span> <span class='ocrx_word' id='word_1_62' title='bbox 1706 1220 1772 1276; x_wconf 92' lang='lat' dir='ltr'><strong>et</strong></span> <span class='ocrx_word' id='word_1_63' title='bbox 1828 1210 2001 1294; x_wconf 92' lang='lat' dir='ltr'><strong>apud</strong></span> <span class='ocrx_word' id='word_1_64' title='bbox 2046 1230 2272 1274; x_wconf 90' lang='lat' dir='ltr'><strong>omnes</strong></span> 
     </span>
     <span class='ocr_line' id='line_1_12' title="bbox 314 1294 2270 1385; baseline -0.004 -19"><span class='ocrx_word' id='word_1_65' title='bbox 314 1301 455 1385; x_wconf 91' lang='lat' dir='ltr'><strong>pios</strong></span> <span class='ocrx_word' id='word_1_66' title='bbox 502 1300 866 1384; x_wconf 88' lang='lat' dir='ltr'><strong>gratiosum</strong></span> <span class='ocrx_word' id='word_1_67' title='bbox 910 1318 1053 1363; x_wconf 87' lang='lat' dir='ltr'><strong>esse</strong></span> <span class='ocrx_word' id='word_1_68' title='bbox 1098 1294 1306 1363; x_wconf 80' lang='lat' dir='ltr'><strong>debet.</strong></span> <span class='ocrx_word' id='word_1_69' title='bbox 1387 1297 1638 1361; x_wconf 86' lang='lat' dir='ltr'><strong>Verum</strong></span> <span class='ocrx_word' id='word_1_70' title='bbox 1677 1297 1734 1362; x_wconf 91' lang='lat' dir='ltr'><strong>si</strong></span> <span class='ocrx_word' id='word_1_71' title='bbox 1789 1296 1991 1380; x_wconf 88' lang='lat' dir='ltr'><strong>probe</strong></span> <span class='ocrx_word' id='word_1_72' title='bbox 2049 1295 2270 1379; x_wconf 89' lang='lat' dir='ltr'><strong>cogni-</strong></span> 
     </span>
     <span class='ocr_line' id='line_1_13' title="bbox 315 1380 2270 1466; baseline -0.003 -14"><span class='ocrx_word' id='word_1_73' title='bbox 315 1396 420 1452; x_wconf 85' lang='lat' dir='ltr'><strong>tae</strong></span> <span class='ocrx_word' id='word_1_74' title='bbox 463 1386 586 1451; x_wconf 90' lang='lat' dir='ltr'><strong>tibi</strong></span> <span class='ocrx_word' id='word_1_75' title='bbox 627 1385 914 1450; x_wconf 84' lang='lat' dir='ltr'><strong>fuissent</strong></span> <span class='ocrx_word' id='word_1_76' title='bbox 956 1384 1221 1448; x_wconf 85' lang='lat' dir='ltr'><strong>illorum</strong></span> <span class='ocrx_word' id='word_1_77' title='bbox 1266 1383 1561 1461; x_wconf 77' lang='lat' dir='ltr'><strong>technae,</strong></span> <span class='ocrx_word' id='word_1_78' title='bbox 1605 1384 1660 1449; x_wconf 93' lang='lat' dir='ltr'><strong>si</strong></span> <span class='ocrx_word' id='word_1_79' title='bbox 1697 1384 1859 1448; x_wconf 88' lang='lat' dir='ltr'><strong>satis</strong></span> <span class='ocrx_word' id='word_1_80' title='bbox 1903 1380 2270 1466; x_wconf 84' lang='lat' dir='ltr'><strong>perspexis-</strong></span> 
     </span>
     <span class='ocr_line' id='line_1_14' title="bbox 316 1467 2272 1551; baseline -0.004 -13"><span class='ocrx_word' id='word_1_81' title='bbox 316 1494 420 1538; x_wconf 87' lang='lat' dir='ltr'><strong>ses</strong></span> <span class='ocrx_word' id='word_1_82' title='bbox 463 1471 801 1537; x_wconf 89' lang='lat' dir='ltr'><strong>audaciam</strong></span> <span class='ocrx_word' id='word_1_83' title='bbox 847 1480 913 1534; x_wconf 86' lang='lat' dir='ltr'><strong>et</strong></span> <span class='ocrx_word' id='word_1_84' title='bbox 969 1469 1263 1551; x_wconf 87' lang='lat' dir='ltr'><strong>improba</strong></span> <span class='ocrx_word' id='word_1_85' title='bbox 1321 1469 1604 1545; x_wconf 90' lang='lat' dir='ltr'><strong>consilia,</strong></span> <span class='ocrx_word' id='word_1_86' title='bbox 1627 1470 1686 1551; x_wconf 77' lang='lat'><strong>⁵)</strong></span> <span class='ocrx_word' id='word_1_87' title='bbox 1745 1468 1840 1533; x_wconf 90' lang='lat' dir='ltr'><strong>nil</strong></span> <span class='ocrx_word' id='word_1_88' title='bbox 1896 1467 2272 1532; x_wconf 83' lang='lat' dir='ltr'><strong>dubitamus</strong></span> 
     </span>
     <span class='ocr_line' id='line_1_15' title="bbox 316 1553 2271 1642; baseline -0.004 -19"><span class='ocrx_word' id='word_1_89' title='bbox 316 1559 476 1642; x_wconf 90' lang='lat' dir='ltr'><strong>quin</strong></span> <span class='ocrx_word' id='word_1_90' title='bbox 521 1557 669 1622; x_wconf 88' lang='lat' dir='ltr'><strong>illos</strong></span> <span class='ocrx_word' id='word_1_91' title='bbox 735 1577 1070 1637; x_wconf 85' lang='lat' dir='ltr'><strong>nunquam</strong></span> <span class='ocrx_word' id='word_1_92' title='bbox 1129 1576 1362 1638; x_wconf 90' lang='lat' dir='ltr'><strong>passus</strong></span> <span class='ocrx_word' id='word_1_93' title='bbox 1420 1554 1654 1620; x_wconf 87' lang='lat' dir='ltr'><strong>fuisses</strong></span> <span class='ocrx_word' id='word_1_94' title='bbox 1720 1553 1803 1619; x_wconf 89' lang='lat' dir='ltr'><strong>ad</strong></span> <span class='ocrx_word' id='word_1_95' title='bbox 1870 1562 1935 1619; x_wconf 90' lang='lat' dir='ltr'><strong>te</strong></span> <span class='ocrx_word' id='word_1_96' title='bbox 1999 1553 2271 1636; x_wconf 90' lang='lat' dir='ltr'><strong>propius</strong></span> 
     </span>
     <span class='ocr_line' id='line_1_16' title="bbox 317 1640 2270 1724; baseline -0.005 -14"><span class='ocrx_word' id='word_1_97' title='bbox 317 1643 644 1720; x_wconf 76' lang='lat' dir='ltr'><strong>accedere,</strong></span> <span class='ocrx_word' id='word_1_98' title='bbox 690 1641 932 1707; x_wconf 90' lang='lat' dir='ltr'><strong>nedum</strong></span> <span class='ocrx_word' id='word_1_99' title='bbox 979 1652 1112 1705; x_wconf 88' lang='lat' dir='ltr'><strong>tam</strong></span> <span class='ocrx_word' id='word_1_100' title='bbox 1157 1650 1383 1723; x_wconf 89' lang='lat' dir='ltr'><strong>aperte</strong></span> <span class='ocrx_word' id='word_1_101' title='bbox 1428 1641 1545 1707; x_wconf 89' lang='lat' dir='ltr'><strong>tibi</strong></span> <span class='ocrx_word' id='word_1_102' title='bbox 1602 1641 1790 1724; x_wconf 90' lang='lat' dir='ltr'><strong>quasi</strong></span> <span class='ocrx_word' id='word_1_103' title='bbox 1844 1661 1917 1705; x_wconf 89' lang='lat' dir='ltr'><strong>os</strong></span> <span class='ocrx_word' id='word_1_104' title='bbox 1961 1640 2270 1705; x_wconf 89' lang='lat' dir='ltr'><strong>oblinere.</strong></span> 
     </span>
     <span class='ocr_line' id='line_1_17' title="bbox 314 1724 2273 1813; baseline -0.004 -18"><span class='ocrx_word' id='word_1_105' title='bbox 314 1730 451 1797; x_wconf 86' lang='lat' dir='ltr'><strong>Nos</strong></span> <span class='ocrx_word' id='word_1_106' title='bbox 495 1728 757 1813; x_wconf 90' lang='lat' dir='ltr'><strong>quidem</strong></span> <span class='ocrx_word' id='word_1_107' title='bbox 804 1736 978 1794; x_wconf 88' lang='lat' dir='ltr'><strong>certe</strong></span> <span class='ocrx_word' id='word_1_108' title='bbox 1024 1725 1104 1791; x_wconf 93' lang='lat' dir='ltr'><strong>do</strong></span> <span class='ocrx_word' id='word_1_109' title='bbox 1148 1740 1265 1791; x_wconf 91' lang='lat' dir='ltr'><strong>tuo</strong></span> <span class='ocrx_word' id='word_1_110' title='bbox 1309 1726 1592 1792; x_wconf 91' lang='lat' dir='ltr'><strong>candore</strong></span> <span class='ocrx_word' id='word_1_111' title='bbox 1646 1727 2115 1809; x_wconf 84' lang='lat' dir='ltr'><strong>aequitateque,</strong></span> <span class='ocrx_word' id='word_1_112' title='bbox 2160 1724 2273 1789; x_wconf 89' lang='lat' dir='ltr'><strong>ubi</strong></span> 
     </span>
     <span class='ocr_line' id='line_1_18' title="bbox 315 1809 2272 1896; baseline -0.003 -15"><span class='ocrx_word' id='word_1_113' title='bbox 315 1837 421 1881; x_wconf 89' lang='lat' dir='ltr'><strong>res</strong></span> <span class='ocrx_word' id='word_1_114' title='bbox 463 1823 727 1881; x_wconf 88' lang='lat' dir='ltr'><strong>nostrae</strong></span> <span class='ocrx_word' id='word_1_115' title='bbox 772 1813 890 1878; x_wconf 86' lang='lat' dir='ltr'><strong>tibi</strong></span> <span class='ocrx_word' id='word_1_116' title='bbox 932 1814 1092 1879; x_wconf 84' lang='lat' dir='ltr'><strong>satis</strong></span> <span class='ocrx_word' id='word_1_117' title='bbox 1137 1822 1514 1896; x_wconf 79' lang='lat' dir='ltr'><strong>perspectae</strong></span> <span class='ocrx_word' id='word_1_118' title='bbox 1557 1812 1818 1885; x_wconf 86' lang='lat' dir='ltr'><strong>fuerint,</strong></span> <span class='ocrx_word' id='word_1_119' title='bbox 1880 1822 2073 1894; x_wconf 88' lang='lat' dir='ltr'><strong>atque</strong></span> <span class='ocrx_word' id='word_1_120' title='bbox 2126 1809 2272 1875; x_wconf 85' lang='lat' dir='ltr'><strong>illo-</strong></span> 
     </span>
     <span class='ocr_line' id='line_1_19' title="bbox 314 1897 2274 1983; baseline -0.003 -16"><span class='ocrx_word' id='word_1_121' title='bbox 314 1923 467 1967; x_wconf 89' lang='lat' dir='ltr'><strong>rum</strong></span> <span class='ocrx_word' id='word_1_122' title='bbox 546 1910 723 1966; x_wconf 84' lang='lat' dir='ltr'><strong>artes</strong></span> <span class='ocrx_word' id='word_1_123' title='bbox 801 1900 1195 1983; x_wconf 82' lang='lat' dir='ltr'><strong>patefactae,</strong></span> <span class='ocrx_word' id='word_1_124' title='bbox 1273 1897 1626 1982; x_wconf 89' lang='lat' dir='ltr'><strong>quidquam</strong></span> <span class='ocrx_word' id='word_1_125' title='bbox 1708 1897 2008 1963; x_wconf 89' lang='lat' dir='ltr'><strong>dubitare</strong></span> <span class='ocrx_word' id='word_1_126' title='bbox 2090 1898 2274 1963; x_wconf 88' lang='lat' dir='ltr'><strong>nefas</strong></span> 
     </span>
     <span class='ocr_line' id='line_1_20' title="bbox 315 1984 2274 2066; baseline -0.004 -12"><span class='ocrx_word' id='word_1_127' title='bbox 315 2010 456 2054; x_wconf 83' lang='grc'><strong>6886</strong></span> <span class='ocrx_word' id='word_1_128' title='bbox 502 1986 817 2053; x_wconf 88' lang='lat' dir='ltr'><strong>ducimus.</strong></span> <span class='ocrx_word' id='word_1_129' title='bbox 896 1985 1044 2051; x_wconf 84' lang='lat' dir='ltr'><strong>Etsi</strong></span> <span class='ocrx_word' id='word_1_130' title='bbox 1092 1992 1310 2049; x_wconf 88' lang='lat' dir='ltr'><strong>autem</strong></span> <span class='ocrx_word' id='word_1_131' title='bbox 1355 1984 1584 2049; x_wconf 88' lang='lat' dir='ltr'><strong>literae</strong></span> <span class='ocrx_word' id='word_1_132' title='bbox 1641 1994 1794 2048; x_wconf 88' lang='lat' dir='ltr'><strong>tuae</strong></span> <span class='ocrx_word' id='word_1_133' title='bbox 1852 2005 1978 2048; x_wconf 91' lang='lat' dir='ltr'><strong>non</strong></span> <span class='ocrx_word' id='word_1_134' title='bbox 2040 2004 2274 2066; x_wconf 84' lang='lat' dir='ltr'><strong>pamm</strong></span> 
     </span>
     <span class='ocr_line' id='line_1_21' title="bbox 317 2069 2274 2153; baseline -0.004 -13"><span class='ocrx_word' id='word_1_135' title='bbox 317 2074 504 2140; x_wconf 88' lang='lat' dir='ltr'><strong>nobis</strong></span> <span class='ocrx_word' id='word_1_136' title='bbox 526 2081 684 2139; x_wconf 89' lang='lat' dir='ltr'><strong>sunt</strong></span> <span class='ocrx_word' id='word_1_137' title='bbox 724 2072 1055 2149; x_wconf 87' lang='lat' dir='ltr'><strong>molestae,</strong></span> <span class='ocrx_word' id='word_1_138' title='bbox 1115 2069 1290 2153; x_wconf 91' lang='lat' dir='ltr'><strong>quod</strong></span> <span class='ocrx_word' id='word_1_139' title='bbox 1357 2080 1689 2135; x_wconf 89' lang='lat' dir='ltr'><strong>tantorum</strong></span> <span class='ocrx_word' id='word_1_140' title='bbox 1748 2069 2099 2135; x_wconf 89' lang='lat' dir='ltr'><strong>criminum</strong></span> <span class='ocrx_word' id='word_1_141' title='bbox 2155 2089 2274 2132; x_wconf 92' lang='lat' dir='ltr'><strong>nos</strong></span> 
     </span>
     <span class='ocr_line' id='line_1_22' title="bbox 317 2155 2275 2241; baseline -0.004 -16"><span class='ocrx_word' id='word_1_142' title='bbox 317 2169 546 2226; x_wconf 88' lang='lat' dir='ltr'><strong>notare</strong></span> <span class='ocrx_word' id='word_1_143' title='bbox 604 2179 877 2241; x_wconf 91' lang='lat' dir='ltr'><strong>reosque</strong></span> <span class='ocrx_word' id='word_1_144' title='bbox 934 2156 1150 2222; x_wconf 84' lang='lat' dir='ltr'><strong>facere</strong></span> <span class='ocrx_word' id='word_1_145' title='bbox 1216 2155 1588 2230; x_wconf 82' lang='lat' dir='ltr'><strong>videantur,</strong></span> <span class='ocrx_word' id='word_1_146' title='bbox 1655 2175 1997 2238; x_wconf 87' lang='lat' dir='ltr'><strong>speramus</strong></span> <span class='ocrx_word' id='word_1_147' title='bbox 2051 2166 2275 2219; x_wconf 87' lang='lat' dir='ltr'><strong>tamen</strong></span> 
     </span>
     <span class='ocr_line' id='line_1_23' title="bbox 317 2241 2272 2326; baseline -0.004 -14"><span class='ocrx_word' id='word_1_148' title='bbox 317 2247 594 2312; x_wconf 86' lang='lat' dir='ltr'><strong>alteram</strong></span> <span class='ocrx_word' id='word_1_149' title='bbox 639 2253 821 2310; x_wconf 86' lang='lat' dir='ltr'><strong>tuam</strong></span> <span class='ocrx_word' id='word_1_150' title='bbox 868 2264 1094 2309; x_wconf 86' lang='lat' dir='ltr'><strong>aurem</strong></span> <span class='ocrx_word' id='word_1_151' title='bbox 1152 2251 1416 2307; x_wconf 89' lang='lat' dir='ltr'><strong>nostrae</strong></span> <span class='ocrx_word' id='word_1_152' title='bbox 1461 2242 1870 2326; x_wconf 86' lang='lat' dir='ltr'><strong>responsioni</strong></span> <span class='ocrx_word' id='word_1_153' title='bbox 1925 2241 2272 2305; x_wconf 81' lang='lat' dir='ltr'><strong>reservari.</strong></span> 
     </span>
     <span class='ocr_line' id='line_1_24' title="bbox 314 2328 1836 2413; baseline -0.005 -16"><span class='ocrx_word' id='word_1_154' title='bbox 314 2332 425 2397; x_wconf 81' lang='lat' dir='ltr'><strong>Ad</strong></span> <span class='ocrx_word' id='word_1_155' title='bbox 467 2331 697 2396; x_wconf 88' lang='lat' dir='ltr'><strong>literas</strong></span> <span class='ocrx_word' id='word_1_156' title='bbox 741 2349 900 2413; x_wconf 88' lang='lat' dir='ltr'><strong>ergo</strong></span> <span class='ocrx_word' id='word_1_157' title='bbox 945 2340 1092 2393; x_wconf 88' lang='lat' dir='ltr'><strong>tuas</strong></span> <span class='ocrx_word' id='word_1_158' title='bbox 1137 2328 1299 2393; x_wconf 89' lang='lat' dir='ltr'><strong>haec</strong></span> <span class='ocrx_word' id='word_1_159' title='bbox 1342 2348 1550 2410; x_wconf 89' lang='lat' dir='ltr'><strong>pauca</strong></span> <span class='ocrx_word' id='word_1_160' title='bbox 1599 2328 1836 2410; x_wconf 87' lang='lat' dir='ltr'><strong>accipe.</strong></span> 
     </span>
    </p>

    <p class='ocr_par' dir='ltr' id='par_1_5' title="bbox 315 2414 2284 5081">
     <span class='ocr_line' id='line_1_25' title="bbox 489 2414 2275 2500; baseline -0.003 -19"><span class='ocrx_word' id='word_1_161' title='bbox 489 2416 628 2482; x_wconf 85' lang='lat' dir='ltr'><strong>Nos</strong></span> <span class='ocrx_word' id='word_1_162' title='bbox 681 2416 973 2500; x_wconf 90' lang='lat' dir='ltr'><strong>praecise</strong></span> <span class='ocrx_word' id='word_1_163' title='bbox 1039 2416 1484 2480; x_wconf 89' lang='lat' dir='ltr'><strong>caeremonias</strong></span> <span class='ocrx_word' id='word_1_164' title='bbox 1549 2414 1839 2497; x_wconf 88' lang='lat' dir='ltr'><strong>anglicas</strong></span> <span class='ocrx_word' id='word_1_165' title='bbox 1898 2433 2136 2496; x_wconf 87' lang='lat' dir='ltr'><strong>urgere</strong></span> <span class='ocrx_word' id='word_1_166' title='bbox 2209 2420 2275 2476; x_wconf 89' lang='lat' dir='ltr'><strong>et</strong></span> 
     </span>
     <span class='ocr_line' id='line_1_26' title="bbox 315 2499 2270 2588; baseline -0.003 -20"><span class='ocrx_word' id='word_1_167' title='bbox 315 2503 570 2588; x_wconf 80' lang='lat' dir='ltr'><strong>patriae</strong></span> <span class='ocrx_word' id='word_1_168' title='bbox 623 2502 773 2585; x_wconf 90' lang='lat' dir='ltr'><strong>plus</strong></span> <span class='ocrx_word' id='word_1_169' title='bbox 828 2522 1034 2585; x_wconf 88' lang='lat' dir='ltr'><strong>aequo</strong></span> <span class='ocrx_word' id='word_1_170' title='bbox 1086 2500 1380 2565; x_wconf 85' lang='lat' dir='ltr'><strong>addictos</strong></span> <span class='ocrx_word' id='word_1_171' title='bbox 1439 2522 1598 2578; x_wconf 86' lang='lat' dir='ltr'><strong>esse,</strong></span> <span class='ocrx_word' id='word_1_172' title='bbox 1625 2504 1677 2570; x_wconf 81' lang='lat'><strong>⁸)</strong></span> <span class='ocrx_word' id='word_1_173' title='bbox 1734 2500 1923 2565; x_wconf 90' lang='lat' dir='ltr'><strong>amici</strong></span> <span class='ocrx_word' id='word_1_174' title='bbox 1985 2499 2089 2562; x_wconf 90' lang='lat' dir='ltr'><strong>isti</strong></span> <span class='ocrx_word' id='word_1_175' title='bbox 2172 2499 2270 2562; x_wconf 88' lang='lat' dir='ltr'><strong>tui</strong></span> 
     </span>
     <span class='ocr_line' id='line_1_27' title="bbox 317 2581 2274 2673; baseline -0.003 -19"><span class='ocrx_word' id='word_1_176' title='bbox 317 2597 704 2673; x_wconf 90' lang='lat' dir='ltr'><strong>queruntur.</strong></span> <span class='ocrx_word' id='word_1_177' title='bbox 794 2587 1258 2652; x_wconf 76' lang='lat' dir='ltr'><strong>caeremonias</strong></span> <span class='ocrx_word' id='word_1_178' title='bbox 1301 2585 1566 2668; x_wconf 90' lang='lat' dir='ltr'><strong>quidem</strong></span> <span class='ocrx_word' id='word_1_179' title='bbox 1611 2586 1903 2671; x_wconf 86' lang='lat' dir='ltr'><strong>anglicas</strong></span> <span class='ocrx_word' id='word_1_180' title='bbox 1945 2581 2274 2649; x_wconf 88' lang='lat' dir='ltr'><strong>mordicus</strong></span> 
     </span>
     <span class='ocr_line' id='line_1_28' title="bbox 315 2669 2273 2757; baseline -0.004 -17"><span class='ocrx_word' id='word_1_181' title='bbox 315 2676 701 2753; x_wconf 80' lang='lat' dir='ltr'><strong>retinemus,</strong></span> <span class='ocrx_word' id='word_1_182' title='bbox 747 2693 949 2757; x_wconf 89' lang='lat' dir='ltr'><strong>quum</strong></span> <span class='ocrx_word' id='word_1_183' title='bbox 991 2673 1273 2737; x_wconf 80' lang='lat' dir='ltr'><strong>sciamus</strong></span> <span class='ocrx_word' id='word_1_184' title='bbox 1318 2670 1508 2736; x_wconf 82' lang='lat' dir='ltr'><strong>valde</strong></span> <span class='ocrx_word' id='word_1_185' title='bbox 1552 2692 1695 2736; x_wconf 91' lang='lat' dir='ltr'><strong>esse</strong></span> <span class='ocrx_word' id='word_1_186' title='bbox 1736 2671 1898 2755; x_wconf 90' lang='lat' dir='ltr'><strong>pias.</strong></span> <span class='ocrx_word' id='word_1_187' title='bbox 1968 2669 2273 2735; x_wconf 88' lang='lat' dir='ltr'><strong>Praecise</strong></span> 
     </span>
     <span class='ocr_line' id='line_1_29' title="bbox 317 2758 2273 2842; baseline -0.004 -16"><span class='ocrx_word' id='word_1_188' title='bbox 317 2770 539 2827; x_wconf 89' lang='lat' dir='ltr'><strong>tamen</strong></span> <span class='ocrx_word' id='word_1_189' title='bbox 588 2760 713 2825; x_wconf 89' lang='lat' dir='ltr'><strong>hoc</strong></span> <span class='ocrx_word' id='word_1_190' title='bbox 755 2779 795 2824; x_wconf 90' lang='lat' dir='ltr'><strong>a</strong></span> <span class='ocrx_word' id='word_1_191' title='bbox 827 2759 1015 2824; x_wconf 89' lang='lat' dir='ltr'><strong>nobis</strong></span> <span class='ocrx_word' id='word_1_192' title='bbox 1038 2778 1376 2842; x_wconf 89' lang='lat' dir='ltr'><strong>nunquam</strong></span> <span class='ocrx_word' id='word_1_193' title='bbox 1411 2758 1655 2823; x_wconf 86' lang='lat' dir='ltr'><strong>factum</strong></span> <span class='ocrx_word' id='word_1_194' title='bbox 1698 2766 1817 2837; x_wconf 90' lang='lat' dir='ltr'><strong>est,</strong></span> <span class='ocrx_word' id='word_1_195' title='bbox 1862 2777 2061 2840; x_wconf 91' lang='lat' dir='ltr'><strong>quum</strong></span> <span class='ocrx_word' id='word_1_196' title='bbox 2109 2776 2273 2820; x_wconf 89' lang='lat' dir='ltr'><strong>non·</strong></span> 
     </span>
     <span class='ocr_line' id='line_1_30' title="bbox 317 2842 2274 2928; baseline -0.004 -16"><span class='ocrx_word' id='word_1_197' title='bbox 317 2847 538 2913; x_wconf 86' lang='lat' dir='ltr'><strong>nullas</strong></span> <span class='ocrx_word' id='word_1_198' title='bbox 585 2847 656 2910; x_wconf 90' lang='lat' dir='ltr'><strong>in</strong></span> <span class='ocrx_word' id='word_1_199' title='bbox 716 2846 1069 2911; x_wconf 86' lang='lat' dir='ltr'><strong>amicorum</strong></span> <span class='ocrx_word' id='word_1_200' title='bbox 1139 2854 1403 2909; x_wconf 88' lang='lat' dir='ltr'><strong>tuorum</strong></span> <span class='ocrx_word' id='word_1_201' title='bbox 1457 2844 1741 2928; x_wconf 83' lang='lat' dir='ltr'><strong>gratiam</strong></span> <span class='ocrx_word' id='word_1_202' title='bbox 1801 2842 2274 2908; x_wconf 89' lang='lat' dir='ltr'><strong>resecuerimus</strong></span> 
     </span>
     <span class='ocr_line' id='line_1_31' title="bbox 318 2926 2275 3017; baseline -0.004 -18"><span class='ocrx_word' id='word_1_203' title='bbox 318 2954 490 3017; x_wconf 90' lang='lat' dir='ltr'><strong>quae</strong></span> <span class='ocrx_word' id='word_1_204' title='bbox 542 2941 765 2997; x_wconf 85' lang='lat' dir='ltr'><strong>tamen</strong></span> <span class='ocrx_word' id='word_1_205' title='bbox 832 2931 939 3013; x_wconf 93' lang='lat' dir='ltr'><strong>pie</strong></span> <span class='ocrx_word' id='word_1_206' title='bbox 995 2931 1299 3013; x_wconf 90' lang='lat' dir='ltr'><strong>usurpari</strong></span> <span class='ocrx_word' id='word_1_207' title='bbox 1359 2930 1742 3013; x_wconf 87' lang='lat' dir='ltr'><strong>potuissent.</strong></span> <span class='ocrx_word' id='word_1_208' title='bbox 1830 2926 1965 2994; x_wconf 79' lang='lat' dir='ltr'><strong>Sed</strong></span> <span class='ocrx_word' id='word_1_209' title='bbox 2022 2928 2275 3012; x_wconf 88' lang='lat' dir='ltr'><strong>patriae</strong></span> 
     </span>
     <span class='ocr_line' id='line_1_32' title="bbox 318 3014 2274 3100; baseline -0.004 -15"><span class='ocrx_word' id='word_1_210' title='bbox 318 3020 527 3085; x_wconf 87' lang='lat' dir='ltr'><strong>amori</strong></span> <span class='ocrx_word' id='word_1_211' title='bbox 572 3018 697 3083; x_wconf 89' lang='lat' dir='ltr'><strong>hoc</strong></span> <span class='ocrx_word' id='word_1_212' title='bbox 743 3016 997 3093; x_wconf 89' lang='lat' dir='ltr'><strong>damus,</strong></span> <span class='ocrx_word' id='word_1_213' title='bbox 1043 3038 1240 3100; x_wconf 89' lang='lat' dir='ltr'><strong>quum</strong></span> <span class='ocrx_word' id='word_1_214' title='bbox 1289 3014 1386 3079; x_wconf 89' lang='lat' dir='ltr'><strong>illi</strong></span> <span class='ocrx_word' id='word_1_215' title='bbox 1430 3015 1681 3081; x_wconf 90' lang='lat' dir='ltr'><strong>scilicet</strong></span> <span class='ocrx_word' id='word_1_216' title='bbox 1722 3014 2003 3079; x_wconf 90' lang='lat' dir='ltr'><strong>nimium</strong></span> <span class='ocrx_word' id='word_1_217' title='bbox 2065 3014 2274 3079; x_wconf 91' lang='lat' dir='ltr'><strong>simus</strong></span> 
     </span>
     <span class='ocr_line' id='line_1_33' title="bbox 320 3097 2271 3187; baseline -0.004 -15"><span class='ocrx_word' id='word_1_218' title='bbox 320 3105 582 3172; x_wconf 88' lang='lat' dir='ltr'><strong>addicti.</strong></span> <span class='ocrx_word' id='word_1_219' title='bbox 673 3105 797 3170; x_wconf 83' lang='lat' dir='ltr'><strong>Tui</strong></span> <span class='ocrx_word' id='word_1_220' title='bbox 841 3103 1106 3187; x_wconf 91' lang='lat' dir='ltr'><strong>quidem</strong></span> <span class='ocrx_word' id='word_1_221' title='bbox 1167 3104 1278 3168; x_wconf 91' lang='lat' dir='ltr'><strong>isti</strong></span> <span class='ocrx_word' id='word_1_222' title='bbox 1330 3103 1583 3187; x_wconf 87' lang='lat' dir='ltr'><strong>patriae</strong></span> <span class='ocrx_word' id='word_1_223' title='bbox 1636 3114 1792 3167; x_wconf 88' lang='lat' dir='ltr'><strong>sunt</strong></span> <span class='ocrx_word' id='word_1_224' title='bbox 1847 3101 2114 3166; x_wconf 91' lang='lat' dir='ltr'><strong>omnino</strong></span> <span class='ocrx_word' id='word_1_225' title='bbox 2161 3097 2271 3164; x_wconf 91' lang='lat' dir='ltr'><strong>de-</strong></span> 
     </span>
     <span class='ocr_line' id='line_1_34' title="bbox 321 3185 2273 3273; baseline -0.003 -17"><span class='ocrx_word' id='word_1_226' title='bbox 321 3191 560 3271; x_wconf 88' lang='lat' dir='ltr'><strong>decori,</strong></span> <span class='ocrx_word' id='word_1_227' title='bbox 602 3192 715 3273; x_wconf 91' lang='lat' dir='ltr'><strong>qui</strong></span> <span class='ocrx_word' id='word_1_228' title='bbox 758 3189 1077 3273; x_wconf 91' lang='lat' dir='ltr'><strong>quidquid</strong></span> <span class='ocrx_word' id='word_1_229' title='bbox 1122 3189 1191 3253; x_wconf 89' lang='lat' dir='ltr'><strong>in</strong></span> <span class='ocrx_word' id='word_1_230' title='bbox 1236 3188 1518 3272; x_wconf 89' lang='lat' dir='ltr'><strong>patriam</strong></span> <span class='ocrx_word' id='word_1_231' title='bbox 1566 3187 1690 3253; x_wconf 88' lang='lat' dir='ltr'><strong>hac</strong></span> <span class='ocrx_word' id='word_1_232' title='bbox 1729 3187 1801 3252; x_wconf 90' lang='lat' dir='ltr'><strong>in</strong></span> <span class='ocrx_word' id='word_1_233' title='bbox 1848 3208 2045 3253; x_wconf 87' lang='lat' dir='ltr'><strong>causa</strong></span> <span class='ocrx_word' id='word_1_234' title='bbox 2107 3185 2273 3251; x_wconf 83' lang='lat' dir='ltr'><strong>divi·</strong></span> 
     </span>
     <span class='ocr_line' id='line_1_35' title="bbox 318 3272 2274 3359; baseline -0.004 -14"><span class='ocrx_word' id='word_1_235' title='bbox 318 3279 503 3344; x_wconf 87' lang='lat' dir='ltr'><strong>nitus</strong></span> <span class='ocrx_word' id='word_1_236' title='bbox 527 3277 838 3345; x_wconf 89' lang='lat' dir='ltr'><strong>collatum</strong></span> <span class='ocrx_word' id='word_1_237' title='bbox 860 3284 962 3342; x_wconf 87' lang='lat' dir='ltr'><strong>est</strong></span> <span class='ocrx_word' id='word_1_238' title='bbox 998 3284 1182 3340; x_wconf 88' lang='lat' dir='ltr'><strong>tanta</strong></span> <span class='ocrx_word' id='word_1_239' title='bbox 1203 3276 1599 3359; x_wconf 85' lang='lat' dir='ltr'><strong>arrogantia,</strong></span> <span class='ocrx_word' id='word_1_240' title='bbox 1629 3294 1712 3339; x_wconf 92' lang='lat' dir='ltr'><strong>ne</strong></span> <span class='ocrx_word' id='word_1_241' title='bbox 1744 3273 2035 3339; x_wconf 87' lang='lat' dir='ltr'><strong>dicamus</strong></span> <span class='ocrx_word' id='word_1_242' title='bbox 2060 3272 2274 3356; x_wconf 88' lang='lat' dir='ltr'><strong>impu-</strong></span> 
     </span>
     <span class='ocr_line' id='line_1_36' title="bbox 320 3358 2274 3443; baseline -0.004 -14"><span class='ocrx_word' id='word_1_243' title='bbox 320 3364 561 3441; x_wconf 85' lang='lat' dir='ltr'><strong>dentia,</strong></span> <span class='ocrx_word' id='word_1_244' title='bbox 608 3362 1010 3429; x_wconf 88' lang='lat' dir='ltr'><strong>conculcant.</strong></span> <span class='ocrx_word' id='word_1_245' title='bbox 1057 3360 1215 3440; x_wconf 89' lang='lat' dir='ltr'><strong>Nos,</strong></span> <span class='ocrx_word' id='word_1_246' title='bbox 1261 3361 1442 3436; x_wconf 89' lang='lat' dir='ltr'><strong>scito,</strong></span> <span class='ocrx_word' id='word_1_247' title='bbox 1486 3359 1738 3425; x_wconf 87' lang='lat' dir='ltr'><strong>nullam</strong></span> <span class='ocrx_word' id='word_1_248' title='bbox 1781 3359 2030 3443; x_wconf 88' lang='lat' dir='ltr'><strong>patriae</strong></span> <span class='ocrx_word' id='word_1_249' title='bbox 2074 3358 2274 3423; x_wconf 89' lang='lat' dir='ltr'><strong>ratio-</strong></span> 
     </span>
     <span class='ocr_line' id='line_1_37' title="bbox 316 3445 2277 3532; baseline -0.004 -17"><span class='ocrx_word' id='word_1_250' title='bbox 316 3472 472 3515; x_wconf 90' lang='lat' dir='ltr'><strong>nem</strong></span> <span class='ocrx_word' id='word_1_251' title='bbox 512 3447 835 3515; x_wconf 88' lang='lat' dir='ltr'><strong>habemus</strong></span> <span class='ocrx_word' id='word_1_252' title='bbox 877 3467 1044 3532; x_wconf 90' lang='lat' dir='ltr'><strong>quae</strong></span> <span class='ocrx_word' id='word_1_253' title='bbox 1089 3468 1239 3513; x_wconf 89' lang='lat' dir='ltr'><strong>cum</strong></span> <span class='ocrx_word' id='word_1_254' title='bbox 1274 3453 1684 3513; x_wconf 89' lang='lat' dir='ltr'><strong>sacrosancto</strong></span> <span class='ocrx_word' id='word_1_255' title='bbox 1728 3446 1926 3511; x_wconf 84' lang='lat' dir='ltr'><strong>verbo</strong></span> <span class='ocrx_word' id='word_1_256' title='bbox 1972 3445 2097 3510; x_wconf 91' lang='lat' dir='ltr'><strong>Dei</strong></span> <span class='ocrx_word' id='word_1_257' title='bbox 2142 3465 2277 3509; x_wconf 91' lang='lat' dir='ltr'><strong>non</strong></span> 
     </span>
     <span class='ocr_line' id='line_1_38' title="bbox 321 3532 2276 3617; baseline -0.005 -14"><span class='ocrx_word' id='word_1_258' title='bbox 321 3536 686 3603; x_wconf 85' lang='lat' dir='ltr'><strong>conveniat.</strong></span> <span class='ocrx_word' id='word_1_259' title='bbox 776 3534 1004 3617; x_wconf 88' lang='lat' dir='ltr'><strong>Neque</strong></span> <span class='ocrx_word' id='word_1_260' title='bbox 1057 3543 1283 3598; x_wconf 87' lang='lat' dir='ltr'><strong>tamen</strong></span> <span class='ocrx_word' id='word_1_261' title='bbox 1333 3534 1591 3597; x_wconf 87' lang='lat' dir='ltr'><strong>interim</strong></span> <span class='ocrx_word' id='word_1_262' title='bbox 1651 3533 1720 3597; x_wconf 87' lang='lat' dir='ltr'><strong>in</strong></span> <span class='ocrx_word' id='word_1_263' title='bbox 1804 3532 2087 3615; x_wconf 88' lang='lat' dir='ltr'><strong>patriam</strong></span> <span class='ocrx_word' id='word_1_264' title='bbox 2138 3539 2276 3595; x_wconf 89' lang='lat' dir='ltr'><strong>tam</strong></span> 
     </span>
     <span class='ocr_line' id='line_1_39' title="bbox 321 3616 2280 3705; baseline -0.003 -17"><span class='ocrx_word' id='word_1_265' title='bbox 321 3643 553 3688; x_wconf 89' lang='lat' dir='ltr'><strong>sumus</strong></span> <span class='ocrx_word' id='word_1_266' title='bbox 595 3621 863 3705; x_wconf 79' lang='lat' dir='ltr'><strong>ingrati,</strong></span> <span class='ocrx_word' id='word_1_267' title='bbox 898 3629 1163 3702; x_wconf 88' lang='lat' dir='ltr'><strong>tamque</strong></span> <span class='ocrx_word' id='word_1_268' title='bbox 1208 3638 1474 3683; x_wconf 89' lang='lat' dir='ltr'><strong>omnem</strong></span> <span class='ocrx_word' id='word_1_269' title='bbox 1529 3638 1793 3683; x_wconf 90' lang='lat' dir='ltr'><strong>sensum</strong></span> <span class='ocrx_word' id='word_1_270' title='bbox 1850 3616 2280 3682; x_wconf 88' lang='lat' dir='ltr'><strong>humanitatis</strong></span> 
     </span>
     <span class='ocr_line' id='line_1_40' title="bbox 322 3701 2279 3789; baseline -0.005 -14"><span class='ocrx_word' id='word_1_271' title='bbox 322 3708 650 3786; x_wconf 84' lang='lat' dir='ltr'><strong>exuimus,</strong></span> <span class='ocrx_word' id='word_1_272' title='bbox 695 3714 773 3772; x_wconf 91' lang='lat' dir='ltr'><strong>ut</strong></span> <span class='ocrx_word' id='word_1_273' title='bbox 815 3705 940 3789; x_wconf 89' lang='lat' dir='ltr'><strong>ipsi</strong></span> <span class='ocrx_word' id='word_1_274' title='bbox 966 3704 1198 3771; x_wconf 85' lang='lat' dir='ltr'><strong>collata</strong></span> <span class='ocrx_word' id='word_1_275' title='bbox 1243 3726 1279 3768; x_wconf 89' lang='lat' dir='ltr'><strong>a</strong></span> <span class='ocrx_word' id='word_1_276' title='bbox 1305 3703 1450 3769; x_wconf 91' lang='lat' dir='ltr'><strong>Deo</strong></span> <span class='ocrx_word' id='word_1_277' title='bbox 1496 3701 1670 3768; x_wconf 88' lang='lat' dir='ltr'><strong>dona</strong></span> <span class='ocrx_word' id='word_1_278' title='bbox 1697 3712 1943 3768; x_wconf 88' lang='lat' dir='ltr'><strong>temere</strong></span> <span class='ocrx_word' id='word_1_279' title='bbox 1988 3711 2279 3768; x_wconf 91' lang='lat' dir='ltr'><strong>contem-</strong></span> 
     </span>
     <span class='ocr_line' id='line_1_41' title="bbox 321 3787 2278 3876; baseline -0.004 -17"><span class='ocrx_word' id='word_1_280' title='bbox 321 3815 579 3860; x_wconf 88' lang='lat' dir='ltr'><strong>namus.</strong></span> <span class='ocrx_word' id='word_1_281' title='bbox 662 3791 890 3876; x_wconf 89' lang='lat' dir='ltr'><strong>Neque</strong></span> <span class='ocrx_word' id='word_1_282' title='bbox 945 3811 1104 3858; x_wconf 87' lang='lat' dir='ltr'><strong>sane</strong></span> <span class='ocrx_word' id='word_1_283' title='bbox 1159 3799 1293 3855; x_wconf 89' lang='lat' dir='ltr'><strong>tam</strong></span> <span class='ocrx_word' id='word_1_284' title='bbox 1351 3790 1601 3856; x_wconf 91' lang='lat' dir='ltr'><strong>abiecte</strong></span> <span class='ocrx_word' id='word_1_285' title='bbox 1659 3791 1981 3855; x_wconf 85' lang='lat' dir='ltr'><strong>sentimus</strong></span> <span class='ocrx_word' id='word_1_286' title='bbox 2040 3787 2119 3852; x_wconf 89' lang='lat' dir='ltr'><strong>de</strong></span> <span class='ocrx_word' id='word_1_287' title='bbox 2180 3789 2278 3852; x_wconf 89' lang='lat' dir='ltr'><strong>iu·</strong></span> 
     </span>
     <span class='ocr_line' id='line_1_42' title="bbox 324 3876 2281 3959; baseline -0.004 -13"><span class='ocrx_word' id='word_1_288' title='bbox 324 3880 512 3946; x_wconf 88' lang='lat' dir='ltr'><strong>diciis</strong></span> <span class='ocrx_word' id='word_1_289' title='bbox 555 3886 934 3944; x_wconf 89' lang='lat' dir='ltr'><strong>nostrorum</strong></span> <span class='ocrx_word' id='word_1_290' title='bbox 958 3876 1315 3955; x_wconf 91' lang='lat' dir='ltr'><strong>hominum,</strong></span> <span class='ocrx_word' id='word_1_291' title='bbox 1360 3876 1470 3959; x_wconf 90' lang='lat' dir='ltr'><strong>qui</strong></span> <span class='ocrx_word' id='word_1_292' title='bbox 1516 3876 1596 3940; x_wconf 90' lang='lat' dir='ltr'><strong>ad</strong></span> <span class='ocrx_word' id='word_1_293' title='bbox 1643 3877 2029 3959; x_wconf 87' lang='lat' dir='ltr'><strong>sanguinem</strong></span> <span class='ocrx_word' id='word_1_294' title='bbox 2074 3895 2281 3957; x_wconf 91' lang='lat' dir='ltr'><strong>usque</strong></span> 
     </span>
     <span class='ocr_line' id='line_1_43' title="bbox 323 3960 2278 4049; baseline -0.005 -17"><span class='ocrx_word' id='word_1_295' title='bbox 323 3965 650 4049; x_wconf 89' lang='lat' dir='ltr'><strong>impietati</strong></span> <span class='ocrx_word' id='word_1_296' title='bbox 693 3966 1098 4040; x_wconf 88' lang='lat' dir='ltr'><strong>restiterunt,</strong></span> <span class='ocrx_word' id='word_1_297' title='bbox 1146 3971 1223 4027; x_wconf 89' lang='lat' dir='ltr'><strong>ut</strong></span> <span class='ocrx_word' id='word_1_298' title='bbox 1276 3961 1358 4027; x_wconf 90' lang='lat' dir='ltr'><strong>ad</strong></span> <span class='ocrx_word' id='word_1_299' title='bbox 1410 3963 1891 4028; x_wconf 82' lang='lat' dir='ltr'><strong>levissimorum</strong></span> <span class='ocrx_word' id='word_1_300' title='bbox 1938 3960 2278 4025; x_wconf 89' lang='lat' dir='ltr'><strong>hominum</strong></span> 
     </span>
     <span class='ocr_line' id='line_1_44' title="bbox 324 4047 2282 4131; baseline -0.005 -12"><span class='ocrx_word' id='word_1_301' title='bbox 324 4053 644 4119; x_wconf 88' lang='lat' dir='ltr'><strong>clamores</strong></span> <span class='ocrx_word' id='word_1_302' title='bbox 688 4050 819 4114; x_wconf 91' lang='lat' dir='ltr'><strong>illis</strong></span> <span class='ocrx_word' id='word_1_303' title='bbox 859 4048 1265 4115; x_wconf 86' lang='lat' dir='ltr'><strong>foedissimas</strong></span> <span class='ocrx_word' id='word_1_304' title='bbox 1286 4047 1641 4131; x_wconf 90' lang='lat' dir='ltr'><strong>papisticae</strong></span> <span class='ocrx_word' id='word_1_305' title='bbox 1684 4048 2040 4130; x_wconf 89' lang='lat' dir='ltr'><strong>impietatis</strong></span> <span class='ocrx_word' id='word_1_306' title='bbox 2095 4054 2282 4111; x_wconf 88' lang='lat' dir='ltr'><strong>notas</strong></span> 
     </span>
     <span class='ocr_line' id='line_1_45' title="bbox 323 4133 2280 4215; baseline -0.004 -11"><span class='ocrx_word' id='word_1_307' title='bbox 323 4140 688 4204; x_wconf 90' lang='lat' dir='ltr'><strong>inuramus.</strong></span> <span class='ocrx_word' id='word_1_308' title='bbox 748 4135 1066 4200; x_wconf 88' lang='lat' dir='ltr'><strong>Rationes</strong></span> <span class='ocrx_word' id='word_1_309' title='bbox 1100 4141 1360 4199; x_wconf 83' lang='lat' dir='ltr'><strong>nostras</strong></span> <span class='ocrx_word' id='word_1_310' title='bbox 1393 4133 1719 4208; x_wconf 88' lang='lat' dir='ltr'><strong>audiebas,</strong></span> <span class='ocrx_word' id='word_1_311' title='bbox 1759 4153 1925 4215; x_wconf 87' lang='lat' dir='ltr'><strong>quae</strong></span> <span class='ocrx_word' id='word_1_312' title='bbox 1948 4152 2069 4197; x_wconf 90' lang='lat' dir='ltr'><strong>nos</strong></span> <span class='ocrx_word' id='word_1_313' title='bbox 2105 4154 2144 4197; x_wconf 92' lang='lat' dir='ltr'><strong>a</strong></span> <span class='ocrx_word' id='word_1_314' title='bbox 2177 4153 2280 4197; x_wconf 89' lang='lat' dir='ltr'><strong>re·</strong></span> 
     </span>
     <span class='ocr_line' id='line_1_46' title="bbox 325 4217 2279 4308; baseline -0.005 -19"><span class='ocrx_word' id='word_1_315' title='bbox 325 4232 516 4308; x_wconf 88' lang='lat' dir='ltr'><strong>cepta</strong></span> <span class='ocrx_word' id='word_1_316' title='bbox 549 4222 762 4288; x_wconf 88' lang='lat' dir='ltr'><strong>forma</strong></span> <span class='ocrx_word' id='word_1_317' title='bbox 796 4220 1099 4286; x_wconf 84' lang='lat' dir='ltr'><strong>recedere</strong></span> <span class='ocrx_word' id='word_1_318' title='bbox 1133 4241 1267 4284; x_wconf 89' lang='lat' dir='ltr'><strong>non</strong></span> <span class='ocrx_word' id='word_1_319' title='bbox 1304 4227 1700 4303; x_wconf 87' lang='lat' dir='ltr'><strong>paterentur.</strong></span> <span class='ocrx_word' id='word_1_320' title='bbox 1771 4217 2104 4284; x_wconf 86' lang='lat' dir='ltr'><strong>Audiebas</strong></span> <span class='ocrx_word' id='word_1_321' title='bbox 2139 4219 2279 4300; x_wconf 89' lang='lat' dir='ltr'><strong>qui-</strong></span> 
     </span>
     <span class='ocr_line' id='line_1_47' title="bbox 327 4302 2280 4389; baseline -0.002 -16"><span class='ocrx_word' id='word_1_322' title='bbox 327 4309 495 4388; x_wconf 89' lang='lat' dir='ltr'><strong>dem,</strong></span> <span class='ocrx_word' id='word_1_323' title='bbox 520 4307 638 4375; x_wconf 91' lang='lat' dir='ltr'><strong>sed</strong></span> <span class='ocrx_word' id='word_1_324' title='bbox 662 4328 798 4372; x_wconf 89' lang='lat' dir='ltr'><strong>non</strong></span> <span class='ocrx_word' id='word_1_325' title='bbox 822 4328 862 4372; x_wconf 90' lang='lat' dir='ltr'><strong>a</strong></span> <span class='ocrx_word' id='word_1_326' title='bbox 881 4307 1089 4385; x_wconf 91' lang='lat' dir='ltr'><strong>nobis,</strong></span> <span class='ocrx_word' id='word_1_327' title='bbox 1114 4327 1326 4389; x_wconf 91' lang='lat' dir='ltr'><strong>neque</strong></span> <span class='ocrx_word' id='word_1_328' title='bbox 1347 4306 1679 4371; x_wconf 89' lang='lat' dir='ltr'><strong>forstassis</strong></span> <span class='ocrx_word' id='word_1_329' title='bbox 1702 4325 1948 4371; x_wconf 89' lang='lat' dir='ltr'><strong>omnes.</strong></span> <span class='ocrx_word' id='word_1_330' title='bbox 2004 4302 2136 4368; x_wconf 86' lang='lat' dir='ltr'><strong>Nec</strong></span> <span class='ocrx_word' id='word_1_331' title='bbox 2158 4325 2280 4369; x_wconf 92' lang='lat' dir='ltr'><strong>nos</strong></span> 
     </span>
     <span class='ocr_line' id='line_1_48' title="bbox 327 4389 2280 4474; baseline -0.004 -13"><span class='ocrx_word' id='word_1_332' title='bbox 327 4416 484 4462; x_wconf 85' lang='lat' dir='ltr'><strong>sane</strong></span> <span class='ocrx_word' id='word_1_333' title='bbox 527 4394 808 4460; x_wconf 88' lang='lat' dir='ltr'><strong>multum</strong></span> <span class='ocrx_word' id='word_1_334' title='bbox 850 4392 1223 4458; x_wconf 87' lang='lat' dir='ltr'><strong>dubitamus</strong></span> <span class='ocrx_word' id='word_1_335' title='bbox 1268 4392 1430 4474; x_wconf 91' lang='lat' dir='ltr'><strong>quin</strong></span> <span class='ocrx_word' id='word_1_336' title='bbox 1472 4391 1735 4455; x_wconf 87' lang='lat' dir='ltr'><strong>illarum</strong></span> <span class='ocrx_word' id='word_1_337' title='bbox 1781 4391 1956 4473; x_wconf 90' lang='lat' dir='ltr'><strong>apud</strong></span> <span class='ocrx_word' id='word_1_338' title='bbox 2014 4400 2079 4455; x_wconf 90' lang='lat' dir='ltr'><strong>te</strong></span> <span class='ocrx_word' id='word_1_339' title='bbox 2124 4389 2280 4455; x_wconf 90' lang='lat' dir='ltr'><strong>faci-</strong></span> 
     </span>
     <span class='ocr_line' id='line_1_49' title="bbox 327 4476 2280 4560; baseline -0.004 -12"><span class='ocrx_word' id='word_1_340' title='bbox 327 4483 408 4548; x_wconf 89' lang='lat' dir='ltr'><strong>lis</strong></span> <span class='ocrx_word' id='word_1_341' title='bbox 452 4480 655 4546; x_wconf 89' lang='lat' dir='ltr'><strong>fuerit</strong></span> <span class='ocrx_word' id='word_1_342' title='bbox 699 4480 1030 4545; x_wconf 88' lang='lat' dir='ltr'><strong>refutatio:</strong></span> <span class='ocrx_word' id='word_1_343' title='bbox 1077 4499 1209 4543; x_wconf 90' lang='lat' dir='ltr'><strong>non</strong></span> <span class='ocrx_word' id='word_1_344' title='bbox 1234 4476 1594 4543; x_wconf 88' lang='lat' dir='ltr'><strong>diffidimus</strong></span> <span class='ocrx_word' id='word_1_345' title='bbox 1638 4485 1858 4541; x_wconf 86' lang='lat' dir='ltr'><strong>tamen</strong></span> <span class='ocrx_word' id='word_1_346' title='bbox 1904 4477 2065 4560; x_wconf 91' lang='lat' dir='ltr'><strong>quin</strong></span> <span class='ocrx_word' id='word_1_347' title='bbox 2090 4476 2280 4541; x_wconf 88' lang='lat' dir='ltr'><strong>nobis</strong></span> 
     </span>
     <span class='ocr_line' id='line_1_50' title="bbox 329 4562 2279 4648; baseline -0.004 -16"><span class='ocrx_word' id='word_1_348' title='bbox 329 4568 542 4633; x_wconf 84' lang='lat' dir='ltr'><strong>nostri</strong></span> <span class='ocrx_word' id='word_1_349' title='bbox 575 4566 733 4632; x_wconf 89' lang='lat' dir='ltr'><strong>facti</strong></span> <span class='ocrx_word' id='word_1_350' title='bbox 775 4567 1060 4648; x_wconf 91' lang='lat' dir='ltr'><strong>optimae</strong></span> <span class='ocrx_word' id='word_1_351' title='bbox 1103 4565 1394 4630; x_wconf 88' lang='lat' dir='ltr'><strong>rationes</strong></span> <span class='ocrx_word' id='word_1_352' title='bbox 1436 4570 1740 4629; x_wconf 89' lang='lat' dir='ltr'><strong>constent</strong></span> <span class='ocrx_word' id='word_1_353' title='bbox 1772 4562 1945 4645; x_wconf 81' lang='lat' dir='ltr'><strong>apud</strong></span> <span class='ocrx_word' id='word_1_354' title='bbox 1992 4563 2119 4627; x_wconf 90' lang='lat' dir='ltr'><strong>Dei</strong></span> <span class='ocrx_word' id='word_1_355' title='bbox 2163 4563 2279 4626; x_wconf 89' lang='lat' dir='ltr'><strong>tri-</strong></span> 
     </span>
     <span class='ocr_line' id='line_1_51' title="bbox 328 4648 2280 4735; baseline -0.004 -15"><span class='ocrx_word' id='word_1_356' title='bbox 328 4653 550 4720; x_wconf 85' lang='lat' dir='ltr'><strong>bunal.</strong></span> <span class='ocrx_word' id='word_1_357' title='bbox 610 4652 1045 4735; x_wconf 90' lang='lat' dir='ltr'><strong>Displicuisse</strong></span> <span class='ocrx_word' id='word_1_358' title='bbox 1080 4651 1198 4716; x_wconf 89' lang='lat' dir='ltr'><strong>tibi</strong></span> <span class='ocrx_word' id='word_1_359' title='bbox 1245 4650 1405 4716; x_wconf 91' lang='lat' dir='ltr'><strong>dicis</strong></span> <span class='ocrx_word' id='word_1_360' title='bbox 1439 4649 1605 4713; x_wconf 91' lang='lat' dir='ltr'><strong>nihil</strong></span> <span class='ocrx_word' id='word_1_361' title='bbox 1648 4648 1782 4712; x_wconf 85' lang='lat' dir='ltr'><strong>illis</strong></span> <span class='ocrx_word' id='word_1_362' title='bbox 1824 4668 1865 4712; x_wconf 90' lang='lat' dir='ltr'><strong>a</strong></span> <span class='ocrx_word' id='word_1_363' title='bbox 1908 4648 2095 4713; x_wconf 90' lang='lat' dir='ltr'><strong>nobis</strong></span> <span class='ocrx_word' id='word_1_364' title='bbox 2130 4669 2280 4714; x_wconf 88' lang='lat' dir='ltr'><strong>con-</strong></span> 
     </span>
     <span class='ocr_line' id='line_1_52' title="bbox 330 4733 2281 4816; baseline -0.004 -11"><span class='ocrx_word' id='word_1_365' title='bbox 330 4760 586 4805; x_wconf 88' lang='lat' dir='ltr'><strong>cessum</strong></span> <span class='ocrx_word' id='word_1_366' title='bbox 644 4737 753 4804; x_wconf 82' lang='lat' dir='ltr'><strong>vel</strong></span> <span class='ocrx_word' id='word_1_367' title='bbox 810 4739 1181 4802; x_wconf 89' lang='lat' dir='ltr'><strong>remissum.</strong></span> <span class='ocrx_word' id='word_1_368' title='bbox 1272 4737 1371 4802; x_wconf 87' lang='lat' dir='ltr'><strong>Ac</strong></span> <span class='ocrx_word' id='word_1_369' title='bbox 1429 4736 1664 4800; x_wconf 90' lang='lat' dir='ltr'><strong>merito</strong></span> <span class='ocrx_word' id='word_1_370' title='bbox 1717 4735 2014 4800; x_wconf 86' lang='lat' dir='ltr'><strong>fortassis</strong></span> <span class='ocrx_word' id='word_1_371' title='bbox 2060 4733 2281 4816; x_wconf 88' lang='lat' dir='ltr'><strong>displi-</strong></span> 
     </span>
     <span class='ocr_line' id='line_1_53' title="bbox 330 4818 2283 4904; baseline -0.005 -11"><span class='ocrx_word' id='word_1_372' title='bbox 330 4827 593 4903; x_wconf 88' lang='lat' dir='ltr'><strong>cuisset,</strong></span> <span class='ocrx_word' id='word_1_373' title='bbox 639 4825 697 4889; x_wconf 92' lang='lat' dir='ltr'><strong>si</strong></span> <span class='ocrx_word' id='word_1_374' title='bbox 741 4823 908 4888; x_wconf 88' lang='lat' dir='ltr'><strong>nihil</strong></span> <span class='ocrx_word' id='word_1_375' title='bbox 964 4823 1196 4887; x_wconf 89' lang='lat' dir='ltr'><strong>fuisset</strong></span> <span class='ocrx_word' id='word_1_376' title='bbox 1253 4822 1622 4886; x_wconf 90' lang='lat' dir='ltr'><strong>remissum.</strong></span> <span class='ocrx_word' id='word_1_377' title='bbox 1713 4819 1845 4885; x_wconf 81' lang='lat' dir='ltr'><strong>Sed</strong></span> <span class='ocrx_word' id='word_1_378' title='bbox 1909 4841 2114 4904; x_wconf 91' lang='lat' dir='ltr'><strong>quum</strong></span> <span class='ocrx_word' id='word_1_379' title='bbox 2159 4818 2283 4884; x_wconf 87' lang='lat' dir='ltr'><strong>hoc</strong></span> 
     </span>
     <span class='ocr_line' id='line_1_54' title="bbox 329 4905 2284 4993; baseline -0.003 -16"><span class='ocrx_word' id='word_1_380' title='bbox 329 4911 753 4977; x_wconf 85' lang='lat' dir='ltr'><strong>manifestum</strong></span> <span class='ocrx_word' id='word_1_381' title='bbox 791 4919 984 4992; x_wconf 90' lang='lat' dir='ltr'><strong>atque</strong></span> <span class='ocrx_word' id='word_1_382' title='bbox 1017 4907 1370 4993; x_wconf 89' lang='lat' dir='ltr'><strong>impudens</strong></span> <span class='ocrx_word' id='word_1_383' title='bbox 1412 4909 1498 4972; x_wconf 89' lang='lat' dir='ltr'><strong>sit</strong></span> <span class='ocrx_word' id='word_1_384' title='bbox 1542 4907 1806 4972; x_wconf 87' lang='lat' dir='ltr'><strong>illorum</strong></span> <span class='ocrx_word' id='word_1_385' title='bbox 1850 4905 2284 4984; x_wconf 88' lang='lat' dir='ltr'><strong>mendacium,</strong></span> 
     </span>
     <span class='ocr_line' id='line_1_55' title="bbox 330 4992 2284 5081; baseline -0.004 -17"><span class='ocrx_word' id='word_1_386' title='bbox 330 4997 476 5081; x_wconf 90' lang='lat' dir='ltr'><strong>quis</strong></span> <span class='ocrx_word' id='word_1_387' title='bbox 521 5006 595 5062; x_wconf 90' lang='lat' dir='ltr'><strong>tu</strong></span> <span class='ocrx_word' id='word_1_388' title='bbox 639 4995 773 5061; x_wconf 89' lang='lat' dir='ltr'><strong>illis</strong></span> <span class='ocrx_word' id='word_1_389' title='bbox 817 4996 1035 5073; x_wconf 89' lang='lat' dir='ltr'><strong>fueris,</strong></span> <span class='ocrx_word' id='word_1_390' title='bbox 1087 5003 1274 5058; x_wconf 86' lang='lat' dir='ltr'><strong>tuum</strong></span> <span class='ocrx_word' id='word_1_391' title='bbox 1332 4995 1419 5058; x_wconf 89' lang='lat' dir='ltr'><strong>sit</strong></span> <span class='ocrx_word' id='word_1_392' title='bbox 1472 4992 1804 5059; x_wconf 88' lang='lat' dir='ltr'><strong>iudicium.</strong></span> <span class='ocrx_word' id='word_1_393' title='bbox 1892 4993 2284 5058; x_wconf 85' lang='lat' dir='ltr'><strong>Luminaria</strong></span> 
     </span>
    </p>
   </div>
   <div class='ocr_carea' id='block_1_5' title="bbox 331 5136 740 5148">
    <p class='ocr_par' dir='ltr' id='par_1_6' title="bbox 331 5136 740 5148">
     <span class='ocr_line' id='line_1_56' title="bbox 331 5136 740 5148; baseline 0 1052"><span class='ocrx_word' id='word_1_394' title='bbox 331 5136 740 5148; x_wconf 95' lang='lat' dir='ltr'><strong> </strong></span> 
     </span>
    </p>
   </div>
   <div class='ocr_carea' id='block_1_6' title="bbox 329 5216 2285 5427">
    <p class='ocr_par' dir='ltr' id='par_1_7' title="bbox 329 5216 2285 5427">
     <span class='ocr_line' id='line_1_57' title="bbox 536 5216 1874 5284; baseline -0.003 -12"><span class='ocrx_word' id='word_1_395' title='bbox 536 5219 597 5284; x_wconf 81' lang='lat'><strong>5)</strong></span> <span class='ocrx_word' id='word_1_396' title='bbox 642 5218 784 5274; x_wconf 81' lang='lat' dir='ltr'><strong>Ecce</strong></span> <span class='ocrx_word' id='word_1_397' title='bbox 812 5218 1121 5284; x_wconf 73' lang='lat' dir='ltr'><strong>fraternam</strong></span> <span class='ocrx_word' id='word_1_398' title='bbox 1154 5218 1298 5270; x_wconf 72' lang='lat' dir='ltr'><strong>inter</strong></span> <span class='ocrx_word' id='word_1_399' title='bbox 1331 5219 1543 5271; x_wconf 65' lang='lat' dir='ltr'><strong>exsules</strong></span> <span class='ocrx_word' id='word_1_400' title='bbox 1573 5216 1874 5273; x_wconf 69' lang='lat' dir='ltr'><strong>caritatem.</strong></span> 
     </span>
     <span class='ocr_line' id='line_1_58' title="bbox 535 5283 2285 5353; baseline -0.001 -13"><span class='ocrx_word' id='word_1_401' title='bbox 535 5288 597 5350; x_wconf 83' lang='grc'><strong>6)</strong></span> <span class='ocrx_word' id='word_1_402' title='bbox 635 5288 792 5343; x_wconf 74' lang='lat' dir='ltr'><strong>Haec</strong></span> <span class='ocrx_word' id='word_1_403' title='bbox 830 5288 1057 5353; x_wconf 74' lang='lat' dir='ltr'><strong>fuerunt</strong></span> <span class='ocrx_word' id='word_1_404' title='bbox 1093 5283 1316 5340; x_wconf 66' lang='lat' dir='ltr'><strong>Calvina·</strong></span> <span class='ocrx_word' id='word_1_405' title='bbox 1357 5288 1520 5341; x_wconf 79' lang='lat' dir='ltr'><strong>verba</strong></span> <span class='ocrx_word' id='word_1_406' title='bbox 1563 5286 1599 5344; x_wconf 80' lang='lat'><strong>1.</strong></span> <span class='ocrx_word' id='word_1_407' title='bbox 1635 5286 1686 5352; x_wconf 70' lang='lat' dir='ltr'><strong>L,</strong></span> <span class='ocrx_word' id='word_1_408' title='bbox 1734 5300 1873 5353; x_wconf 73' lang='lat' dir='ltr'><strong>quae</strong></span> <span class='ocrx_word' id='word_1_409' title='bbox 1916 5285 2075 5339; x_wconf 70' lang='lat' dir='ltr'><strong>etiam</strong></span> <span class='ocrx_word' id='word_1_410' title='bbox 2110 5286 2171 5337; x_wconf 73' lang='lat' dir='ltr'><strong>in</strong></span> <span class='ocrx_word' id='word_1_411' title='bbox 2207 5299 2285 5339; x_wconf 78' lang='lat' dir='ltr'><strong>se·</strong></span> 
     </span>
     <span class='ocr_line' id='line_1_59' title="bbox 329 5356 1224 5427; baseline -0.006 -14"><span class='ocrx_word' id='word_1_412' title='bbox 329 5359 618 5427; x_wconf 72' lang='lat' dir='ltr'><strong>quentibus</strong></span> <span class='ocrx_word' id='word_1_413' title='bbox 646 5358 856 5426; x_wconf 73' lang='lat' dir='ltr'><strong>passim</strong></span> <span class='ocrx_word' id='word_1_414' title='bbox 891 5356 1224 5424; x_wconf 72' lang='lat' dir='ltr'><strong>recolliount.</strong></span> 
     </span>
    </p>
   </div>
   <div class='ocr_carea' id='block_1_7' title="bbox 1987 417 2652 485">
    <p class='ocr_par' dir='ltr' id='par_1_8' title="bbox 1987 417 2652 485">
     <span class='ocr_line' id='line_1_60' title="bbox 1987 417 2652 485; baseline -0.003 -2"><span class='ocrx_word' id='word_1_415' title='bbox 1987 422 2150 484; x_wconf 80' lang='lat'>1555</span> <span class='ocrx_word' id='word_1_416' title='bbox 2194 417 2652 485; x_wconf 74' lang='lat' dir='ltr'><strong>SEPTEMB.</strong></span> 
     </span>
    </p>
   </div>
   <div class='ocr_carea' id='block_1_8' title="bbox 2318 606 2340 5386">
    <p class='ocr_par' dir='ltr' id='par_1_9' title="bbox 2318 606 2340 5386">
     <span class='ocr_line' id='line_1_61' title="bbox 2318 606 2340 5386; baseline 0 0"><span class='ocrx_word' id='word_1_417' title='bbox 2318 606 2340 5386; x_wconf 95' lang='lat' dir='ltr'><strong> </strong></span> 
     </span>
    </p>
   </div>
   <div class='ocr_carea' id='block_1_9' title="bbox 4193 421 4347 484">
    <p class='ocr_par' dir='ltr' id='par_1_10' title="bbox 4193 421 4347 484">
     <span class='ocr_line' id='line_1_62' title="bbox 4193 421 4347 484; baseline 0 -1"><span class='ocrx_word' id='word_1_418' title='bbox 4193 421 4319 484; x_wconf 85' lang='lat'><strong>778</strong></span> <span class='ocrx_word' id='word_1_419' title='bbox 4342 436 4347 445; x_wconf 87' lang='lat'><em>&#39;</em></span> 
     </span>
    </p>
   </div>
   <div class='ocr_carea' id='block_1_10' title="bbox 2370 605 4337 4644">
    <p class='ocr_par' dir='ltr' id='par_1_11' title="bbox 2370 605 4330 2665">
     <span class='ocr_line' id='line_1_63' title="bbox 2371 605 4323 690; baseline 0.003 -21"><span class='ocrx_word' id='word_1_420' title='bbox 2371 613 2442 670; x_wconf 93' lang='lat' dir='ltr'><strong>et</strong></span> <span class='ocrx_word' id='word_1_421' title='bbox 2525 626 2750 673; x_wconf 88' lang='lat' dir='ltr'><strong>cruces</strong></span> <span class='ocrx_word' id='word_1_422' title='bbox 2828 606 3015 673; x_wconf 91' lang='lat' dir='ltr'><strong>nobis</strong></span> <span class='ocrx_word' id='word_1_423' title='bbox 3096 607 3337 675; x_wconf 90' lang='lat' dir='ltr'><strong>obiicis.</strong></span> <span class='ocrx_word' id='word_1_424' title='bbox 3427 607 3819 674; x_wconf 85' lang='lat' dir='ltr'><strong>Luminaria</strong></span> <span class='ocrx_word' id='word_1_425' title='bbox 3880 626 4003 673; x_wconf 91' lang='lat' dir='ltr'><strong>nos</strong></span> <span class='ocrx_word' id='word_1_426' title='bbox 4055 605 4323 690; x_wconf 88' lang='lat' dir='ltr'><strong>quidem</strong></span> 
     </span>
     <span class='ocr_line' id='line_1_64' title="bbox 2370 692 4321 777; baseline 0.001 -21"><span class='ocrx_word' id='word_1_427' title='bbox 2370 711 2711 775; x_wconf 86' lang='lat' dir='ltr'><strong>nunquam</strong></span> <span class='ocrx_word' id='word_1_428' title='bbox 2784 693 3150 759; x_wconf 90' lang='lat' dir='ltr'><strong>habuimus.</strong></span> <span class='ocrx_word' id='word_1_429' title='bbox 3254 694 3346 758; x_wconf 89' lang='lat' dir='ltr'><strong>Et</strong></span> <span class='ocrx_word' id='word_1_430' title='bbox 3407 692 3577 777; x_wconf 89' lang='lat' dir='ltr'><strong>quod</strong></span> <span class='ocrx_word' id='word_1_431' title='bbox 3638 694 3720 758; x_wconf 93' lang='lat' dir='ltr'><strong>ad</strong></span> <span class='ocrx_word' id='word_1_432' title='bbox 3779 713 4002 759; x_wconf 88' lang='lat' dir='ltr'><strong>cruces</strong></span> <span class='ocrx_word' id='word_1_433' title='bbox 4067 693 4321 774; x_wconf 88' lang='lat' dir='ltr'><strong>attinet,</strong></span> 
     </span>
     <span class='ocr_line' id='line_1_65' title="bbox 2371 777 4325 860; baseline 0.001 -18"><span class='ocrx_word' id='word_1_434' title='bbox 2371 779 2425 842; x_wconf 92' lang='lat' dir='ltr'><strong>si</strong></span> <span class='ocrx_word' id='word_1_435' title='bbox 2496 799 2779 860; x_wconf 90' lang='lat' dir='ltr'><strong>unquem</strong></span> <span class='ocrx_word' id='word_1_436' title='bbox 2824 778 2957 843; x_wconf 91' lang='lat' dir='ltr'><strong>illis</strong></span> <span class='ocrx_word' id='word_1_437' title='bbox 3009 781 3115 844; x_wconf 90' lang='lat' dir='ltr'><strong>usi</strong></span> <span class='ocrx_word' id='word_1_438' title='bbox 3168 800 3419 859; x_wconf 90' lang='lat' dir='ltr'><strong>sumus,</strong></span> <span class='ocrx_word' id='word_1_439' title='bbox 3474 778 3668 845; x_wconf 90' lang='lat' dir='ltr'><strong>amici</strong></span> <span class='ocrx_word' id='word_1_440' title='bbox 3713 779 3812 844; x_wconf 88' lang='lat' dir='ltr'><strong>illi</strong></span> <span class='ocrx_word' id='word_1_441' title='bbox 3865 779 3963 843; x_wconf 89' lang='lat' dir='ltr'><strong>tui</strong></span> <span class='ocrx_word' id='word_1_442' title='bbox 4013 777 4132 843; x_wconf 87' lang='lat' dir='ltr'><strong>tibi</strong></span> <span class='ocrx_word' id='word_1_443' title='bbox 4188 800 4325 844; x_wconf 88' lang='lat' dir='ltr'><strong>non</strong></span> 
     </span>
     <span class='ocr_line' id='line_1_66' title="bbox 2370 863 4323 949; baseline 0.002 -22"><span class='ocrx_word' id='word_1_444' title='bbox 2370 863 2719 930; x_wconf 86' lang='lat' dir='ltr'><strong>illuserint.</strong></span> <span class='ocrx_word' id='word_1_445' title='bbox 2804 866 2908 930; x_wconf 77' lang='lat' dir='ltr'><strong>&#39;l&#39;u</strong></span> <span class='ocrx_word' id='word_1_446' title='bbox 2976 886 3134 930; x_wconf 85' lang='lat' dir='ltr'><strong>vero</strong></span> <span class='ocrx_word' id='word_1_447' title='bbox 3200 866 3443 931; x_wconf 89' lang='lat' dir='ltr'><strong>iterum</strong></span> <span class='ocrx_word' id='word_1_448' title='bbox 3499 865 3831 949; x_wconf 88' lang='lat' dir='ltr'><strong>perpende</strong></span> <span class='ocrx_word' id='word_1_449' title='bbox 3895 865 4124 948; x_wconf 88' lang='lat' dir='ltr'><strong>quanti</strong></span> <span class='ocrx_word' id='word_1_450' title='bbox 4188 864 4323 930; x_wconf 90' lang='lat' dir='ltr'><strong>illis</strong></span> 
     </span>
     <span class='ocr_line' id='line_1_67' title="bbox 2371 950 4326 1036; baseline 0.001 -22"><span class='ocrx_word' id='word_1_451' title='bbox 2371 950 2594 1026; x_wconf 90' lang='lat' dir='ltr'><strong>fueris,</strong></span> <span class='ocrx_word' id='word_1_452' title='bbox 2656 971 2850 1033; x_wconf 88' lang='lat' dir='ltr'><strong>quem</strong></span> <span class='ocrx_word' id='word_1_453' title='bbox 2909 960 3005 1014; x_wconf 90' lang='lat' dir='ltr'><strong>tot</strong></span> <span class='ocrx_word' id='word_1_454' title='bbox 3046 951 3605 1018; x_wconf 79' lang='lat' dir='ltr'><strong>manifestissimis</strong></span> <span class='ocrx_word' id='word_1_455' title='bbox 3650 950 4008 1017; x_wconf 87' lang='lat' dir='ltr'><strong>mendaciis</strong></span> <span class='ocrx_word' id='word_1_456' title='bbox 4052 950 4326 1036; x_wconf 86' lang='lat' dir='ltr'><strong>aggredi</strong></span> 
     </span>
     <span class='ocr_line' id='line_1_68' title="bbox 2372 1036 4324 1121; baseline 0.001 -20"><span class='ocrx_word' id='word_1_457' title='bbox 2372 1036 2509 1101; x_wconf 89' lang='lat' dir='ltr'><strong>sint</strong></span> <span class='ocrx_word' id='word_1_458' title='bbox 2551 1038 2711 1101; x_wconf 90' lang='lat' dir='ltr'><strong>ausi.</strong></span> <span class='ocrx_word' id='word_1_459' title='bbox 2802 1036 3000 1102; x_wconf 85' lang='lat' dir='ltr'><strong>Falso</strong></span> <span class='ocrx_word' id='word_1_460' title='bbox 3044 1037 3243 1102; x_wconf 89' lang='lat' dir='ltr'><strong>etiam</strong></span> <span class='ocrx_word' id='word_1_461' title='bbox 3281 1058 3400 1102; x_wconf 93' lang='lat' dir='ltr'><strong>nos</strong></span> <span class='ocrx_word' id='word_1_462' title='bbox 3442 1036 3614 1121; x_wconf 91' lang='lat' dir='ltr'><strong>apud</strong></span> <span class='ocrx_word' id='word_1_463' title='bbox 3656 1045 3725 1101; x_wconf 90' lang='lat' dir='ltr'><strong>te</strong></span> <span class='ocrx_word' id='word_1_464' title='bbox 3766 1036 4086 1116; x_wconf 86' lang='lat' dir='ltr'><strong>deferunt,</strong></span> <span class='ocrx_word' id='word_1_465' title='bbox 4137 1038 4324 1120; x_wconf 89' lang='lat' dir='ltr'><strong>quasi</strong></span> 
     </span>
     <span class='ocr_line' id='line_1_69' title="bbox 2374 1121 4324 1189; baseline 0.001 -4"><span class='ocrx_word' id='word_1_466' title='bbox 2374 1121 2630 1186; x_wconf 86' lang='lat' dir='ltr'><strong>frivolis</strong></span> <span class='ocrx_word' id='word_1_467' title='bbox 2687 1131 2755 1186; x_wconf 93' lang='lat' dir='ltr'><strong>et</strong></span> <span class='ocrx_word' id='word_1_468' title='bbox 2811 1121 3155 1187; x_wconf 86' lang='lat' dir='ltr'><strong>inutilibus</strong></span> <span class='ocrx_word' id='word_1_469' title='bbox 3199 1125 3622 1188; x_wconf 89' lang='lat' dir='ltr'><strong>caeremoniis</strong></span> <span class='ocrx_word' id='word_1_470' title='bbox 3666 1122 4005 1189; x_wconf 89' lang='lat' dir='ltr'><strong>ecclesiam</strong></span> <span class='ocrx_word' id='word_1_471' title='bbox 4050 1142 4324 1188; x_wconf 88' lang='lat' dir='ltr'><strong>onerare</strong></span> 
     </span>
     <span class='ocr_line' id='line_1_70' title="bbox 2375 1207 4324 1292; baseline 0.001 -21"><span class='ocrx_word' id='word_1_472' title='bbox 2375 1207 2674 1273; x_wconf 84' lang='lat' dir='ltr'><strong>velimus.</strong></span> <span class='ocrx_word' id='word_1_473' title='bbox 2744 1207 3212 1274; x_wconf 72' lang='lat' dir='ltr'><strong>caeremonias</strong></span> <span class='ocrx_word' id='word_1_474' title='bbox 3255 1209 3572 1274; x_wconf 90' lang='lat' dir='ltr'><strong>habemus</strong></span> <span class='ocrx_word' id='word_1_475' title='bbox 3594 1210 4043 1292; x_wconf 85' lang='lat' dir='ltr'><strong>paucissimas,</strong></span> <span class='ocrx_word' id='word_1_476' title='bbox 4088 1229 4324 1292; x_wconf 89' lang='lat' dir='ltr'><strong>easque</strong></span> 
     </span>
     <span class='ocr_line' id='line_1_71' title="bbox 2373 1293 4322 1378; baseline 0.001 -20"><span class='ocrx_word' id='word_1_477' title='bbox 2373 1313 2602 1359; x_wconf 89' lang='lat' dir='ltr'><strong>omnes</strong></span> <span class='ocrx_word' id='word_1_478' title='bbox 2647 1293 2729 1357; x_wconf 90' lang='lat' dir='ltr'><strong>ad</strong></span> <span class='ocrx_word' id='word_1_479' title='bbox 2774 1295 3085 1377; x_wconf 89' lang='lat' dir='ltr'><strong>pietatem</strong></span> <span class='ocrx_word' id='word_1_480' title='bbox 3106 1293 3616 1378; x_wconf 84' lang='lat' dir='ltr'><strong>promovendam</strong></span> <span class='ocrx_word' id='word_1_481' title='bbox 3652 1315 3785 1359; x_wconf 92' lang='lat' dir='ltr'><strong>non</strong></span> <span class='ocrx_word' id='word_1_482' title='bbox 3829 1314 4064 1378; x_wconf 91' lang='lat' dir='ltr'><strong>parum</strong></span> <span class='ocrx_word' id='word_1_483' title='bbox 4104 1294 4322 1360; x_wconf 88' lang='lat' dir='ltr'><strong>utiles.</strong></span> 
     </span>
     <span class='ocr_line' id='line_1_72' title="bbox 2375 1378 4327 1446; baseline -0.001 -1"><span class='ocrx_word' id='word_1_484' title='bbox 2375 1378 2511 1445; x_wconf 80' lang='lat' dir='ltr'><strong>Sed</strong></span> <span class='ocrx_word' id='word_1_485' title='bbox 2553 1378 2688 1445; x_wconf 87' lang='lat' dir='ltr'><strong>illis</strong></span> <span class='ocrx_word' id='word_1_486' title='bbox 2730 1379 2972 1444; x_wconf 87' lang='lat' dir='ltr'><strong>mirum</strong></span> <span class='ocrx_word' id='word_1_487' title='bbox 3010 1400 3143 1445; x_wconf 92' lang='lat' dir='ltr'><strong>non</strong></span> <span class='ocrx_word' id='word_1_488' title='bbox 3179 1390 3282 1445; x_wconf 88' lang='lat' dir='ltr'><strong>est</strong></span> <span class='ocrx_word' id='word_1_489' title='bbox 3324 1380 3763 1446; x_wconf 90' lang='lat' dir='ltr'><strong>caeremonias</strong></span> <span class='ocrx_word' id='word_1_490' title='bbox 3806 1388 4066 1445; x_wconf 89' lang='lat' dir='ltr'><strong>nostras</strong></span> <span class='ocrx_word' id='word_1_491' title='bbox 4111 1378 4327 1445; x_wconf 83' lang='lat' dir='ltr'><strong>videri</strong></span> 
     </span>
     <span class='ocr_line' id='line_1_73' title="bbox 2375 1465 4325 1549; baseline 0.001 -20"><span class='ocrx_word' id='word_1_492' title='bbox 2375 1466 2613 1529; x_wconf 88' lang='lat' dir='ltr'><strong>nimias</strong></span> <span class='ocrx_word' id='word_1_493' title='bbox 2657 1473 2851 1549; x_wconf 89' lang='lat' dir='ltr'><strong>atque</strong></span> <span class='ocrx_word' id='word_1_494' title='bbox 2899 1467 3094 1531; x_wconf 88' lang='lat' dir='ltr'><strong>etiam</strong></span> <span class='ocrx_word' id='word_1_495' title='bbox 3141 1488 3469 1545; x_wconf 86' lang='lat' dir='ltr'><strong>onerosas,</strong></span> <span class='ocrx_word' id='word_1_496' title='bbox 3494 1487 3694 1549; x_wconf 89' lang='lat' dir='ltr'><strong>quum</strong></span> <span class='ocrx_word' id='word_1_497' title='bbox 3732 1465 4058 1549; x_wconf 88' lang='lat' dir='ltr'><strong>publicam</strong></span> <span class='ocrx_word' id='word_1_498' title='bbox 4101 1465 4325 1532; x_wconf 88' lang='lat' dir='ltr'><strong>lectio·</strong></span> 
     </span>
     <span class='ocr_line' id='line_1_74' title="bbox 2374 1551 4324 1617; baseline 0.001 -2"><span class='ocrx_word' id='word_1_499' title='bbox 2374 1572 2527 1616; x_wconf 88' lang='lat' dir='ltr'><strong>nem</strong></span> <span class='ocrx_word' id='word_1_500' title='bbox 2572 1552 2761 1616; x_wconf 83' lang='lat' dir='ltr'><strong>verbi</strong></span> <span class='ocrx_word' id='word_1_501' title='bbox 2807 1552 2933 1615; x_wconf 91' lang='lat' dir='ltr'><strong>Dei</strong></span> <span class='ocrx_word' id='word_1_502' title='bbox 2976 1554 3454 1617; x_wconf 88' lang='lat' dir='ltr'><strong>caeremoniam</strong></span> <span class='ocrx_word' id='word_1_503' title='bbox 3498 1551 3843 1617; x_wconf 88' lang='lat' dir='ltr'><strong>molestam</strong></span> <span class='ocrx_word' id='word_1_504' title='bbox 3894 1563 3962 1616; x_wconf 93' lang='lat' dir='ltr'><strong>et</strong></span> <span class='ocrx_word' id='word_1_505' title='bbox 4017 1551 4324 1617; x_wconf 89' lang='lat' dir='ltr'><strong>inutilem</strong></span> 
     </span>
     <span class='ocr_line' id='line_1_75' title="bbox 2374 1637 4325 1721; baseline 0.001 -20"><span class='ocrx_word' id='word_1_506' title='bbox 2374 1658 2516 1702; x_wconf 88' lang='lat' dir='ltr'><strong>esse</strong></span> <span class='ocrx_word' id='word_1_507' title='bbox 2561 1638 2916 1702; x_wconf 89' lang='lat' dir='ltr'><strong>clamitent.</strong></span> <span class='ocrx_word' id='word_1_508' title='bbox 2937 1640 2992 1713; x_wconf 79' lang='grc'><strong>7)</strong></span> <span class='ocrx_word' id='word_1_509' title='bbox 3060 1637 3196 1704; x_wconf 80' lang='lat' dir='ltr'><strong>Sed</strong></span> <span class='ocrx_word' id='word_1_510' title='bbox 3241 1639 3359 1704; x_wconf 92' lang='lat' dir='ltr'><strong>tibi</strong></span> <span class='ocrx_word' id='word_1_511' title='bbox 3403 1637 3667 1721; x_wconf 90' lang='lat' dir='ltr'><strong>quidem</strong></span> <span class='ocrx_word' id='word_1_512' title='bbox 3712 1659 3817 1703; x_wconf 89' lang='lat' dir='ltr'><strong>res</strong></span> <span class='ocrx_word' id='word_1_513' title='bbox 3834 1646 4094 1702; x_wconf 87' lang='lat' dir='ltr'><strong>nostras</strong></span> <span class='ocrx_word' id='word_1_514' title='bbox 4116 1657 4325 1721; x_wconf 89' lang='lat' dir='ltr'><strong>paene</strong></span> 
     </span>
     <span class='ocr_line' id='line_1_76' title="bbox 2374 1722 4324 1807; baseline 0.001 -20"><span class='ocrx_word' id='word_1_515' title='bbox 2374 1743 2604 1788; x_wconf 91' lang='lat' dir='ltr'><strong>omnes</strong></span> <span class='ocrx_word' id='word_1_516' title='bbox 2662 1744 2805 1788; x_wconf 88' lang='lat' dir='ltr'><strong>esse</strong></span> <span class='ocrx_word' id='word_1_517' title='bbox 2859 1724 3323 1807; x_wconf 79' lang='lat' dir='ltr'><strong>ignotissimae,</strong></span> <span class='ocrx_word' id='word_1_518' title='bbox 3383 1746 3465 1789; x_wconf 83' lang='lat' dir='ltr'><strong>ex</strong></span> <span class='ocrx_word' id='word_1_519' title='bbox 3512 1724 3655 1788; x_wconf 88' lang='lat' dir='ltr'><strong>istis</strong></span> <span class='ocrx_word' id='word_1_520' title='bbox 3699 1725 3829 1789; x_wconf 90' lang='lat' dir='ltr'><strong>tuis</strong></span> <span class='ocrx_word' id='word_1_521' title='bbox 3874 1723 4092 1789; x_wconf 84' lang='lat' dir='ltr'><strong>verbis</strong></span> <span class='ocrx_word' id='word_1_522' title='bbox 4136 1722 4324 1789; x_wconf 85' lang='lat' dir='ltr'><strong>facile</strong></span> 
     </span>
     <span class='ocr_line' id='line_1_77' title="bbox 2374 1809 4325 1893; baseline 0 -20"><span class='ocrx_word' id='word_1_523' title='bbox 2374 1822 2662 1892; x_wconf 86' lang='lat' dir='ltr'><strong>apparet.</strong></span> <span class='ocrx_word' id='word_1_524' title='bbox 2730 1809 2913 1874; x_wconf 86' lang='lat' dir='ltr'><strong>Nihil</strong></span> <span class='ocrx_word' id='word_1_525' title='bbox 2936 1810 3115 1875; x_wconf 90' lang='lat' dir='ltr'><strong>enim</strong></span> <span class='ocrx_word' id='word_1_526' title='bbox 3143 1830 3264 1875; x_wconf 89' lang='lat' dir='ltr'><strong>nos</strong></span> <span class='ocrx_word' id='word_1_527' title='bbox 3286 1811 3602 1875; x_wconf 88' lang='lat' dir='ltr'><strong>habemus</strong></span> <span class='ocrx_word' id='word_1_528' title='bbox 3625 1810 3794 1893; x_wconf 92' lang='lat' dir='ltr'><strong>quod</strong></span> <span class='ocrx_word' id='word_1_529' title='bbox 3819 1818 3932 1875; x_wconf 91' lang='lat' dir='ltr'><strong>aut</strong></span> <span class='ocrx_word' id='word_1_530' title='bbox 3954 1820 4066 1874; x_wconf 88' lang='lat' dir='ltr'><strong>tuo</strong></span> <span class='ocrx_word' id='word_1_531' title='bbox 4087 1810 4325 1875; x_wconf 91' lang='lat' dir='ltr'><strong>iudicio</strong></span> 
     </span>
     <span class='ocr_line' id='line_1_78' title="bbox 2377 1895 4325 1979; baseline -0.001 -18"><span class='ocrx_word' id='word_1_532' title='bbox 2377 1899 2507 1976; x_wconf 89' lang='lat' dir='ltr'><strong>(sat</strong></span> <span class='ocrx_word' id='word_1_533' title='bbox 2540 1895 2810 1979; x_wconf 86' lang='lat' dir='ltr'><strong>scimus)</strong></span> <span class='ocrx_word' id='word_1_534' title='bbox 2840 1908 2955 1959; x_wconf 86' lang='lat' dir='ltr'><strong>aut</strong></span> <span class='ocrx_word' id='word_1_535' title='bbox 2989 1898 3377 1979; x_wconf 89' lang='lat' dir='ltr'><strong>cuiusquam</strong></span> <span class='ocrx_word' id='word_1_536' title='bbox 3404 1897 3493 1979; x_wconf 93' lang='lat' dir='ltr'><strong>pii</strong></span> <span class='ocrx_word' id='word_1_537' title='bbox 3523 1895 3628 1960; x_wconf 84' lang='lat' dir='ltr'><strong>vel</strong></span> <span class='ocrx_word' id='word_1_538' title='bbox 3664 1895 3897 1960; x_wconf 89' lang='lat' dir='ltr'><strong>inutile</strong></span> <span class='ocrx_word' id='word_1_539' title='bbox 3917 1895 4029 1961; x_wconf 81' lang='lat' dir='ltr'><strong>vel</strong></span> <span class='ocrx_word' id='word_1_540' title='bbox 4052 1896 4325 1960; x_wconf 83' lang='lat' dir='ltr'><strong>noxium</strong></span> 
     </span>
     <span class='ocr_line' id='line_1_79' title="bbox 2373 1980 4325 2065; baseline -0.001 -18"><span class='ocrx_word' id='word_1_541' title='bbox 2373 1980 2584 2047; x_wconf 84' lang='lat' dir='ltr'><strong>videri</strong></span> <span class='ocrx_word' id='word_1_542' title='bbox 2622 1982 2845 2065; x_wconf 89' lang='lat' dir='ltr'><strong>possit.</strong></span> <span class='ocrx_word' id='word_1_543' title='bbox 2914 1980 3049 2047; x_wconf 82' lang='lat' dir='ltr'><strong>Sed</strong></span> <span class='ocrx_word' id='word_1_544' title='bbox 3093 1992 3268 2047; x_wconf 90' lang='lat' dir='ltr'><strong>recte</strong></span> <span class='ocrx_word' id='word_1_545' title='bbox 3311 1989 3388 2047; x_wconf 89' lang='lat' dir='ltr'><strong>tu</strong></span> <span class='ocrx_word' id='word_1_546' title='bbox 3424 1991 3490 2046; x_wconf 87' lang='lat' dir='ltr'><strong>te</strong></span> <span class='ocrx_word' id='word_1_547' title='bbox 3534 1981 3815 2059; x_wconf 90' lang='lat' dir='ltr'><strong>cohibes,</strong></span> <span class='ocrx_word' id='word_1_548' title='bbox 3834 1983 3890 2057; x_wconf 73' lang='lat'><strong>⁸)</strong></span> <span class='ocrx_word' id='word_1_549' title='bbox 3935 1983 4047 2064; x_wconf 90' lang='lat' dir='ltr'><strong>qui</strong></span> <span class='ocrx_word' id='word_1_550' title='bbox 4083 1980 4325 2063; x_wconf 85' lang='lat' dir='ltr'><strong>alioqui</strong></span> 
     </span>
     <span class='ocr_line' id='line_1_80' title="bbox 2375 2065 4327 2149; baseline 0 -19"><span class='ocrx_word' id='word_1_551' title='bbox 2375 2065 2851 2132; x_wconf 82' lang='lat' dir='ltr'><strong>andabatarum</strong></span> <span class='ocrx_word' id='word_1_552' title='bbox 2887 2088 3066 2132; x_wconf 89' lang='lat' dir='ltr'><strong>more</strong></span> <span class='ocrx_word' id='word_1_553' title='bbox 3111 2076 3339 2132; x_wconf 90' lang='lat' dir='ltr'><strong>contra</strong></span> <span class='ocrx_word' id='word_1_554' title='bbox 3376 2089 3451 2132; x_wconf 92' lang='lat' dir='ltr'><strong>ea</strong></span> <span class='ocrx_word' id='word_1_555' title='bbox 3486 2087 3652 2149; x_wconf 91' lang='lat' dir='ltr'><strong>quae</strong></span> <span class='ocrx_word' id='word_1_556' title='bbox 3692 2085 4016 2149; x_wconf 90' lang='lat' dir='ltr'><strong>nusquam</strong></span> <span class='ocrx_word' id='word_1_557' title='bbox 4061 2072 4327 2131; x_wconf 85' lang='lat' dir='ltr'><strong>exstent</strong></span> 
     </span>
     <span class='ocr_line' id='line_1_81' title="bbox 2373 2153 4327 2238; baseline 0 -22"><span class='ocrx_word' id='word_1_558' title='bbox 2373 2153 2620 2217; x_wconf 89' lang='lat' dir='ltr'><strong>frustra</strong></span> <span class='ocrx_word' id='word_1_559' title='bbox 2684 2155 2915 2219; x_wconf 82' lang='lat' dir='ltr'><strong>fuisses</strong></span> <span class='ocrx_word' id='word_1_560' title='bbox 2983 2165 3414 2238; x_wconf 87' lang='lat' dir='ltr'><strong>pugnaturus.</strong></span> <span class='ocrx_word' id='word_1_561' title='bbox 3516 2153 4097 2218; x_wconf 84' lang='lat' dir='ltr'><strong>Cacremoniarum</strong></span> <span class='ocrx_word' id='word_1_562' title='bbox 4174 2172 4327 2216; x_wconf 93' lang='lat' dir='ltr'><strong>nos-</strong></span> 
     </span>
     <span class='ocr_line' id='line_1_82' title="bbox 2375 2237 4326 2322; baseline -0.001 -20"><span class='ocrx_word' id='word_1_563' title='bbox 2375 2247 2650 2313; x_wconf 88' lang='lat' dir='ltr'><strong>trarum,</strong></span> <span class='ocrx_word' id='word_1_564' title='bbox 2712 2239 2948 2322; x_wconf 89' lang='lat' dir='ltr'><strong>quibus</strong></span> <span class='ocrx_word' id='word_1_565' title='bbox 3014 2239 3122 2303; x_wconf 86' lang='lat' dir='ltr'><strong>hic</strong></span> <span class='ocrx_word' id='word_1_566' title='bbox 3176 2240 3445 2317; x_wconf 87' lang='lat' dir='ltr'><strong>utimur,</strong></span> <span class='ocrx_word' id='word_1_567' title='bbox 3504 2239 3825 2304; x_wconf 88' lang='lat' dir='ltr'><strong>rationem</strong></span> <span class='ocrx_word' id='word_1_568' title='bbox 3873 2237 3991 2304; x_wconf 87' lang='lat' dir='ltr'><strong>tibi</strong></span> <span class='ocrx_word' id='word_1_569' title='bbox 4035 2237 4326 2317; x_wconf 89' lang='lat' dir='ltr'><strong>reddere,</strong></span> 
     </span>
     <span class='ocr_line' id='line_1_83' title="bbox 2377 2322 4329 2408; baseline 0 -20"><span class='ocrx_word' id='word_1_570' title='bbox 2377 2322 2485 2388; x_wconf 91' lang='lat' dir='ltr'><strong>ubi</strong></span> <span class='ocrx_word' id='word_1_571' title='bbox 2546 2325 2742 2403; x_wconf 84' lang='lat' dir='ltr'><strong>voles,</strong></span> <span class='ocrx_word' id='word_1_572' title='bbox 2800 2325 3015 2408; x_wconf 88' lang='lat' dir='ltr'><strong>parati</strong></span> <span class='ocrx_word' id='word_1_573' title='bbox 3057 2346 3301 2401; x_wconf 88' lang='lat' dir='ltr'><strong>sumus,</strong></span> <span class='ocrx_word' id='word_1_574' title='bbox 3347 2325 3661 2408; x_wconf 88' lang='lat' dir='ltr'><strong>nobisque</strong></span> <span class='ocrx_word' id='word_1_575' title='bbox 3704 2325 3916 2408; x_wconf 88' lang='lat' dir='ltr'><strong>magis</strong></span> <span class='ocrx_word' id='word_1_576' title='bbox 3963 2324 4329 2389; x_wconf 84' lang='lat' dir='ltr'><strong>verendum</strong></span> 
     </span>
     <span class='ocr_line' id='line_1_84' title="bbox 2374 2408 4327 2496; baseline 0.001 -22"><span class='ocrx_word' id='word_1_577' title='bbox 2374 2422 2684 2494; x_wconf 89' lang='lat' dir='ltr'><strong>putamus</strong></span> <span class='ocrx_word' id='word_1_578' title='bbox 2728 2432 2814 2475; x_wconf 90' lang='lat' dir='ltr'><strong>ne</strong></span> <span class='ocrx_word' id='word_1_579' title='bbox 2849 2431 3074 2475; x_wconf 90' lang='lat' dir='ltr'><strong>earum</strong></span> <span class='ocrx_word' id='word_1_580' title='bbox 3120 2411 3416 2496; x_wconf 88' lang='lat' dir='ltr'><strong>paucitas</strong></span> <span class='ocrx_word' id='word_1_581' title='bbox 3462 2411 3675 2493; x_wconf 89' lang='lat' dir='ltr'><strong>potius</strong></span> <span class='ocrx_word' id='word_1_582' title='bbox 3731 2430 3928 2493; x_wconf 91' lang='lat' dir='ltr'><strong>quam</strong></span> <span class='ocrx_word' id='word_1_583' title='bbox 3972 2408 4327 2475; x_wconf 90' lang='lat' dir='ltr'><strong>multitudo</strong></span> 
     </span>
     <span class='ocr_line' id='line_1_85' title="bbox 2377 2494 4330 2580; baseline 0.001 -21"><span class='ocrx_word' id='word_1_584' title='bbox 2377 2496 2466 2560; x_wconf 91' lang='lat' dir='ltr'><strong>sit</strong></span> <span class='ocrx_word' id='word_1_585' title='bbox 2507 2496 2736 2560; x_wconf 87' lang='lat' dir='ltr'><strong>multis</strong></span> <span class='ocrx_word' id='word_1_586' title='bbox 2759 2494 3186 2579; x_wconf 88' lang='lat' dir='ltr'><strong>displicitura,</strong></span> <span class='ocrx_word' id='word_1_587' title='bbox 3233 2495 3548 2580; x_wconf 90' lang='lat' dir='ltr'><strong>quidquid</strong></span> <span class='ocrx_word' id='word_1_588' title='bbox 3562 2496 3828 2561; x_wconf 88' lang='lat' dir='ltr'><strong>tandem</strong></span> <span class='ocrx_word' id='word_1_589' title='bbox 3874 2495 4074 2560; x_wconf 90' lang='lat' dir='ltr'><strong>momi</strong></span> <span class='ocrx_word' id='word_1_590' title='bbox 4116 2495 4330 2560; x_wconf 89' lang='lat' dir='ltr'><strong>nostri</strong></span> 
     </span>
     <span class='ocr_line' id='line_1_86' title="bbox 2376 2581 2864 2665; baseline -0.002 -19"><span class='ocrx_word' id='word_1_591' title='bbox 2376 2581 2864 2665; x_wconf 87' lang='lat' dir='ltr'><strong>oggannierint.</strong></span> 
     </span>
    </p>

    <p class='ocr_par' dir='ltr' id='par_1_12' title="bbox 2375 2665 4337 4644">
     <span class='ocr_line' id='line_1_87' title="bbox 2549 2665 4326 2745; baseline -0.001 -15"><span class='ocrx_word' id='word_1_592' title='bbox 2549 2667 2612 2730; x_wconf 92' lang='lat' dir='ltr'>N</span> <span class='ocrx_word' id='word_1_593' title='bbox 2616 2690 2743 2733; x_wconf 89' lang='lat' dir='ltr'><strong>unc</strong></span> <span class='ocrx_word' id='word_1_594' title='bbox 2812 2666 2892 2731; x_wconf 90' lang='lat' dir='ltr'><strong>ad</strong></span> <span class='ocrx_word' id='word_1_595' title='bbox 2967 2677 3223 2734; x_wconf 89' lang='lat' dir='ltr'><strong>caetera</strong></span> <span class='ocrx_word' id='word_1_596' title='bbox 3294 2679 3409 2735; x_wconf 90' lang='lat' dir='ltr'><strong>tua</strong></span> <span class='ocrx_word' id='word_1_597' title='bbox 3458 2668 3819 2733; x_wconf 87' lang='lat' dir='ltr'><strong>redeamus.</strong></span> <span class='ocrx_word' id='word_1_598' title='bbox 3921 2665 4326 2745; x_wconf 90' lang='lat' dir='ltr'><strong>Probabunt,</strong></span> 
     </span>
     <span class='ocr_line' id='line_1_88' title="bbox 2377 2753 4330 2839; baseline -0.001 -20"><span class='ocrx_word' id='word_1_599' title='bbox 2377 2754 2612 2835; x_wconf 82' lang='lat' dir='ltr'><strong>inquis,</strong></span> <span class='ocrx_word' id='word_1_600' title='bbox 2637 2757 2690 2837; x_wconf 81' lang='lat'><strong>⁹)</strong></span> <span class='ocrx_word' id='word_1_601' title='bbox 2751 2774 2979 2819; x_wconf 89' lang='lat' dir='ltr'><strong>omnes</strong></span> <span class='ocrx_word' id='word_1_602' title='bbox 3044 2754 3199 2820; x_wconf 91' lang='lat' dir='ltr'><strong>boni</strong></span> <span class='ocrx_word' id='word_1_603' title='bbox 3251 2764 3574 2839; x_wconf 87' lang='lat' dir='ltr'><strong>pastorem</strong></span> <span class='ocrx_word' id='word_1_604' title='bbox 3633 2753 4044 2837; x_wconf 89' lang='lat' dir='ltr'><strong>reliquosque</strong></span> <span class='ocrx_word' id='word_1_605' title='bbox 4101 2753 4330 2817; x_wconf 88' lang='lat' dir='ltr'><strong>minis-</strong></span> 
     </span>
     <span class='ocr_line' id='line_1_89' title="bbox 2378 2836 4330 2924; baseline -0.001 -21"><span class='ocrx_word' id='word_1_606' title='bbox 2378 2848 2517 2904; x_wconf 90' lang='lat' dir='ltr'><strong>tros</strong></span> <span class='ocrx_word' id='word_1_607' title='bbox 2562 2839 3018 2905; x_wconf 91' lang='lat' dir='ltr'><strong>communibus</strong></span> <span class='ocrx_word' id='word_1_608' title='bbox 3074 2841 3406 2924; x_wconf 79' lang='lat' dir='ltr'><strong>suffiagiis</strong></span> <span class='ocrx_word' id='word_1_609' title='bbox 3464 2840 3705 2905; x_wconf 88' lang='lat' dir='ltr'><strong>electos</strong></span> <span class='ocrx_word' id='word_1_610' title='bbox 3762 2860 3935 2915; x_wconf 91' lang='lat' dir='ltr'><strong>esse,</strong></span> <span class='ocrx_word' id='word_1_611' title='bbox 3995 2836 4188 2903; x_wconf 90' lang='lat' dir='ltr'><strong>modo</strong></span> <span class='ocrx_word' id='word_1_612' title='bbox 4245 2859 4330 2903; x_wconf 92' lang='lat' dir='ltr'><strong>ne</strong></span> 
     </span>
     <span class='ocr_line' id='line_1_90' title="bbox 2377 2925 4330 3010; baseline -0.001 -20"><span class='ocrx_word' id='word_1_613' title='bbox 2377 2936 2739 3010; x_wconf 87' lang='lat' dir='ltr'><strong>querantur</strong></span> <span class='ocrx_word' id='word_1_614' title='bbox 2794 2925 2935 3005; x_wconf 89' lang='lat' dir='ltr'><strong>alii,</strong></span> <span class='ocrx_word' id='word_1_615' title='bbox 2997 2935 3214 2992; x_wconf 88' lang='lat' dir='ltr'><strong>astute</strong></span> <span class='ocrx_word' id='word_1_616' title='bbox 3274 2936 3340 2993; x_wconf 92' lang='lat' dir='ltr'><strong>et</strong></span> <span class='ocrx_word' id='word_1_617' title='bbox 3398 2926 3677 3010; x_wconf 85' lang='lat' dir='ltr'><strong>obliquis</strong></span> <span class='ocrx_word' id='word_1_618' title='bbox 3752 2925 4007 2990; x_wconf 90' lang='lat' dir='ltr'><strong>artibus</strong></span> <span class='ocrx_word' id='word_1_619' title='bbox 4072 2934 4330 3007; x_wconf 88' lang='lat' dir='ltr'><strong>partem</strong></span> 
     </span>
     <span class='ocr_line' id='line_1_91' title="bbox 2378 3010 4329 3096; baseline -0.001 -18"><span class='ocrx_word' id='word_1_620' title='bbox 2378 3011 2689 3078; x_wconf 88' lang='lat' dir='ltr'><strong>ecclesiae</strong></span> <span class='ocrx_word' id='word_1_621' title='bbox 2734 3012 2935 3077; x_wconf 90' lang='lat' dir='ltr'><strong>fuisse</strong></span> <span class='ocrx_word' id='word_1_622' title='bbox 2980 3032 3378 3096; x_wconf 84' lang='lat' dir='ltr'><strong>oppressam.</strong></span> <span class='ocrx_word' id='word_1_623' title='bbox 3459 3011 3778 3078; x_wconf 84' lang='lat' dir='ltr'><strong>Aculeata</strong></span> <span class='ocrx_word' id='word_1_624' title='bbox 3822 3030 3979 3075; x_wconf 89' lang='lat' dir='ltr'><strong>sane</strong></span> <span class='ocrx_word' id='word_1_625' title='bbox 4024 3020 4126 3075; x_wconf 88' lang='lat' dir='ltr'><strong>est</strong></span> <span class='ocrx_word' id='word_1_626' title='bbox 4168 3010 4329 3076; x_wconf 86' lang='lat' dir='ltr'><strong>haec</strong></span> 
     </span>
     <span class='ocr_line' id='line_1_92' title="bbox 2377 3096 4331 3184; baseline -0.001 -20"><span class='ocrx_word' id='word_1_627' title='bbox 2377 3098 2586 3164; x_wconf 89' lang='lat' dir='ltr'><strong>oratio</strong></span> <span class='ocrx_word' id='word_1_628' title='bbox 2644 3121 2891 3182; x_wconf 89' lang='lat' dir='ltr'><strong>nosque</strong></span> <span class='ocrx_word' id='word_1_629' title='bbox 2946 3101 3239 3184; x_wconf 86' lang='lat' dir='ltr'><strong>graviter</strong></span> <span class='ocrx_word' id='word_1_630' title='bbox 3294 3101 3664 3176; x_wconf 88' lang='lat' dir='ltr'><strong>sauciasset,</strong></span> <span class='ocrx_word' id='word_1_631' title='bbox 3725 3096 3854 3163; x_wconf 90' lang='lat' dir='ltr'><strong>nisi</strong></span> <span class='ocrx_word' id='word_1_632' title='bbox 3914 3097 4054 3163; x_wconf 90' lang='lat' dir='ltr'><strong>eius</strong></span> <span class='ocrx_word' id='word_1_633' title='bbox 4098 3096 4331 3163; x_wconf 88' lang='lat' dir='ltr'><strong>obtusa</strong></span> 
     </span>
     <span class='ocr_line' id='line_1_93' title="bbox 2376 3183 4330 3267; baseline -0.002 -17"><span class='ocrx_word' id='word_1_634' title='bbox 2376 3185 2609 3250; x_wconf 88' lang='lat' dir='ltr'><strong>fuisset</strong></span> <span class='ocrx_word' id='word_1_635' title='bbox 2654 3184 2825 3251; x_wconf 91' lang='lat' dir='ltr'><strong>acies</strong></span> <span class='ocrx_word' id='word_1_636' title='bbox 2868 3207 3070 3267; x_wconf 88' lang='lat' dir='ltr'><strong>quum</strong></span> <span class='ocrx_word' id='word_1_637' title='bbox 3114 3187 3188 3251; x_wconf 90' lang='lat' dir='ltr'><strong>in</strong></span> <span class='ocrx_word' id='word_1_638' title='bbox 3232 3206 3351 3251; x_wconf 91' lang='lat' dir='ltr'><strong>nos</strong></span> <span class='ocrx_word' id='word_1_639' title='bbox 3408 3186 3793 3252; x_wconf 88' lang='lat' dir='ltr'><strong>incurreret.</strong></span> <span class='ocrx_word' id='word_1_640' title='bbox 3882 3183 4030 3249; x_wconf 92' lang='lat' dir='ltr'><strong>Imo</strong></span> <span class='ocrx_word' id='word_1_641' title='bbox 4078 3183 4330 3247; x_wconf 88' lang='lat' dir='ltr'><strong>fulmen</strong></span> 
     </span>
     <span class='ocr_line' id='line_1_94' title="bbox 2379 3268 4327 3354; baseline -0.002 -18"><span class='ocrx_word' id='word_1_642' title='bbox 2379 3290 2523 3336; x_wconf 90' lang='lat' dir='ltr'><strong>esse</strong></span> <span class='ocrx_word' id='word_1_643' title='bbox 2572 3271 2875 3348; x_wconf 86' lang='lat' dir='ltr'><strong>fatemur,</strong></span> <span class='ocrx_word' id='word_1_644' title='bbox 2934 3272 3049 3338; x_wconf 88' lang='lat' dir='ltr'><strong>sed</strong></span> <span class='ocrx_word' id='word_1_645' title='bbox 3110 3293 3241 3336; x_wconf 90' lang='lat' dir='ltr'><strong>non</strong></span> <span class='ocrx_word' id='word_1_646' title='bbox 3299 3292 3430 3354; x_wconf 92' lang='lat' dir='ltr'><strong>quo</strong></span> <span class='ocrx_word' id='word_1_647' title='bbox 3490 3272 3762 3336; x_wconf 89' lang='lat' dir='ltr'><strong>missum</strong></span> <span class='ocrx_word' id='word_1_648' title='bbox 3814 3277 3916 3334; x_wconf 89' lang='lat' dir='ltr'><strong>est</strong></span> <span class='ocrx_word' id='word_1_649' title='bbox 3965 3268 4327 3352; x_wconf 86' lang='lat' dir='ltr'><strong>pertigisse.</strong></span> 
     </span>
     <span class='ocr_line' id='line_1_95' title="bbox 2375 3355 4337 3440; baseline -0.001 -19"><span class='ocrx_word' id='word_1_650' title='bbox 2375 3357 2701 3422; x_wconf 90' lang='lat' dir='ltr'><strong>Homines</strong></span> <span class='ocrx_word' id='word_1_651' title='bbox 2726 3358 2898 3422; x_wconf 87' lang='lat' dir='ltr'><strong>male</strong></span> <span class='ocrx_word' id='word_1_652' title='bbox 2934 3359 3060 3423; x_wconf 92' lang='lat' dir='ltr'><strong>sibi</strong></span> <span class='ocrx_word' id='word_1_653' title='bbox 3087 3358 3378 3424; x_wconf 88' lang='lat' dir='ltr'><strong>conscios</strong></span> <span class='ocrx_word' id='word_1_654' title='bbox 3412 3356 3658 3440; x_wconf 85' lang='lat' dir='ltr'><strong>aliquid</strong></span> <span class='ocrx_word' id='word_1_655' title='bbox 3695 3355 3962 3420; x_wconf 88' lang='lat' dir='ltr'><strong>tandem</strong></span> <span class='ocrx_word' id='word_1_656' title='bbox 4004 3375 4337 3422; x_wconf 89' lang='lat' dir='ltr'><strong>commen-</strong></span> 
     </span>
     <span class='ocr_line' id='line_1_96' title="bbox 2377 3440 4331 3526; baseline -0.001 -20"><span class='ocrx_word' id='word_1_657' title='bbox 2377 3454 2478 3514; x_wconf 86' lang='lat' dir='ltr'><strong>tos</strong></span> <span class='ocrx_word' id='word_1_658' title='bbox 2522 3464 2682 3521; x_wconf 90' lang='lat' dir='ltr'><strong>esse,</strong></span> <span class='ocrx_word' id='word_1_659' title='bbox 2729 3443 2916 3508; x_wconf 90' lang='lat' dir='ltr'><strong>nobis</strong></span> <span class='ocrx_word' id='word_1_660' title='bbox 2961 3465 3171 3526; x_wconf 91' lang='lat' dir='ltr'><strong>neque</strong></span> <span class='ocrx_word' id='word_1_661' title='bbox 3222 3464 3468 3508; x_wconf 83' lang='lat' dir='ltr'><strong>novum</strong></span> <span class='ocrx_word' id='word_1_662' title='bbox 3514 3462 3725 3525; x_wconf 89' lang='lat' dir='ltr'><strong>neque</strong></span> <span class='ocrx_word' id='word_1_663' title='bbox 3760 3442 4002 3505; x_wconf 90' lang='lat' dir='ltr'><strong>mirum</strong></span> <span class='ocrx_word' id='word_1_664' title='bbox 4040 3440 4331 3506; x_wconf 83' lang='lat' dir='ltr'><strong>videtur:</strong></span> 
     </span>
     <span class='ocr_line' id='line_1_97' title="bbox 2380 3526 4332 3613; baseline -0.004 -15"><span class='ocrx_word' id='word_1_665' title='bbox 2380 3539 2443 3598; x_wconf 79' lang='lat' dir='ltr'><strong>te</strong></span> <span class='ocrx_word' id='word_1_666' title='bbox 2482 3550 2635 3594; x_wconf 90' lang='lat' dir='ltr'><strong>vero</strong></span> <span class='ocrx_word' id='word_1_667' title='bbox 2680 3532 2772 3594; x_wconf 89' lang='lat' dir='ltr'><strong>ita</strong></span> <span class='ocrx_word' id='word_1_668' title='bbox 2814 3529 2949 3595; x_wconf 88' lang='lat' dir='ltr'><strong>illis</strong></span> <span class='ocrx_word' id='word_1_669' title='bbox 2992 3550 3187 3595; x_wconf 91' lang='lat' dir='ltr'><strong>aures</strong></span> <span class='ocrx_word' id='word_1_670' title='bbox 3246 3527 3632 3613; x_wconf 81' lang='lat' dir='ltr'><strong>patefecisse</strong></span> <span class='ocrx_word' id='word_1_671' title='bbox 3687 3535 3763 3592; x_wconf 88' lang='lat' dir='ltr'><strong>ut</strong></span> <span class='ocrx_word' id='word_1_672' title='bbox 3812 3528 3884 3590; x_wconf 89' lang='lat' dir='ltr'><strong>in</strong></span> <span class='ocrx_word' id='word_1_673' title='bbox 3934 3526 4123 3591; x_wconf 87' lang='lat' dir='ltr'><strong>illam</strong></span> <span class='ocrx_word' id='word_1_674' title='bbox 4183 3547 4332 3610; x_wconf 89' lang='lat' dir='ltr'><strong>par·</strong></span> 
     </span>
     <span class='ocr_line' id='line_1_98' title="bbox 2378 3611 4334 3698; baseline -0.001 -20"><span class='ocrx_word' id='word_1_675' title='bbox 2378 3631 2515 3680; x_wconf 86' lang='lat' dir='ltr'><strong>tem</strong></span> <span class='ocrx_word' id='word_1_676' title='bbox 2538 3615 2839 3680; x_wconf 89' lang='lat' dir='ltr'><strong>nonnihil</strong></span> <span class='ocrx_word' id='word_1_677' title='bbox 2860 3616 3220 3696; x_wconf 90' lang='lat' dir='ltr'><strong>inclinaris,</strong></span> <span class='ocrx_word' id='word_1_678' title='bbox 3256 3623 3517 3698; x_wconf 89' lang='lat' dir='ltr'><strong>praeter</strong></span> <span class='ocrx_word' id='word_1_679' title='bbox 3550 3632 3811 3678; x_wconf 91' lang='lat' dir='ltr'><strong>omnem</strong></span> <span class='ocrx_word' id='word_1_680' title='bbox 3846 3611 4041 3695; x_wconf 89' lang='lat' dir='ltr'><strong>plane</strong></span> <span class='ocrx_word' id='word_1_681' title='bbox 4064 3632 4334 3694; x_wconf 86' lang='lat' dir='ltr'><strong>exspec-</strong></span> 
     </span>
     <span class='ocr_line' id='line_1_99' title="bbox 2379 3698 4334 3782; baseline -0.001 -18"><span class='ocrx_word' id='word_1_682' title='bbox 2379 3702 2697 3765; x_wconf 87' lang='lat' dir='ltr'><strong>tationem</strong></span> <span class='ocrx_word' id='word_1_683' title='bbox 2731 3711 3024 3766; x_wconf 87' lang='lat' dir='ltr'><strong>nostram</strong></span> <span class='ocrx_word' id='word_1_684' title='bbox 3064 3702 3301 3766; x_wconf 88' lang='lat' dir='ltr'><strong>evenit.</strong></span> <span class='ocrx_word' id='word_1_685' title='bbox 3368 3698 3601 3782; x_wconf 77' lang='lat' dir='ltr'><strong>Qualis</strong></span> <span class='ocrx_word' id='word_1_686' title='bbox 3645 3718 3804 3764; x_wconf 82' lang='lat' dir='ltr'><strong>vero</strong></span> <span class='ocrx_word' id='word_1_687' title='bbox 3842 3698 4069 3764; x_wconf 91' lang='lat' dir='ltr'><strong>electio</strong></span> <span class='ocrx_word' id='word_1_688' title='bbox 4106 3709 4334 3763; x_wconf 88' lang='lat' dir='ltr'><strong>nostra</strong></span> 
     </span>
     <span class='ocr_line' id='line_1_100' title="bbox 2379 3785 4334 3864; baseline -0.003 -13"><span class='ocrx_word' id='word_1_689' title='bbox 2379 3788 2597 3861; x_wconf 88' lang='lat' dir='ltr'><strong>fuerit,</strong></span> <span class='ocrx_word' id='word_1_690' title='bbox 2635 3795 2864 3853; x_wconf 88' lang='lat' dir='ltr'><strong>testem</strong></span> <span class='ocrx_word' id='word_1_691' title='bbox 2909 3788 3224 3853; x_wconf 88' lang='lat' dir='ltr'><strong>habemus</strong></span> <span class='ocrx_word' id='word_1_692' title='bbox 3247 3787 3485 3864; x_wconf 89' lang='lat' dir='ltr'><strong>Deum,</strong></span> <span class='ocrx_word' id='word_1_693' title='bbox 3518 3785 3982 3851; x_wconf 89' lang='lat' dir='ltr'><strong>conscientiam</strong></span> <span class='ocrx_word' id='word_1_694' title='bbox 4022 3793 4334 3864; x_wconf 87' lang='lat' dir='ltr'><strong>nostram,</strong></span> 
     </span>
     <span class='ocr_line' id='line_1_101' title="bbox 2383 3871 4335 3954; baseline -0.002 -17"><span class='ocrx_word' id='word_1_695' title='bbox 2383 3874 2759 3938; x_wconf 88' lang='lat' dir='ltr'><strong>universam</strong></span> <span class='ocrx_word' id='word_1_696' title='bbox 2828 3883 3120 3938; x_wconf 86' lang='lat' dir='ltr'><strong>nostram</strong></span> <span class='ocrx_word' id='word_1_697' title='bbox 3185 3872 3524 3938; x_wconf 86' lang='lat' dir='ltr'><strong>ecclesiam</strong></span> <span class='ocrx_word' id='word_1_698' title='bbox 3604 3883 3799 3954; x_wconf 88' lang='lat' dir='ltr'><strong>atque</strong></span> <span class='ocrx_word' id='word_1_699' title='bbox 3875 3871 4052 3952; x_wconf 91' lang='lat' dir='ltr'><strong>ipsos</strong></span> <span class='ocrx_word' id='word_1_700' title='bbox 4134 3871 4335 3934; x_wconf 88' lang='lat' dir='ltr'><strong>etiam</strong></span> 
     </span>
     <span class='ocr_line' id='line_1_102' title="bbox 2381 3956 4336 4043; baseline -0.001 -21"><span class='ocrx_word' id='word_1_701' title='bbox 2381 3960 2828 4043; x_wconf 83' lang='lat' dir='ltr'><strong>magistratus,</strong></span> <span class='ocrx_word' id='word_1_702' title='bbox 2889 3979 3169 4042; x_wconf 88' lang='lat' dir='ltr'><strong>quorum</strong></span> <span class='ocrx_word' id='word_1_703' title='bbox 3228 3959 3581 4023; x_wconf 86' lang='lat' dir='ltr'><strong>autoritate</strong></span> <span class='ocrx_word' id='word_1_704' title='bbox 3634 3966 3700 4021; x_wconf 89' lang='lat' dir='ltr'><strong>et</strong></span> <span class='ocrx_word' id='word_1_705' title='bbox 3757 3956 4029 4021; x_wconf 90' lang='lat' dir='ltr'><strong>consilio</strong></span> <span class='ocrx_word' id='word_1_706' title='bbox 4074 3976 4336 4038; x_wconf 90' lang='lat' dir='ltr'><strong>semper</strong></span> 
     </span>
     <span class='ocr_line' id='line_1_103' title="bbox 2384 4041 4333 4127; baseline -0.003 -17"><span class='ocrx_word' id='word_1_707' title='bbox 2384 4047 2486 4110; x_wconf 91' lang='lat' dir='ltr'><strong>usi</strong></span> <span class='ocrx_word' id='word_1_708' title='bbox 2545 4067 2789 4110; x_wconf 89' lang='lat' dir='ltr'><strong>sumus.</strong></span> <span class='ocrx_word' id='word_1_709' title='bbox 2882 4043 3016 4110; x_wconf 83' lang='lat' dir='ltr'><strong>Sed</strong></span> <span class='ocrx_word' id='word_1_710' title='bbox 3082 4045 3315 4127; x_wconf 89' lang='lat' dir='ltr'><strong>quibus</strong></span> <span class='ocrx_word' id='word_1_711' title='bbox 3399 4041 3723 4109; x_wconf 90' lang='lat' dir='ltr'><strong>cuniculis</strong></span> <span class='ocrx_word' id='word_1_712' title='bbox 3801 4042 3912 4106; x_wconf 89' lang='lat' dir='ltr'><strong>alii</strong></span> <span class='ocrx_word' id='word_1_713' title='bbox 3992 4042 4333 4107; x_wconf 86' lang='lat' dir='ltr'><strong>ecclesiam</strong></span> 
     </span>
     <span class='ocr_line' id='line_1_104' title="bbox 2381 4127 4334 4215; baseline -0.003 -19"><span class='ocrx_word' id='word_1_714' title='bbox 2381 4150 2761 4215; x_wconf 88' lang='lat' dir='ltr'><strong>oppugnare</strong></span> <span class='ocrx_word' id='word_1_715' title='bbox 2805 4139 3001 4213; x_wconf 88' lang='lat' dir='ltr'><strong>atque</strong></span> <span class='ocrx_word' id='word_1_716' title='bbox 3045 4130 3206 4195; x_wconf 92' lang='lat' dir='ltr'><strong>adeo</strong></span> <span class='ocrx_word' id='word_1_717' title='bbox 3252 4139 3548 4195; x_wconf 85' lang='lat' dir='ltr'><strong>evertere</strong></span> <span class='ocrx_word' id='word_1_718' title='bbox 3593 4129 3884 4212; x_wconf 88' lang='lat' dir='ltr'><strong>aggressi</strong></span> <span class='ocrx_word' id='word_1_719' title='bbox 3940 4127 4090 4206; x_wconf 89' lang='lat' dir='ltr'><strong>sint,</strong></span> <span class='ocrx_word' id='word_1_720' title='bbox 4135 4146 4334 4208; x_wconf 88' lang='lat' dir='ltr'><strong>quam</strong></span> 
     </span>
     <span class='ocr_line' id='line_1_105' title="bbox 2385 4213 4334 4300; baseline -0.002 -19"><span class='ocrx_word' id='word_1_721' title='bbox 2385 4216 2660 4300; x_wconf 91' lang='lat' dir='ltr'><strong>obliquis</strong></span> <span class='ocrx_word' id='word_1_722' title='bbox 2716 4217 2966 4282; x_wconf 86' lang='lat' dir='ltr'><strong>artibus</strong></span> <span class='ocrx_word' id='word_1_723' title='bbox 3027 4218 3145 4292; x_wconf 87' lang='lat' dir='ltr'><strong>usi,</strong></span> <span class='ocrx_word' id='word_1_724' title='bbox 3206 4237 3400 4298; x_wconf 90' lang='lat' dir='ltr'><strong>quam</strong></span> <span class='ocrx_word' id='word_1_725' title='bbox 3456 4216 3656 4280; x_wconf 89' lang='lat' dir='ltr'><strong>etiam</strong></span> <span class='ocrx_word' id='word_1_726' title='bbox 3704 4213 4039 4278; x_wconf 90' lang='lat' dir='ltr'><strong>interdum</strong></span> <span class='ocrx_word' id='word_1_727' title='bbox 4106 4213 4334 4278; x_wconf 88' lang='lat' dir='ltr'><strong>turbu-</strong></span> 
     </span>
     <span class='ocr_line' id='line_1_106' title="bbox 2383 4296 4335 4386; baseline -0.003 -20"><span class='ocrx_word' id='word_1_728' title='bbox 2383 4303 2560 4368; x_wconf 90' lang='lat' dir='ltr'><strong>lenta</strong></span> <span class='ocrx_word' id='word_1_729' title='bbox 2617 4304 2872 4368; x_wconf 88' lang='lat' dir='ltr'><strong>ratione</strong></span> <span class='ocrx_word' id='word_1_730' title='bbox 2931 4302 3246 4386; x_wconf 85' lang='lat' dir='ltr'><strong>gloriolae</strong></span> <span class='ocrx_word' id='word_1_731' title='bbox 3304 4300 3615 4368; x_wconf 84' lang='lat' dir='ltr'><strong>velificati</strong></span> <span class='ocrx_word' id='word_1_732' title='bbox 3667 4301 3803 4365; x_wconf 90' lang='lat' dir='ltr'><strong>sint</strong></span> <span class='ocrx_word' id='word_1_733' title='bbox 3845 4321 4022 4376; x_wconf 88' lang='lat' dir='ltr'><strong>suae,</strong></span> <span class='ocrx_word' id='word_1_734' title='bbox 4069 4297 4231 4362; x_wconf 89' lang='lat' dir='ltr'><strong>alias</strong></span> <span class='ocrx_word' id='word_1_735' title='bbox 4276 4296 4335 4363; x_wconf 90' lang='lat' dir='ltr'><strong>si</strong></span> 
     </span>
     <span class='ocr_line' id='line_1_107' title="bbox 2384 4386 4337 4473; baseline -0.004 -20"><span class='ocrx_word' id='word_1_736' title='bbox 2384 4388 2765 4473; x_wconf 89' lang='lat' dir='ltr'><strong>urgebimur</strong></span> <span class='ocrx_word' id='word_1_737' title='bbox 2809 4390 3196 4473; x_wconf 85' lang='lat' dir='ltr'><strong>aperiemus.</strong></span> <span class='ocrx_word' id='word_1_738' title='bbox 3281 4386 3460 4452; x_wconf 90' lang='lat' dir='ltr'><strong>Illud</strong></span> <span class='ocrx_word' id='word_1_739' title='bbox 3503 4388 3704 4453; x_wconf 90' lang='lat' dir='ltr'><strong>etiam</strong></span> <span class='ocrx_word' id='word_1_740' title='bbox 3747 4406 3941 4469; x_wconf 92' lang='lat' dir='ltr'><strong>quam</strong></span> <span class='ocrx_word' id='word_1_741' title='bbox 3988 4404 4191 4468; x_wconf 83' lang='lat' dir='ltr'><strong>grave</strong></span> <span class='ocrx_word' id='word_1_742' title='bbox 4236 4393 4337 4448; x_wconf 91' lang='lat' dir='ltr'><strong>est</strong></span> 
     </span>
     <span class='ocr_line' id='line_1_108' title="bbox 2382 4470 4335 4558; baseline -0.003 -19"><span class='ocrx_word' id='word_1_743' title='bbox 2382 4473 2556 4558; x_wconf 90' lang='lat' dir='ltr'><strong>quod</strong></span> <span class='ocrx_word' id='word_1_744' title='bbox 2618 4474 2954 4540; x_wconf 86' lang='lat' dir='ltr'><strong>insinuare</strong></span> <span class='ocrx_word' id='word_1_745' title='bbox 3015 4473 3290 4554; x_wconf 79' lang='lat' dir='ltr'><strong>videris,</strong></span> <span class='ocrx_word' id='word_1_746' title='bbox 3350 4494 3470 4539; x_wconf 90' lang='lat' dir='ltr'><strong>nos</strong></span> <span class='ocrx_word' id='word_1_747' title='bbox 3528 4472 3955 4557; x_wconf 86' lang='lat' dir='ltr'><strong>magistratus</strong></span> <span class='ocrx_word' id='word_1_748' title='bbox 4020 4470 4335 4536; x_wconf 89' lang='lat' dir='ltr'><strong>facilitate</strong></span> 
     </span>
     <span class='ocr_line' id='line_1_109' title="bbox 2383 4556 4337 4644; baseline -0.003 -19"><span class='ocrx_word' id='word_1_749' title='bbox 2383 4560 2586 4626; x_wconf 88' lang='lat' dir='ltr'><strong>abuti.</strong></span> <span class='ocrx_word' id='word_1_750' title='bbox 2683 4561 2955 4627; x_wconf 90' lang='lat' dir='ltr'><strong>Utinam</strong></span> <span class='ocrx_word' id='word_1_751' title='bbox 3010 4581 3167 4626; x_wconf 85' lang='lat' dir='ltr'><strong>vero</strong></span> <span class='ocrx_word' id='word_1_752' title='bbox 3236 4561 3346 4644; x_wconf 92' lang='lat' dir='ltr'><strong>qui</strong></span> <span class='ocrx_word' id='word_1_753' title='bbox 3417 4558 3790 4625; x_wconf 89' lang='lat' dir='ltr'><strong>istiusmodi</strong></span> <span class='ocrx_word' id='word_1_754' title='bbox 3862 4556 4210 4624; x_wconf 88' lang='lat' dir='ltr'><strong>calumniis</strong></span> <span class='ocrx_word' id='word_1_755' title='bbox 4270 4565 4337 4620; x_wconf 89' lang='lat' dir='ltr'><strong>et</strong></span> 
     </span>
    </p>
   </div>
   <div class='ocr_carea' id='block_1_11' title="bbox 2381 4719 2793 4728">
    <p class='ocr_par' dir='ltr' id='par_1_13' title="bbox 2381 4719 2793 4728">
     <span class='ocr_line' id='line_1_110' title="bbox 2381 4719 2793 4728; baseline 0 1472"><span class='ocrx_word' id='word_1_756' title='bbox 2381 4719 2793 4728; x_wconf 95' lang='lat' dir='ltr'><strong> </strong></span> 
     </span>
    </p>
   </div>
   <div class='ocr_carea' id='block_1_12' title="bbox 2383 4795 4342 5408">
    <p class='ocr_par' dir='ltr' id='par_1_14' title="bbox 2383 4795 4342 5289">
     <span class='ocr_line' id='line_1_111' title="bbox 2593 4795 4337 4866; baseline -0.003 -13"><span class='ocrx_word' id='word_1_757' title='bbox 2593 4799 2644 4866; x_wconf 82' lang='grc'><strong>7)</strong></span> <span class='ocrx_word' id='word_1_758' title='bbox 2682 4799 2853 4853; x_wconf 86' lang='lat' dir='ltr'><strong>When</strong></span> <span class='ocrx_word' id='word_1_759' title='bbox 2903 4799 2998 4852; x_wconf 88' lang='lat' dir='ltr'><strong>the</strong></span> <span class='ocrx_word' id='word_1_760' title='bbox 3047 4800 3209 4852; x_wconf 87' lang='lat' dir='ltr'><strong>order</strong></span> <span class='ocrx_word' id='word_1_761' title='bbox 3254 4800 3315 4853; x_wconf 82' lang='lat' dir='ltr'><strong>of</strong></span> <span class='ocrx_word' id='word_1_762' title='bbox 3344 4798 3584 4862; x_wconf 71' lang='lat' dir='ltr'><strong>MattinS,</strong></span> <span class='ocrx_word' id='word_1_763' title='bbox 3638 4803 3697 4849; x_wconf 87' lang='lat' dir='ltr'><strong>to</strong></span> <span class='ocrx_word' id='word_1_764' title='bbox 3750 4798 3911 4864; x_wconf 91' lang='lat' dir='ltr'><strong>begin</strong></span> <span class='ocrx_word' id='word_1_765' title='bbox 3964 4796 4165 4862; x_wconf 84' lang='lat' dir='ltr'><strong>always</strong></span> <span class='ocrx_word' id='word_1_766' title='bbox 4202 4795 4337 4848; x_wconf 79' lang='lat' dir='ltr'><strong>with</strong></span> 
     </span>
     <span class='ocr_line' id='line_1_112' title="bbox 2385 4863 4336 4932; baseline -0.004 -9"><span class='ocrx_word' id='word_1_767' title='bbox 2385 4869 2626 4923; x_wconf 69' lang='lat' dir='ltr'><strong>Domine</strong></span> <span class='ocrx_word' id='word_1_768' title='bbox 2661 4870 2827 4932; x_wconf 77' lang='lat' dir='ltr'><strong>labia,</strong></span> <span class='ocrx_word' id='word_1_769' title='bbox 2864 4868 3020 4922; x_wconf 72' lang='lat' dir='ltr'><strong>Deus</strong></span> <span class='ocrx_word' id='word_1_770' title='bbox 3054 4872 3115 4922; x_wconf 76' lang='lat' dir='ltr'><strong>in</strong></span> <span class='ocrx_word' id='word_1_771' title='bbox 3151 4867 3489 4922; x_wconf 75' lang='lat' dir='ltr'><strong>adiutorium</strong></span> <span class='ocrx_word' id='word_1_772' title='bbox 3525 4864 3633 4918; x_wconf 86' lang='lat' dir='ltr'><strong>and</strong></span> <span class='ocrx_word' id='word_1_773' title='bbox 3669 4863 3849 4919; x_wconf 78' lang='lat' dir='ltr'><strong>Deum</strong></span> <span class='ocrx_word' id='word_1_774' title='bbox 3885 4865 4195 4928; x_wconf 75' lang='lat' dir='ltr'><strong>laudamus,</strong></span> <span class='ocrx_word' id='word_1_775' title='bbox 4230 4864 4336 4916; x_wconf 90' lang='lat' dir='ltr'><strong>and</strong></span> 
     </span>
     <span class='ocr_line' id='line_1_113' title="bbox 2385 4933 4336 5007; baseline -0.004 -15"><span class='ocrx_word' id='word_1_776' title='bbox 2385 4940 2545 4992; x_wconf 90' lang='lat' dir='ltr'><strong>other</strong></span> <span class='ocrx_word' id='word_1_777' title='bbox 2620 4941 2853 5007; x_wconf 83' lang='lat' dir='ltr'><strong>rescript</strong></span> <span class='ocrx_word' id='word_1_778' title='bbox 2889 4938 3068 4991; x_wconf 84' lang='lat' dir='ltr'><strong>words</strong></span> <span class='ocrx_word' id='word_1_779' title='bbox 3105 4943 3202 4990; x_wconf 86' lang='lat' dir='ltr'><strong>not</strong></span> <span class='ocrx_word' id='word_1_780' title='bbox 3249 4937 3378 4989; x_wconf 87' lang='lat' dir='ltr'><strong>read</strong></span> <span class='ocrx_word' id='word_1_781' title='bbox 3424 4936 3478 4987; x_wconf 91' lang='lat' dir='ltr'><strong>in</strong></span> <span class='ocrx_word' id='word_1_782' title='bbox 3525 4934 3621 4986; x_wconf 91' lang='lat' dir='ltr'><strong>the</strong></span> <span class='ocrx_word' id='word_1_783' title='bbox 3658 4935 3963 5002; x_wconf 75' lang='lat' dir='ltr'><strong>Scriptura,</strong></span> <span class='ocrx_word' id='word_1_784' title='bbox 4018 4949 4127 4985; x_wconf 75' lang='lat' dir='ltr'><strong>was</strong></span> <span class='ocrx_word' id='word_1_785' title='bbox 4162 4933 4336 4985; x_wconf 89' lang='lat' dir='ltr'><strong>called</strong></span> 
     </span>
     <span class='ocr_line' id='line_1_114' title="bbox 2385 5002 4337 5073; baseline -0.004 -12"><span class='ocrx_word' id='word_1_786' title='bbox 2385 5026 2452 5061; x_wconf 89' lang='lat' dir='ltr'><strong>an</strong></span> <span class='ocrx_word' id='word_1_787' title='bbox 2490 5008 2567 5060; x_wconf 89' lang='lat' dir='ltr'><strong>Or</strong></span> <span class='ocrx_word' id='word_1_788' title='bbox 2606 5023 2666 5060; x_wconf 88' lang='lat' dir='ltr'><strong>er</strong></span> <span class='ocrx_word' id='word_1_789' title='bbox 2700 5007 2988 5061; x_wconf 82' lang='lat' dir='ltr'><strong>borrowed</strong></span> <span class='ocrx_word' id='word_1_790' title='bbox 3024 5008 3085 5059; x_wconf 84' lang='lat' dir='ltr'><strong>of</strong></span> <span class='ocrx_word' id='word_1_791' title='bbox 3116 5006 3209 5059; x_wconf 87' lang='lat' dir='ltr'><strong>the</strong></span> <span class='ocrx_word' id='word_1_792' title='bbox 3246 5006 3464 5073; x_wconf 88' lang='lat' dir='ltr'><strong>Papists</strong></span> <span class='ocrx_word' id='word_1_793' title='bbox 3500 5004 3608 5056; x_wconf 90' lang='lat' dir='ltr'><strong>and</strong></span> <span class='ocrx_word' id='word_1_794' title='bbox 3643 5002 3954 5071; x_wconf 88' lang='lat' dir='ltr'><strong>Papistical,</strong></span> <span class='ocrx_word' id='word_1_795' title='bbox 3992 5002 4123 5054; x_wconf 86' lang='lat' dir='ltr'><strong>then</strong></span> <span class='ocrx_word' id='word_1_796' title='bbox 4159 5002 4337 5071; x_wconf 86' lang='lat' dir='ltr'><strong>began</strong></span> 
     </span>
     <span class='ocr_line' id='line_1_115' title="bbox 2383 5070 4342 5157; baseline -0.004 -27"><span class='ocrx_word' id='word_1_797' title='bbox 2383 5079 2480 5130; x_wconf 88' lang='lat' dir='ltr'><strong>the</strong></span> <span class='ocrx_word' id='word_1_798' title='bbox 2513 5076 2762 5146; x_wconf 84' lang='lat' dir='ltr'><strong>tragedie</strong></span> <span class='ocrx_word' id='word_1_799' title='bbox 2797 5076 2905 5157; x_wconf 81' lang='lat' dir='ltr'><strong>and</strong></span> <span class='ocrx_word' id='word_1_800' title='bbox 2940 5092 3040 5129; x_wconf 85' lang='lat' dir='ltr'><strong>our</strong></span> <span class='ocrx_word' id='word_1_801' title='bbox 3074 5075 3433 5127; x_wconf 85' lang='lat' dir='ltr'><strong>consultation</strong></span> <span class='ocrx_word' id='word_1_802' title='bbox 3469 5072 3660 5126; x_wconf 83' lang='lat' dir='ltr'><strong>ended.</strong></span> <span class='ocrx_word' id='word_1_803' title='bbox 3733 5070 3944 5138; x_wconf 69' lang='lat' dir='ltr'><strong>(Knooe,</strong></span> <span class='ocrx_word' id='word_1_804' title='bbox 3982 5085 4018 5122; x_wconf 81' lang='lat' dir='ltr'><strong>a</strong></span> <span class='ocrx_word' id='word_1_805' title='bbox 4052 5072 4342 5125; x_wconf 76' lang='lat' dir='ltr'><strong>narrative</strong></span> 
     </span>
     <span class='ocr_line' id='line_1_116' title="bbox 2384 5142 3980 5289; baseline -0.005 -20"><span class='ocrx_word' id='word_1_806' title='bbox 2384 5147 2454 5213; x_wconf 61' lang='lat' dir='ltr'><strong>Of</strong></span> <span class='ocrx_word' id='word_1_807' title='bbox 2480 5147 2568 5200; x_wconf 56' lang='lat' dir='ltr'><strong>the</strong></span> <span class='ocrx_word' id='word_1_808' title='bbox 2592 5144 2957 5282; x_wconf 56' lang='grc' dir='ltr'><strong>ζῖοἷῖἔῗέηρε</strong></span> <span class='ocrx_word' id='word_1_809' title='bbox 2987 5161 3044 5212; x_wconf 47' lang='lat' dir='ltr'><strong>p·</strong></span> <span class='ocrx_word' id='word_1_810' title='bbox 3083 5142 3199 5265; x_wconf 53' lang='lat'><strong>422}</strong></span> <span class='ocrx_word' id='word_1_811' title='bbox 3231 5212 3396 5266; x_wconf 79' lang='lat' dir='ltr'><strong>verba</strong></span> <span class='ocrx_word' id='word_1_812' title='bbox 3436 5209 3669 5264; x_wconf 73' lang='lat' dir='ltr'><strong>Caluini.</strong></span> <span class='ocrx_word' id='word_1_813' title='bbox 3743 5279 3753 5289; x_wconf 45' lang='lat'>·</span> <span class='ocrx_word' id='word_1_814' title='bbox 3970 5278 3980 5288; x_wconf 42' lang='lat'><strong>·</strong></span> 
     </span>
    </p>

    <p class='ocr_par' dir='ltr' id='par_1_15' title="bbox 2383 5277 4341 5408">
     <span class='ocr_line' id='line_1_117' title="bbox 2508 5277 4341 5407; baseline -0.004 -71"><span class='ocrx_word' id='word_1_815' title='bbox 2508 5283 2652 5407; x_wconf 64' lang='lat' dir='ltr'><strong>mil)</strong></span> <span class='ocrx_word' id='word_1_816' title='bbox 2689 5283 2845 5338; x_wconf 78' lang='lat' dir='ltr'><strong>Haec</strong></span> <span class='ocrx_word' id='word_1_817' title='bbox 2878 5282 3075 5338; x_wconf 76' lang='lat' dir='ltr'><strong>absunt</strong></span> <span class='ocrx_word' id='word_1_818' title='bbox 3111 5281 3181 5336; x_wconf 84' lang='lat' dir='ltr'><strong>ab</strong></span> <span class='ocrx_word' id='word_1_819' title='bbox 3214 5279 3340 5334; x_wconf 76' lang='lat' dir='ltr'><strong>edit.</strong></span> <span class='ocrx_word' id='word_1_820' title='bbox 3369 5278 3564 5345; x_wconf 71' lang='lat' dir='ltr'><strong>Besae,</strong></span> <span class='ocrx_word' id='word_1_821' title='bbox 3600 5277 3695 5332; x_wconf 76' lang='lat' dir='ltr'><strong>sed</strong></span> <span class='ocrx_word' id='word_1_822' title='bbox 3729 5293 3786 5330; x_wconf 78' lang='lat' dir='ltr'><strong>m</strong></span> <span class='ocrx_word' id='word_1_823' title='bbox 3823 5277 4041 5345; x_wconf 71' lang='lat' dir='ltr'><strong>anyltca</strong></span> <span class='ocrx_word' id='word_1_824' title='bbox 4075 5277 4341 5331; x_wconf 74' lang='lat' dir='ltr'><strong>relatione</strong></span> 
     </span>
     <span class='ocr_line' id='line_1_118' title="bbox 2383 5368 2619 5408; baseline -0.017 0"><span class='ocrx_word' id='word_1_825' title='bbox 2383 5368 2506 5408; x_wconf 72' lang='lat' dir='ltr'><strong>serv</strong></span> <span class='ocrx_word' id='word_1_826' title='bbox 2608 5393 2619 5404; x_wconf 90' lang='lat'><strong>.</strong></span> 
     </span>
    </p>
   </div>
   <div class='ocr_carea' id='block_1_13' title="bbox 4824 5 4836 1185">
    <p class='ocr_par' dir='ltr' id='par_1_16' title="bbox 4824 5 4836 1185">
     <span class='ocr_line' id='line_1_119' title="bbox 4824 5 4836 1185; baseline 0 0"><span class='ocrx_word' id='word_1_827' title='bbox 4824 5 4836 1185; x_wconf 95' lang='lat' dir='ltr'><strong> </strong></span> 
     </span>
    </p>
   </div>
  </div>
 </body>
</html>
