4850 6200
304 457 374 518 73

586 641 700 706 (Ex
735 641 1077 712 autogr-pho
1110 642 1242 697 eod.
1278 642 1475 698 Gener.
1516 640 1633 708 loe,
1666 642 1761 697 fol.
1795 640 1905 710 42.)

296 812 690 880 Reverendis
766 815 839 879 in
918 812 1189 880 Christo
1266 813 1563 897 patribus
1640 813 1921 880 dominis
1994 813 2230 879 Ioanni
2276 758 2283 833 Ξ

298 899 560 967 Calvino
605 899 786 966 Gnil.
834 899 1097 966 Farello
1156 914 1223 966 et
1264 900 1441 967 Petr.
1479 900 1711 966 Vireto
1770 898 2051 965 dominis
2093 899 2230 966 suis

898 985 1261 1070 plurimum
1303 985 1610 1051 colendis.

294 1155 685 1224 Dominisac
720 1157 1245 1242 praeceptoribus
1281 1160 1417 1224 suis
1438 1157 1506 1223 in
1533 1156 1802 1225 Christo
1838 1156 2231 1223 venerandis
2273 1106 2282 1219 1

292 1244 372 1309 Io.
415 1241 714 1322 Oalvino,
759 1243 1120 1311 Guillelmo
1140 1243 1407 1310 Farello
1447 1252 1517 1310 et
1549 1244 1626 1310 P.
1651 1244 1905 1323 Vireto,
1947 1243 2231 1310 Ioannes

538 1329 909 1397 Garncrius
952 1329 1220 1397 humilis
1264 1329 1627 1415 discipulus
1670 1328 1739 1397 S.
1786 1331 1862 1396 P.
1907 1330 1991 1395 D.

443 1467 693 1534 Paucis
736 1468 1071 1533 vobiscum
1106 1488 1319 1552 agam,
1376 1477 1599 1553 patres
1655 1487 1731 1534 ac
1774 1476 2227 1551 praeceptores

292 1549 659 1618 venerandi.
727 1551 964 1619 Obiter
1007 1553 1287 1619 narrabo
1322 1573 1486 1637 quae
1530 1552 1852 1638 superiori
1874 1551 2228 1618 Dominica

288 1642 468 1720 (quae
530 1639 661 1704 fuit
715 1644 753 1703 4
825 1639 1023 1706 huius
1090 1640 1340 1705 mensis
1394 1639 1652 1724 Martii)
1714 1638 1890 1704 facta
1947 1648 2102 1704 sunt
2154 1638 2227 1703 in

288 1734 505 1790 nostra
579 1724 866 1791 ccclesia.
956 1724 1081 1789 Illa
1131 1724 1235 1791 die
1306 1724 1517 1791 adfuit
1567 1738 1836 1791 senatus
1884 1727 1954 1789 in
2000 1733 2229 1791 nostra

286 1812 585 1877 concione
629 1831 763 1876 una
805 1831 953 1877 cum
1013 1810 1275 1878 domino
1334 1811 1597 1877 doctore
1641 1809 2146 1885 Hcmbarbachio,
2178 1809 2226 1895 ¹)

280 1897 2227 2068 &3⁸32ssssst⁹¹0⁸0⁶n⁰0³3>22m⁰⁰ffl223⁸20⁶⁰fflqu332⁵¹¹{gff'gssffiiss

279 2068 538 2134 nudem
560 2070 1032 2152 interpretatus
1054 2090 1201 2136 sum
1238 2035 1548 2136 ecclesiae
1583 2068 2033 2152 praesentibus
2073 2068 2225 2135 illis.

278 2153 449 2220 Haec
495 2155 572 2220 in
618 2175 879 2220 summa
920 2156 1197 2221 fuerunt
1239 2161 1548 2221 tractata:
1607 2155 1824 2237 primo
1867 2152 2042 2238 quod
2085 2157 2226 2220 Au-

279 2252 557 2324 gustana
599 2241 918 2307 confeoeio
954 2240 1188 2309 debeat
1223 2242 1306 2307 ab
1351 2241 1650 2307 omnibus
1685 2241 1887 2324 recipi
1923 2253 1993 2305 et
2034 2241 2226 2305 iuxta

277 2326 438 2390 illam
484 2335 861 2411 pertotam
915 2329 1207 2412 ipsorum
1263 2327 1578 2427 ditionem
1623 2324 1859 2427 doceri.
1949 2326 2053 2393 Ad
2102 2326 2227 2391 hoc

277 2411 581 2563 ἑῗὲἓιῖῗ
591 2433 773 2564 iffi
815 2413 2031 2582 wost‘attmmsst‘ipffiffi‘mt
2038 2434 2227 2564 ⁹233?

278 2605 429 2659 sum,
454 2582 657 2650 modo
679 2583 845 2650 bene
866 2585 1273 2669 intelligatur
1298 2594 1365 2651 et
1390 2585 1877 2669 interpretetur.
1893 2588 1929 2623 ⁴*
1970 2582 2227 2650 Deinde

278 2668 432 2748 dt.²)
493 2668 673 2754 quod
717 2672 1144 2756 magistratus
1186 2670 1350 2736 velit
1392 2691 1513 2735 nos
1555 2690 1785 2736 omnes
1829 2691 2034 2734 unum
2076 2691 2224 2735 sen-

276 2757 389 2822 tire
450 2766 527 2822 et
587 2754 817 2824 docere
887 2757 967 2823 de
1022 2758 1466 2822 sacramentis.
1568 2755 1749 2837 Quid
1815 2765 2040 2820 autem
2104 2775 2226 2821 nos

275 2843 636 2908 sentiamus
678 2852 798 2906 aut
830 2840 1179 2909 doceamus
1214 2841 1293 2909 de
1328 2842 1756 2908 sacramentis
1798 2841 2047 2924 (inquit
2087 2843 2228 2925 ipse

274 2925 489 2995 doctor
514 2927 978 3005 Hamas-bans)
1012 2929 1235 3013 paucis
1269 2928 1509 2996 dicam:
1547 2928 1759 3010 primo
1794 2948 1913 2992 nos
1947 2925 2228 2993 dicimus

272 3022 681 3080 sacramenta
723 3034 867 3081 esse
910 3016 1100 3101 signa
1142 3017 1410 3100 gratiae,
1460 3013 1679 3100 sigilla
1721 3014 2226 3098 promissionum

272 3097 393 3165 Dei
449 3111 525 3166 et
581 3102 859 3186 pignora
912 3102 1316 3168 remissionis
1382 3108 1792 3185 peccatorum
1844 3100 2052 3167 factae
2110 3121 2227 3182 per

272 3184 633 3253 Christum.
721 3188 892 3254 Item
951 3186 1123 3271 quod
1180 3199 1333 3254 sunt
1383 3188 1832 3256 caeremoniae
1886 3187 2225 3252 institutae

274 3292 309 3334 a
334 3271 612 3340 Christo
654 3274 725 3338 in
770 3274 1132 3358 evangelio,
1180 3294 1347 3357 quae
1390 3274 1756 3339 consistunt
1797 3273 1869 3337 in
1913 3273 2056 3356 ipso
2098 3293 2225 3338 usu

272 3370 492 3425 contra
537 3380 737 3443 quem
780 3370 1192 3426 sacramenta
1247 3380 1380 3425 non
1436 3368 1610 3424 sunt.
2092 3359 2224 3439 (in-

273 3445 439 3526 quit)
527 3465 653 3510 nos
727 3465 1043 3531 negamus
1098 3466 1357 3511 omnem
1419 3443 2223 3511 transsubstantiationem

272 3539 490 3596 mnu-a
584 3551 624 3595 a
671 3531 850 3612 istas,
897 3542 965 3597 et
1007 3532 1284 3598 dicimus
1318 3530 1571 3596 nullam
1607 3531 2040 3596 mutationem
2083 3530 2227 3595 fieri

271 3617 336 3679 in
376 3551 730 3703 symbolis,
790 3616 902 3683 sed
963 3616 1191 3684 eadem
1232 3625 1550 3702 perpetuo
1592 3637 1876 3683 manere.
1963 3616 2227 3682 Deinde

505 3723 591 3769 us
677 3724 939 3769 omnem
1043 3703 1316 3771 localem
1405 3704 1852 3770 exsistentiam
1935 3705 2226 3786 corporis

272 3788 543 3855 Christi.
646 3789 914 3856 Interea
971 3788 1279 3856 docemus
1342 3789 1513 3873 quod
1578 3790 1948 3873 quicunque
2011 3788 2227 3854 utitur

272 3874 383 3941 hoc
569 3896 608 3940 e
650 3885 721 3940 et
760 3876 913 3943 vino
955 3877 1030 3943 in
1072 3874 1469 3942 eucharistia
1512 3876 1702 3940 iuxta
1744 3875 2225 3941 institutionem

272 3959 420 4026 Iesu
443 3961 725 4035 Christi,
769 3960 943 4046 quod
989 3962 1094 4029 his
1137 3963 1268 4028 reci
1314 3962 1370 4025 it
1411 3982 1641 4026 verum
1686 3981 1924 4044 corpus
1965 3971 2033 4026 et
2073 3981 2225 4025 san·

272 4049 537 4130 guinem
602 4045 874 4112 Christi.
978 4048 1081 4113 De
1136 4069 1205 4112 m
1290 4067 1330 4111 o
1387 4055 1607 4112 autem
1662 4067 1792 4130 quo
1850 4046 2222 4129 recipimus,

272 4142 381 4196 aut
422 4134 572 4216 ipse
617 4132 926 4199 Christus
973 4133 1087 4200 dat
1129 4155 1198 4199 se
1243 4132 1447 4210 nobis,
1493 4152 1626 4198 non
1670 4152 1897 4198 sumus
1941 4132 2223 4199 multum

271 4220 448 4284 anxii
494 4230 618 4284 aut
675 4218 955 4297 solliciti,
1015 4241 1135 4287 nec
1181 4217 1488 4284 volumus
1532 4216 1866 4301 disputare
1910 4218 1991 4284 de
2033 4215 2224 4284 modo

268 4306 716 4387 praesentiae:
779 4305 901 4372 hoc
954 4326 1074 4370 nos
1117 4306 1527 4390 ignoramus,
1586 4304 1976 4387 praesertim
2019 4325 2221 4388 quum

270 4389 563 4457 humana
604 4392 776 4456 ratio
820 4391 944 4457 hoc
989 4412 1122 4457 non
1165 4392 1373 4474 possit
1414 4391 1687 4473 assequi.
1768 4389 1906 4454 Nos
1949 4389 2225 4456 dicimus

272 4495 411 4542 cum
482 4476 747 4562 virgine
790 4477 1040 4544 Maria:
1115 4479 1233 4543 fiat
1295 4475 1461 4542 mihi
1518 4475 1879 4542 secundum
1950 4477 2222 4542 verbnm

271 4573 479 4641 tuum,
540 4563 882 4629 inhiantes
923 4562 1023 4629 illi
1067 4562 1266 4628 verbo
1309 4561 1610 4628 Domini:
1667 4561 1795 4628 hoc
1849 4569 1951 4626 est
1989 4582 2224 4647 corpus

271 4667 522 4729 meum,
578 4648 689 4716 hic
730 4661 834 4716 est
873 4649 1046 4717 calix
1090 4649 1245 4714 novi
1289 4649 1668 4714 testamenti
1710 4658 1830 4714 etc.
1912 4645 2018 4713 Ad
2064 4648 2226 4715 haec

271 4733 405 4816 ipse
447 4733 786 4819 respondi,
847 4757 952 4804 me
1007 4734 1287 4802 libenter
1343 4733 1650 4820 amplecti
1690 4733 1806 4799 illa
1848 4739 1887 4797 4
1932 4733 2226 4817 epitheta

271 4829 853 4898 sacramentorum,
896 4820 1073 4906 quod
1116 4821 1251 4888 sint
1292 4820 1499 4906 signa,
1546 4818 1779 4905 sigilla,
1837 4819 2117 4904 pignora
2158 4826 2227 4886 et

272 4908 725 4974 meremoniae
738 4958 754 4986 ,
812 4907 1052 4974 deinde
1106 4927 1350 4991 negare
1406 4905 1687 4972 libenter
1742 4904 2225 4972 transsubstan-

272 4990 609 5058 tiationem
656 4999 725 5057 et
996 4993 1203 5058 utiam
1265 4991 1534 5058 localem
1581 4993 1714 5056 imo
1757 4991 1955 5056 etiam
1994 5010 2071 5057 co

274 5076 493 5143 mlum.
563 5076 702 5145 Sed
723 5077 804 5146 de
827 5079 1019 5146 modo
1054 5099 1184 5163 qno
1219 5077 1412 5145 datur
1436 5087 1554 5143 aut
1574 5078 1892 5159 recipitur
1913 5077 2223 5143 Christus

270 5235 331 5242 ‚-

2039 460 2201 522 1554
2236 455 2518 522 MART.

268 5315 449 5372 lm.
474 5318 536 5383 1)
574 5318 920 5375 mohin.

476 5387 540 5454 2)
571 5387 798 5445 dicebat.

4195 465 4277 525 74

2274 650 2284 749 ι
2328 646 2403 709 in
2447 645 2865 723 eucharistia,
2908 643 2983 710 in
3022 665 3150 727 quo
3190 644 3357 711 iacet
3399 652 3537 711 tota
3576 646 4036 725 controversia,
4080 669 4280 731 quem

2329 752 2449 881 ἴθ’
2489 750 2829 884 Ἣοὲῗκῖ.
2837 727 3562 902 tssmeffffiffi
3582 740 3933 900 332&ss
3955 733 4282 904 ῗὶἳῗῃᾚ

2384 902 2671 968 hristum
2733 911 2802 967 et
2853 902 3131 970 verbum
3200 902 3360 969 eius.
3459 901 3807 970 Praeterea
3862 905 4280 990 Augustinus

2334 989 2494 1070 (aio)
2537 996 2730 1054 vocat
2780 988 2897 1053 illa
2950 1000 3363 1056 sacramenta
3406 986 3586 1066 fidei,
3644 1011 3846 1072 quum
3898 992 4107 1074 posita
4149 993 4280 1058 fide

2329 1073 2601 1157 ponitur
2641 1081 3143 1153 sacramentum,
3189 1095 3320 1157 qua
3362 1074 3581 1141 ablata
3621 1075 3914 1140 aufertur
3956 1086 4020 1141 et
4063 1099 4279 1145 sacra-

2331 1167 2647 1225 mentum.
2750 1158 3253 1226 Sacramentum
3315 1161 3460 1225 sine
3528 1160 3659 1226 fide
3715 1172 4048 1246 receptum
4109 1164 4280 1229 nihil

2330 1254 2461 1324 est,
2525 1246 2735 1330 igitur
2791 1245 2956 1312 fides
3015 1246 3237 1312 omnia
3291 1267 3330 1312 o
3362 1332 3376 1346 ·
3413 1253 3601 1346 ratur
3654 1254 3776 1314 etc.
3875 1247 4094 1346 liduita
4150 1251 4281 1315 alia

2329 1333 2708 1517 Qpffi?
2736 1330 3396 1502 fflssssfffflioque
3430 1333 4072 1485 ‘’ttfflffltt
4127 1333 4282 1487 3¹33

2329 1502 2771 1570 celebratione
2806 1524 3030 1571 sacrae
3064 1524 3305 1570 coenae
3341 1503 3720 1584 dominicae,
3754 1504 4278 1589 praesidentibus

2330 1588 2612 1657 dominis
2655 1587 3028 1656 doctoribus
3075 1588 3260 1655 Petro
3297 1589 3598 1675 Martyre,
3642 1590 4057 1690 Hieronymo
4105 1591 4279 1657 Zan-

2328 1674 2483 1755 chio,
2526 1674 2669 1741 Ioh.
2717 1674 3119 1752 Hcmamoelc,
3138 1677 3192 1756 ⁸)
3239 1676 3650 1743 mamm-120
3705 1686 3775 1741 et
3830 1676 3974 1743 ahis
4030 1677 4276 1744 multis.

2329 1760 2510 1843 Quid
2552 1770 2773 1827 autem
2815 1760 3116 1826 futurum
3160 1762 3247 1827 sit
3288 1763 3474 1827 novit
3515 1764 3857 1841 Dominus,
3905 1785 3941 1828 e
3987 1785 4025 1830 o
4069 1763 4278 1829 indies

2327 1857 3094 2017 tffffi‘tmssfflffl
3146 1846 3434 2000 οζΐέθω
3448 1850 3920 2001 Βῖἑᾜθῐίἳῑηξ
3977 1849 4282 2003 'sitm‘

2329 2020 2593 2086 favente
2635 2018 2772 2085 deo.
2863 2019 3036 2084 Boni
3093 2020 3410 2086 consulite
3466 2021 3687 2085 omnia
3736 2021 3985 2104 pariter
4029 1987 4281 2105 styu03

2329 2114 2395 2255 gt
2428 2106 2695 2172 calamo.
2760 2105 3059 2231 Nungaius
3094 2114 3193 2171 est
3216 2105 3411 2172 valde
3433 2106 3723 2172 festivus.
3747 2111 3803 2181 ⁴)
3871 2109 4280 2193 Argentinae

2373 2242 2387 2256 .
2435 2191 2662 2257 Martfi
2717 2197 2894 2256 1554.
2949 2200 2972 2259 1

3105 2485 3470 2495 —————-——-—--——-
3485 2490 3496 2494 -

3204 2738 3391 2809 1⁹25.

2777 2890 3253 2960 SULZERUS
3298 2893 3422 2959 BL
3431 2892 3820 2960 AURERO.

2507 3062 2635 3130 Per
2873 3063 3124 3132 Calvisi
3165 3064 3434 3132 diatribe
3477 3062 3990 3132 anti-&wemma
4081 3068 4277 3134 Gene-

2326 3172 2442 3216 vae
2482 3172 2559 3215 ex
2755 3153 2768 3165 '
2847 3172 2879 3214 e
2920 3172 3218 3218 novomm
3249 3152 3654 3234 syndioorum
3694 3156 3750 3216 ct
3790 3152 4280 3219 reconciliatione

2329 3237 2841 3303 adversariorum·
2877 3257 2979 3302 res
3018 3237 3242 3304 melius
3270 3238 3631 3320 procedunt.

2352 3410 2689 3478 Excerptum
2734 3426 2802 3463 ex
2845 3409 3184 3530 autoffiwpho
3217 3409 3362 3491 βοά.
3410 3410 3644 3532 Βωῗυ.
3690 3408 3760 3463 36
3807 3411 3948 3480 Epp.
4005 3412 4136 3467 VII.
4184 3414 4277 3467 tol.

2399 3479 2446 3546 1,
2493 3478 2625 3532 0011.
2680 3495 2726 3531 c.
2775 3477 2905 3530 God.
3037 3494 3254 3600 3333·
3279 3478 3558 3614 201538’1.)
3581 3497 3673 3548 pp.
3720 3477 3866 3535 Vm.
3923 3481 4020 3535 fol.
4077 3479 4180 3535 775
4231 3500 4278 3533 v.

2328 3742 2409 3751 -
2471 3739 2546 3749 —-
2611 3739 2691 3749 ——n
2745 3741 2815 3748 -—--
2888 3739 2961 3749 —n
3021 3735 3098 3747 ω..-
3159 3741 3238 3749 -.
3297 3743 3376 3750 ...-
3427 3737 3489 3747 -o
3553 3737 3634 3749 -ο-
3682 3737 3763 3747 .-
3809 3739 3886 3749 .—
3939 3739 4020 3749 ———
4069 3741 4138 3749 ι-
4199 3743 4279 3750 ----

2503 3785 2752 3853 Galvini
2827 3789 3142 3870 scriptum
3169 3789 3220 3872 ¹)
3300 3785 3650 3854 admodum
3729 3810 3833 3854 me
3902 3788 4133 3856 refecit
4207 3801 4285 3855 ut

2328 3882 2488 3958 puta
2507 3876 2565 3949 ²)
2610 3885 2988 3940 accuratum
3021 3885 3085 3938 et
3124 3882 3423 3940 sanctum
3502 3895 3585 3940 uo
3620 3875 3819 3940 etiam
3855 3876 4290 3942 contentiosis

2326 3959 2595 4026 videtur
2640 3961 2801 4026 satis
2844 3960 3059 4026 facere
3103 3980 3320 4042 posse,
3378 3982 3461 4026 ne
3508 3982 3620 4025 um
3676 3960 3957 4029 cordatis
4017 3971 4082 4027 et
4125 3983 4284 4028 vere

2325 4046 2486 4131 piis,
2554 4046 2666 4129 qui
2721 4065 2855 4110 non
2996 4055 3187 4111 ssunt
3245 4067 3378 4112 non
3436 4049 3656 4112 statim
3714 4053 3815 4112 tot
3866 4047 4282 4114 evidentibus

2327 4132 2688 4215 scripturae
2731 4132 2914 4198 elene
2965 4134 2978 4147 '
3075 4153 3312 4198 manus
3367 4132 3731 4216 porrigere:
3786 4143 4117 4217 utcunque
4175 4156 4283 4200 ca-

2326 4219 2489 4283 ritas
2543 4217 2830 4303 benigna
2886 4225 2954 4283 et
3005 4219 3260 4300 patiens
3326 4219 3398 4283 in
3453 4217 3782 4284 mitiorem
3835 4240 3955 4304 pro
4017 4221 4031 4233 '
4130 4220 4281 4286 enio

2326 4305 2720 4370 sententiam
2792 4303 3095 4381 inclinet,
3164 4324 3333 4388 quae
3402 4312 3466 4369 et
3537 4304 3753 4387 ipsum
3825 4306 4278 4391 Augustmum

2326 4401 2552 4456 contra
2605 4389 3032 4456 Manichaeos
3089 4399 3394 4474 agentem
3451 4399 3870 4473 caeterosque
3927 4392 4280 4456 commovit

2325 4487 2398 4540 ut
2453 4474 2669 4541 lenius
2724 4475 3211 4559 pronunciaret:
3280 4497 3356 4542 ac
3427 4476 3639 4542 victus
3697 4485 3916 4543 tamen
3974 4474 4278 4559 blasphe-

2530 4767 2592 4834 3)
2639 4767 2930 4850 1.·πζειιιεῑὶίοξ
2964 4769 3065 4837 qui
3091 4766 3346 4823 hebraica
3373 4766 3730 4835 Argentorato·
3761 4766 3996 4829 domat,
4034 4766 4131 4820 κά
4165 4769 4276 4821 ia·

2324 4851 2376 4891 a.
2416 4835 2552 4891 1555
2586 4837 2749 4917 ὡσεί..
2816 4833 2925 4905 Qun
2958 4844 3139 4892 mea
3171 4835 3308 4891 olibo
3341 4835 3584 4890 Imm
3615 4852 3728 4890 non
3763 4839 4004 4891 vocawr.

2531 4905 2593 5039 33
2626 4905 4277 5055 &maurmwmmqoeummmmoem

2324 5043 2930 5194 wmfm
2945 5042 3262 5193 m
3290 5040 4277 5192 ‚it-,mawszffi

2328 5179 2404 5235 Ν.
2444 5179 2593 5235 1899.
2658 5179 2875 5236 Sinda
2907 5180 3244 5236 continuom
3280 5179 3529 5249 Μονίμη
3560 5184 3875 5248 proponam
3910 5196 4077 5250 quum
4116 5198 4273 5238 eoca-

2326 5318 2504 5373 ms.
2533 5319 2595 5454 ἐξ
2627 5318 2713 5443 ἢ
2725 5250 3356 5458 ρῲᾝεξ)ιὲὲηαωὼ.
3409 5314 3462 5370 8.
