4850 6200
301 433 422 495 778

299 619 416 698 bis,
439 622 498 701 ⁴)
534 619 594 684 si
628 618 834 684 ullam
854 617 1049 684 modo
1082 619 1316 684 rimam
1353 618 1488 685 illie
1510 618 1674 696 mihi
1709 624 1935 703 patere
1970 618 2247 685 videam.

301 704 492 786 Quod
549 705 757 789 igitur
811 706 895 770 ad
962 705 1347 772 iactationes
1407 705 1695 788 primum
1751 726 1933 770 meas
1993 707 2250 785 attinet,

467 812 628 856 sane
671 790 833 855 adeo
874 791 1039 856 mihi
1084 810 1218 856 non
1263 799 1422 855 sunt
1462 789 1775 855 molestae
1820 790 1936 875 (sit
1968 792 2254 857 Domino

298 875 442 942 Deo
488 888 713 943 nostro
757 879 994 960 gratia)
1041 888 1116 941 ut
1157 899 1240 941 ex
1286 876 1420 942 illis
1454 896 1759 960 magnam
1798 878 1997 943 etiam
2032 878 2255 943 animo

297 983 443 1029 meo
481 963 838 1046 concipiam
876 963 1406 1041 consolationem,
1443 963 1833 1047 praesertim
1871 984 2070 1046 quum
2105 963 2255 1030 illos

300 1050 516 1114 fructu
583 1069 701 1114 suo
765 1070 898 1113 non
977 1070 1200 1115 carere
1278 1047 1504 1113 divino
1580 1049 1894 1114 beneficio
1973 1048 2253 1115 videam.

301 1133 722 1200 Valetudinis
764 1134 1176 1200 incommoda
1218 1136 1391 1199 inter
1434 1135 1774 1200 commoda
1808 1156 1956 1200 mea
1999 1145 2251 1218 reputo,

302 1221 554 1285 etiamsi
599 1241 751 1286 caro
794 1221 1136 1286 reclamet:
1183 1222 1495 1285 nimirum
1543 1242 1674 1285 non
1720 1220 1945 1305 procul
1990 1243 2095 1286 me
2140 1221 2254 1286 ab·

299 1328 438 1372 esse
507 1328 546 1371 a
607 1316 803 1388 portu
867 1306 1060 1371 video
1124 1305 1206 1371 ad
1272 1327 1467 1390 quem
1533 1328 1759 1373 omnes
1823 1307 2252 1391 suspiramus.

299 1392 499 1457 Faxit
531 1393 858 1457 Dominus
901 1402 979 1456 ut
1013 1391 1094 1456 ad
1139 1392 1327 1457 illum
1371 1393 1521 1458 forti
1567 1392 1970 1476 infractoque
2012 1394 2253 1472 animo,

302 1500 503 1562 quum
548 1478 608 1542 ei
652 1478 914 1542 libitum
957 1477 1176 1555 fuerit,
1223 1499 1344 1563 per
1387 1478 1529 1544 eius
1565 1477 2080 1544 misericordiam
2116 1500 2255 1544 om-

299 1586 416 1631 nes
460 1585 939 1647 perveniamus.

469 1649 575 1716 De
622 1672 768 1715 mea
811 1651 1026 1732 patria
1068 1661 1286 1715 tecum
1332 1652 1562 1721 sentio,
1625 1649 1736 1715 sed
1783 1672 1993 1732 neque
2041 1650 2256 1716 adhuc

301 1737 764 1820 tempestivum
803 1757 945 1801 esse
994 1748 1165 1819 puto,
1228 1745 1294 1801 et
1338 1736 1479 1801 sine
1523 1738 1831 1802 ecelesiae
1875 1758 2061 1801 meae
2105 1736 2255 1800 Fri-

300 1824 469 1887 sieae
523 1842 812 1899 assensu,
879 1821 985 1887 cui
1041 1822 1258 1886 adhue
1311 1823 1663 1887 obstrictus
1728 1844 1894 1899 sum,
1922 1826 1975 1897 ⁵)
2043 1823 2256 1887 facere

301 1907 466 1973 nihil
525 1928 809 1991 possum.
898 1907 1004 1971 De
1062 1909 1247 1972 euius
1307 1918 1527 1973 tamen
1575 1909 1911 1974 voluntate
1958 1929 2089 1972 non
2136 1908 2254 1972 du-

298 1993 460 2071 bito,
520 1995 574 2059 si
631 1991 821 2058 modo
879 1995 1343 2077 tempestivum
1401 2015 1546 2059 esse
1603 1994 1876 2059 videam.
1968 1993 2120 2074 Qua
2175 1994 2255 2058 de

299 2101 370 2145 re
429 2079 671 2162 alioqui
739 2081 867 2143 iam
936 2079 1017 2144 ad
1085 2079 1424 2144 ecclesiam
1481 2100 1693 2144 meam
1759 2080 1993 2146 scribo.
2083 2081 2254 2143 Nam

298 2165 468 2248 qnod
532 2182 603 2230 tu
659 2163 925 2242 suades,
997 2164 1171 2229 idem
1231 2165 1511 2230 suadent
1567 2167 1763 2230 etiam
1822 2165 2252 2249 BullinyeruS,

303 2251 559 2334 Martyr-
612 2263 681 2315 et
754 2251 1106 2333 Verqerius.
1210 2251 1316 2316 Ad
1373 2252 1736 2334 paschatis,
1804 2254 1858 2317 si
1926 2251 2255 2317 Dominus

299 2338 498 2410 volet,
544 2336 791 2420 aliquid
836 2337 1063 2420 cogito.
1154 2337 1326 2401 'I'um
1385 2339 1562 2402 enim
1619 2358 1884 2403 rursum
1938 2340 2103 2403 forte
2147 2357 2254 2401 eo-

299 2423 486 2488 mitia
552 2423 739 2507 regni
806 2421 1236 2487 habebuntur.
1264 2424 1316 2507 ⁶)
1405 2424 1667 2507 Alioqui
1735 2425 1878 2506 ipsa
1946 2422 2255 2488 valetudo

301 2531 429 2574 non
499 2511 700 2574 ferret
757 2530 936 2574 nunc
996 2507 1129 2574 ulla
1192 2509 1560 2574 istiusmodi
1626 2510 1884 2575 itinera.
1974 2509 2254 2574 Interim

297 2616 456 2661 vero
501 2594 584 2660 ad
629 2596 882 2679 Regem
926 2594 1139 2677 ipsum
1186 2604 1254 2660 et
1296 2596 1679 2678 praecipuos
1723 2597 1911 2680 regni
1955 2615 2256 2678 proceres

299 2683 511 2748 scribo
555 2681 939 2765 diligenter,
999 2701 1275 2763 sumque
1336 2682 1517 2745 brevi
1561 2702 1638 2746 eo
1683 2682 2001 2747 missurus
2061 2702 2254 2763 pecu-

299 2767 530 2832 liarem
573 2788 793 2832 mcum
839 2768 1152 2831 nuncium
1198 2788 1350 2832 cum
1394 2766 1632 2847 libello,
1676 2788 1868 2849 quem
1915 2768 2085 2851 Regi
2128 2766 2255 2850 ipsi

299 2864 364 2920 et
417 2853 538 2919 toti
593 2854 846 2937 patriae
901 2852 1145 2930 dicavi,
1204 2854 1393 2917 cuius
1436 2853 1775 2936 exemplar
1817 2854 2015 2917 etiam
2061 2851 2142 2918 ad
2190 2865 2254 2917 te

298 2942 506 3005 mitto.
533 2944 587 3015 7)
676 2939 898 3004 Huius
939 2938 1145 3022 igitur
1181 2941 1404 3004 nuncii
1451 2940 1732 3003 reditum
1776 2939 1940 3003 mihi
1982 2959 2252 3023 exspec-

299 3026 572 3092 tandum
616 3047 758 3091 esse
800 3037 974 3110 puto.
1067 3025 1405 3090 Dissidere
1449 3024 1752 3090 nonnihil
1797 3027 1862 3089 in
1909 3044 2107 3090 causa
2150 3046 2251 3089 re·

296 3113 560 3199 ligionis
606 3134 785 3178 nunc
834 3111 1139 3177 videntur
1183 3112 1332 3177 Rex
1375 3121 1442 3176 et
1486 3112 1644 3177 ordo
1687 3111 2022 3177 nobilium.
2103 3112 2253 3176 Non

297 3207 520 3266 tamen
566 3213 664 3264 est
724 3209 985 3263 tantum
1040 3197 1379 3262 dissidium
1427 3208 1502 3263 ut
1557 3219 1791 3265 causae
1837 3213 2254 3282 progressum

299 3285 645 3370 impediat,
704 3294 781 3350 ut
838 3306 1047 3367 spere.
1137 3285 1287 3349 Rex
1344 3284 1510 3349 nihil
1569 3284 1712 3350 vult
1767 3293 2054 3349 statuere
2121 3305 2255 3348 non

298 3372 809 3438 commonefacto
852 3372 1035 3454 prius
1072 3391 1256 3453 papa,
1304 3391 1343 3434 a
1386 3391 1513 3453 quo
1557 3370 1848 3454 postulat
1888 3379 1963 3435 ut
2007 3370 2255 3454 legatos

298 3479 449 3524 suos
489 3458 716 3521 mittat
759 3456 839 3520 ad
886 3458 1111 3522 futura
1154 3457 1437 3535 comitia,
1455 3459 1511 3533 Β)
1557 3458 1626 3520 in
1672 3456 1910 3541 quibus
1956 3458 2255 3522 tractatio

299 3543 378 3609 de
421 3543 746 3627 religione
791 3553 946 3608 ante
988 3542 1210 3607 omnia
1254 3544 1654 3608 instituetur.
1723 3542 1988 3608 Nobiles
2025 3551 2258 3627 petunt

297 3639 386 3705 ut,
448 3630 595 3696 sive
648 3650 819 3712 papa
874 3651 1026 3694 suos
1083 3628 1306 3693 mittat
1351 3629 1490 3694 sive
1548 3649 1681 3694 non
1727 3631 1967 3708 mittat,
2028 3628 2255 3713 religio

295 3736 456 3781 vera
498 3717 901 3780 restituatur.
981 3714 1259 3779 Interim
1305 3736 1463 3779 vero
1503 3713 1756 3780 nobiles
1799 3714 1981 3780 nullo
2024 3714 2256 3779 ordine

296 3823 434 3867 rem
481 3811 771 3878 tentant,
832 3811 899 3866 et
955 3801 1153 3866 licere
1211 3802 1334 3866 sibi
1380 3800 1613 3866 volunt
1655 3801 1864 3866 multa
1909 3822 2074 3884 quae
2121 3821 2253 3864 non

296 3886 672 3971 expediunt,
731 3897 808 3951 ut
850 3887 1218 3971 perieulum
1277 3886 1365 3951 sit-
1405 3908 1489 3951 ne
1529 3908 1771 3970 magna
1814 3888 2105 3952 confusio
2150 3907 2252 3950 re-

296 3995 442 4039 rum
488 3974 781 4039 omnium
819 3983 1147 4055 sequatur.
1215 3973 1278 4037 N
1282 3995 1410 4037 unc
1445 3974 1500 4036 si
1547 3994 1624 4037 eo
1661 3973 1956 4039 venirem
1992 3985 2253 4055 praeter

296 4062 588 4125 omnium
629 4080 747 4125 exs
796 4060 1205 4137 ectationem,
1252 4071 1587 4141 oporteret
1620 4081 1725 4124 me
1770 4069 1886 4125 aut
1921 4060 2094 4142 Regi
2137 4067 2253 4123 aut

296 4145 614 4211 nobilium
659 4166 735 4210 or
782 4147 874 4210 ini
907 4145 1295 4210 adiunctum
1318 4165 1477 4221 esse,
1524 4165 1736 4228 neque
1769 4144 1838 4210 id
1874 4147 2014 4211 sine
2059 4143 2253 4210 alter-

296 4233 508 4297 utrius
531 4232 738 4314 partis
782 4231 1032 4296 invidia
1053 4253 1311 4314 possem
1357 4231 1586 4307 facere,
1633 4252 1797 4313 quae
1841 4231 2105 4296 tandem
2151 4231 2251 4295 in-

296 4315 704 4384 commodare
739 4329 972 4401 posset.
1038 4315 1324 4383 Proinde
1370 4328 1752 4401 exspectare
1788 4318 2012 4382 malim
2048 4316 2253 4383 donec

499 4609 560 4678 4)
603 4609 782 4679 Quum
823 4608 1086 4664 Calvinus
1132 4626 1193 4665 eo
1239 4616 1477 4677 tempore
1512 4611 1718 4678 optima
1765 4625 1904 4679 quae
1943 4625 2007 4662 ue
2040 4608 2108 4663 de
2147 4609 2249 4663 Po·

296 4679 436 4735 lonis
471 4685 734 4802 egereret,
772 4681 855 4732 vel
889 4679 1078 4733 saltem
1113 4680 1296 4734 omnia
1342 4681 1605 4732 tentanda
1637 4685 1686 4732 et
1733 4694 1801 4731 ur
1839 4695 1902 4731 en
1946 4695 1981 4731 a
2017 4684 2249 4746 putaret.

543 4749 851 4817 munninio
893 4748 1167 4815 apuleus.
1258 4748 1392 4801 Vide
1446 4750 1564 4801 eius
1609 4763 1688 4815 ep.
1740 4763 1775 4800 a
1855 4747 2253 4801 Medmannum

295 4817 479 4885 pridie
515 4818 604 4871 Id.
644 4818 757 4874 Iul.
794 4819 1055 4884 scriptam
1089 4833 1180 4885 ap.
1216 4816 1544 4886 Kuyperum
1580 4817 1646 4871 11.
1686 4813 1803 4869 713.

498 4887 559 4952 6)
606 4885 676 4940 In
710 4887 945 4941 comitiis
984 4886 1280 4941 Petricovii
1314 4886 1594 4941 celebratis
1638 4886 1922 4939 concilium
1971 4885 2252 4939 nationale

294 4955 700 5010 convocandum
733 4956 1150 5023 postulaverant
1181 4957 1387 5009 nuncii.
1461 4953 1637 5022 (Saliq
1673 4955 1747 5007 11.
1784 4951 1932 5019 597.)

501 5023 561 5090 7)
596 5023 877 5093 Epistolae
913 5029 1028 5076 tres
1063 5026 1206 5077 lectu
1242 5024 1590 5093 dignissimae
1625 5023 1693 5076 de
1730 5029 1879 5075 reeta
1915 5029 1971 5075 et
2007 5021 2250 5090 legitima

301 5094 645 5146 ecelesiarum
691 5094 830 5147 bene
875 5093 1329 5147 instituendarum
1379 5094 1590 5147 ratione
1626 5109 1688 5146 ac
1722 5092 1884 5146 modo
1919 5091 1991 5143 ad
2038 5096 2248 5159 potent.
2355 5096 2412 5101 *-

297 5158 500 5231 Regem
537 5162 814 5226 Poloniae,
864 5169 1108 5216 senatum
1157 5162 1505 5231 reliquosque
1541 5160 1758 5216 ordines
1795 5161 1859 5215 D.
1895 5159 1971 5213 10.
2009 5177 2042 5212 a
2077 5159 2249 5213 Lusco

297 5237 498 5285 autore.
540 5231 702 5284 Basil.
738 5230 963 5299 Oporin.
1012 5231 1122 5294 (31.
1155 5230 1306 5298 Dea,
1344 5232 1506 5298 impr.
1545 5246 1673 5283 vero
1705 5246 1774 5283 nt.
1815 5229 2029 5282 Martio
2065 5227 2246 5295 1556.)

498 5299 559 5366 8)
601 5299 763 5354 Misit
798 5300 1084 5369 Aloym'um
1121 5300 1494 5367 Liponianmn
1538 5315 1588 5352 a.
1629 5297 1764 5352 1556
1800 5301 1898 5369 qui
1929 5304 2111 5353 tamen
2145 5298 2244 5352 du·

295 5369 419 5422 ritie
452 5384 559 5425 sua
593 5369 780 5424 odium
818 5371 926 5423 sibi
958 5370 1230 5435 conflavit.
1300 5369 1485 5437 (Saliq
1520 5366 1669 5432 602.)

1983 434 2147 497 1555
2192 428 2649 499 ΕΕΡΤΕΜΒ.

4190 438 4319 501 774

2354 619 2638 686 nuncius
2702 638 2890 686 meus
2954 618 3197 686 redeat.
3306 619 3413 684 De
3477 618 3683 704 Regis
3747 639 4032 705 namque
4095 625 4321 691 animo

2355 705 2523 772 bene
2567 726 2775 789 spero,
2822 705 3082 772 etiamsi
3124 703 3429 770 nonnihil
3473 705 3691 772 adhuc
3732 706 4035 776 haereat:
4078 709 4315 776 saltem

2354 792 2680 857 offensum
2738 812 2872 856 non
2923 791 3006 856 iri
3064 790 3352 857 adventu
3394 811 3572 871 meo,
3636 792 3891 859 etiamsi
3934 815 4040 860 me
4097 795 4315 862 ordini

2354 878 2676 943 nobilium
2720 877 3102 962 adiungam,
3159 877 3545 961 praesertim
3590 899 3795 960 quum
3850 878 3950 945 illi
3992 881 4126 946 iam
4170 883 4316 948 eius

2355 964 2454 1029 rei
2518 962 2830 1029 indicium
2894 962 3343 1046 qualecunque
3412 963 3665 1029 faciam.
3777 964 3869 1030 Et
3932 967 4014 1032 ab
4082 967 4313 1034 ordine

2353 1049 2515 1114 item
2553 1049 2869 1115 nobilium
2906 1048 3344 1132 expetendum
3366 1046 3400 1077 ⁴*
3444 1070 3551 1113 me
3582 1050 3677 1113 ita
3711 1058 3888 1134 puto,
3934 1060 4014 1117 ut
4047 1055 4172 1119 etsi
4205 1075 4313 1122 me

2356 1135 2528 1219 Regi
2592 1135 3081 1200 familiariorem
3146 1133 3491 1218 praebeam
3513 1186 3527 1213 ,
3594 1135 3739 1202 sine
3804 1140 3983 1202 omni
4047 1138 4313 1206 illorum

2356 1221 2725 1304 suspicione
2768 1221 2838 1285 id
2882 1220 3097 1287 faeere
3141 1219 3403 1304 possim.

2391 1314 2408 1339 ³
2529 1307 2756 1372 Habes
2799 1327 3017 1372 meum
3063 1305 3412 1373 consilium
3446 1305 3618 1389 quod
3663 1307 3745 1372 ad
3780 1308 4061 1390 patriam
4097 1329 4311 1375 meam

2358 1393 2615 1458 attinet.
2701 1393 2806 1458 De
2860 1392 3102 1458 nostris
3161 1392 3269 1458 hie
3332 1393 3529 1457 rebus
3582 1400 3647 1458 te
3709 1394 4056 1460 certiorem
4122 1396 4315 1462 faciet

2358 1480 2443 1544 D.
2491 1477 2831 1561 Cri-§pinus
2872 1486 3096 1544 noster
3140 1478 3253 1561 qui
3314 1479 3501 1543 novit
3543 1478 3780 1545 omnia.
3869 1480 4160 1547 Exortae
4203 1481 4312 1548 hie

2358 1566 2627 1630 fuerunt
2669 1565 2902 1629 turbae
2946 1566 3013 1628 in
3060 1563 3319 1630 Gallica
3360 1563 3661 1643 eeclesia,
3719 1567 4049 1650 conceptis
4095 1568 4312 1633 nescio

2358 1650 2591 1733 quibus
2637 1650 2802 1715 odiis
2844 1651 3165 1715 adversus
3226 1650 3669 1729 Valerandum,
3691 1655 3746 1728 ⁹)
3806 1661 4075 1737 propter
4114 1653 4313 1718 meri-

2358 1748 2497 1801 tum
2560 1737 2847 1819 profecto
2904 1737 3130 1818 ipsius.
3222 1736 3370 1801 Etsi
3424 1736 3598 1801 enim
3647 1737 3714 1802 in
3771 1759 3846 1803 eo
3891 1737 4099 1804 multa
4142 1738 4313 1804 desi-

2358 1823 2576 1888 derari
2611 1842 2800 1905 posse
2842 1822 3065 1901 fateor,
3110 1819 3382 1912 perinde
3417 1830 3612 1904 atque
3655 1824 3722 1887 in
3766 1823 3951 1889 nobis
3987 1824 4312 1903 omnibus,

2356 1929 2585 1973 sumus
2627 1908 2803 1972 enim
2848 1908 3147 1973 homines
3188 1927 3437 1986 omnes,
3496 1916 3718 1973 tamen
3762 1930 3963 1992 supra
4005 1911 4313 1976 meritum

2355 1995 2563 2076 ipsius
2607 2002 2675 2057 et
2717 1991 2878 2059 fides
2933 1994 3033 2058 sui
3080 1993 3425 2059 ministerii
3471 2000 3538 2058 et
3594 1995 3881 2062 nominis
3938 1998 4043 2063 sui
4086 1997 4314 2061 existi-

2355 2081 2556 2144 matio
2602 2078 3054 2161 impetebatur,
3102 2088 3170 2144 et
3202 2077 3465 2162 quidem
3510 2100 3643 2144 non
3687 2081 3830 2146 sine
3874 2083 4077 2148 totius
4112 2082 4316 2149 eecle-

2356 2166 2492 2233 siae
2537 2165 2845 2248 periculo,
2902 2167 3087 2231 euius
3145 2185 3304 2231 sane
3345 2166 3661 2231 maiorem
3708 2166 3861 2241 (hoe
3904 2168 4316 2251 potissimum

2356 2250 2677 2336 tempore)
2721 2252 3065 2331 rationem,
3110 2272 3306 2334 quam
3348 2251 3759 2334 privatorum
3803 2253 4156 2318 affectuum
4205 2254 4318 2318 ha-

2356 2337 2495 2402 beri
2540 2337 2893 2419 oportebat.
2980 2336 3115 2402 Sed
3170 2337 3303 2402 iam
3361 2345 3518 2402 sunt
3561 2339 3920 2420 composita
3961 2340 4199 2418 omnia,
4228 2342 4314 2424 ¹⁰)

2358 2424 2446 2489 sit
2481 2424 2624 2488 Deo
2666 2424 2910 2508 gratia:
2956 2421 3022 2487 id
3062 2422 3232 2506 quod
3280 2444 3364 2488 ex
3401 2421 3486 2486 D.
3529 2421 3826 2506 Crispino
3867 2425 4127 2507 plenius
4171 2446 4317 2510 cog-

2357 2530 2603 2575 nosces.
2710 2508 3107 2591 Westphalus
3181 2511 3250 2573 in
3318 2518 3384 2573 te
3461 2510 3725 2592 scripsit
3798 2509 4316 2577 virulentissime

2356 2594 2670 2660 libellum.
2760 2596 2843 2660 D.
2895 2594 3188 2676 Grispino
3229 2593 3471 2660 tradidi
3515 2602 3592 2659 ut
3635 2594 3718 2660 ad
3761 2602 3827 2661 te
3917 2597 4172 2661 erferat.
4245 2596 4317 2663 Is

2357 2680 2559 2745 etiam
2624 2680 2924 2746 narrabit
2987 2680 3300 2764 quidnam
3378 2679 3709 2746 adornem.
3886 2702 3970 2747 on
4038 2682 4098 2747 le
4146 2683 4166 2745 i
4234 2680 4317 2746 ad

2357 2769 2560 2832 finem
2620 2767 2969 2849 westphali
3023 2766 3321 2832 libellum
3379 2777 3647 2850 propter
3702 2765 3879 2833 illius
3919 2767 4093 2834 male
4140 2769 4315 2835 icen-

2358 2854 2551 2917 tiam:
2619 2851 2735 2918 sed
2780 2853 2860 2918 ab
2916 2854 2997 2918 iis
3040 2854 3149 2937 qui
3207 2853 3512 2938 legerunt
3567 2872 3717 2917 sum
3771 2853 4058 2919 monitus
4114 2861 4191 2919 ut
4248 2862 4317 2919 te

2357 2959 2664 3023 rogarem
2709 2961 2792 3004 ne
2834 2939 3019 3004 illum
3067 2938 3363 3022 graveris
3407 2937 3760 3023 perlegere.
3841 2937 4098 3004 Dicunt
4140 2939 4319 3006 enim

2361 3033 2426 3090 te
2482 3026 2619 3091 tuis
2685 3026 2891 3108 ipsius
2946 3025 3167 3091 verbis
3225 3025 3307 3092 ab
3373 3024 3487 3089 illo
3553 3025 3799 3109 impeti.
3887 3026 4036 3110 Ego
4093 3032 4320 3091 tamen

2361 3132 2644 3194 eousque
2708 3112 2778 3176 in
2847 3112 2986 3177 eius
3052 3111 3255 3179 libelli
3332 3111 3613 3178 lectione
3678 3133 3812 3177 non
3876 3112 4155 3196 perveni
4216 3117 4321 3188 (ut

2359 3219 2591 3263 verum
2637 3198 2875 3275 fatear)
2919 3210 2996 3262 ut
3036 3196 3105 3263 id
3147 3197 3581 3264 observarem.
3662 3197 3818 3263 Non
3862 3200 4039 3264 enim
4082 3219 4319 3265 revera

2355 3284 2525 3348 mihi
2587 3284 2854 3351 vacavit
2916 3284 3236 3350 hactenus
3300 3291 3512 3349 totum
3577 3283 3816 3368 legere.
3920 3283 4099 3366 Quid
4164 3304 4318 3352 cum

2363 3369 2667 3454 Philippo
2681 3420 2697 3450 ,
2756 3370 3021 3436 Brentxio
3075 3379 3143 3436 et
3205 3370 3500 3454 Verqerio
3563 3369 3815 3454 egerim
3879 3392 3964 3436 ex
4023 3369 4319 3453 Crispino

2358 3463 2570 3521 totum
2606 3477 2973 3540 cognosces.
3053 3456 3205 3522 Non
3243 3454 3421 3522 enim
3456 3455 3589 3521 iam
3624 3455 3818 3538 plura
3850 3478 3969 3540 per
4004 3457 4319 3542 temporis

2358 3543 2646 3625 inopiam
2694 3544 2977 3609 seribere
3021 3563 3304 3625 possum.
3373 3541 3653 3606 Salvere
3696 3542 3847 3607 iube
3889 3544 4126 3608 fratres
4170 3543 4319 3609 istie

2357 3649 2587 3693 omnes
2640 3626 3153 3713 diligentissime,
3215 3637 3283 3692 et
3335 3647 3442 3692 me
3498 3628 3803 3711 precibus
3856 3629 4095 3695 vestris
4139 3647 4319 3694 eom-

2358 3714 2614 3780 mendo.
2703 3716 2970 3799 Raptim
3015 3714 3429 3780 Francoforti
3496 3718 3591 3778 19.
3654 3712 4062 3796 Septembris
4136 3719 4319 3779 1555.

3177 3851 3361 3916 'l'uae
3402 3850 3633 3935 pietati
3677 3850 4161 3919 addictissimus

3086 3936 3368 4002 Ioannes
3413 3956 3452 4002 a
3493 3937 3708 4004 Laseo
3753 3960 3951 4005 manu
3994 3939 4274 4024 propria.

3237 4451 3437 4521 2297.

2732 4603 3441 4673 VALLEVILLIUS
3489 4604 3919 4673 GALVINO.

2531 4779 2922 4846 Praemissis
2946 4778 3266 4846 nonnullis
3291 4779 3368 4845 de
3407 4776 3691 4844 eeclesiae
3714 4775 4309 4859 Ranoofordiencis

2351 4866 2786 4945 interioribtcs,
2846 4870 3008 4931 totus
3063 4871 3154 4931 est
3206 4866 3276 4931 in
3331 4862 3722 4929 excusatione
3776 4867 3837 4927 et
3896 4864 4307 4946 explicatione

2351 4955 2520 5020 circa
2575 4954 2778 5019 nescio
2833 4972 3022 5034 quam
3070 4950 3308 5034 falsam
3348 4950 3424 5016 de
3475 4969 3542 5014 se
3588 4947 3836 5015 calvini
3875 4949 4305 5033 aspiciam.

2559 5158 2615 5223 9)
2656 5158 2803 5211 Pare
2836 5156 3104 5227 quaedam
3139 5161 3320 5211 coetae
3351 5152 3538 5224 quma·
3566 5153 3853 5208 voluerunt
3872 5158 3936 5208 nt
3966 5168 4140 5210 novae
4174 5157 4304 5214 elee-

2349 5228 2492 5282 tioni
2521 5241 2580 5280 ee
2613 5228 2956 5281 submitteret.

2524 5295 2619 5360 10)
2652 5294 2729 5349 In
2802 5311 2870 5348 uo
2911 5292 3117 5362 φατρία
3156 5291 3338 5357 salom
3371 5296 3453 5346 est
3483 5293 3572 5346 vir
3617 5301 3876 5346 summus·
3948 5289 4138 5348 Etiam
4172 5308 4305 5349 con-

2349 5365 2656 5421 cionatores
2690 5364 2709 5417 l
2866 5365 2967 5417 ani
2997 5360 3270 5417 invidiose
3299 5360 3597 5417 instabant.

3777 5445 3885 5501 49·
