4850 6200
488 410 574 471 99

655 598 750 663 Et
794 608 867 663 ut-
912 596 994 663 de
1028 596 1273 661 nostris
1308 592 1424 661 tibi
1460 612 1717 676 quoque
1750 591 2040 659 ecclesiis
2074 590 2280 659 scholi
2359 611 2444 657 ue

481 694 552 753 et
595 703 823 751 earum
882 683 953 749 in
1010 681 1193 746 omni
1237 699 1495 745 summa
1553 687 1729 743 statu
1790 677 2100 745 universo
2143 679 2340 742 nonni
2397 675 2442 741 'l

484 769 591 836 vel
635 766 848 834 obiter
891 768 943 835 ε’
1047 767 1288 833 'ficemz
1335 774 1612 848 quatuor
1654 764 1828 829 circa
1861 785 1979 828 nos
2013 772 2188 839 sunt,
2235 762 2443 829 veluti

481 856 567 925 ad
602 866 884 941 quatuor
920 790 1168 938 ἔξω,
1204 851 1491 934 episcopi
1510 850 1889 935 pauperculi
1925 848 2085 927 lues,
2132 869 2442 931 quorum-

482 964 609 1029 que
657 962 828 1007 vana
874 942 1016 1005 sine
1061 935 1318 1004 viribus
1360 936 1478 1015 ira,
1537 936 1651 1002 sed
1698 950 1914 999 tamen
1959 940 2036 999 ut
2078 933 2442 1001 verendum

481 1038 585 1095 est
651 1037 846 1111 atque
919 1044 1095 1091 nunc
1148 1033 1303 1089 sunt
1357 1022 1576 1087 omnia
1640 1022 1785 1103 plus
1854 1042 2052 1105 quam
2117 1019 2445 1085 vatiniani

484 1133 879 1197 prorsusque
950 1107 1537 1176 irreconciliabiles.
1646 1106 1841 1173 Halis
1912 1104 2257 1172 Saxonicis
2330 1108 2442 1188 qui

482 1200 740 1266 habitat
791 1197 1321 1280 archiepiscopus
1360 1192 1991 1274 Parthmzopolitanus
2015 1195 2073 1275 ²)
2119 1213 2284 1275 puer
2318 1203 2439 1271 est,

483 1291 551 1350 et
624 1282 1086 1351 cancellarium
1163 1280 1360 1346 habet
1424 1278 1849 1346 Melchiorem
1922 1276 2138 1362 Cliny,
2212 1287 2442 1345 notum

481 1371 648 1439 forte
693 1368 815 1437 tibi
859 1390 944 1434 ex
987 1368 1251 1450 scriptis
1295 1365 1502 1431 editis.
1524 1368 1577 1441 ³)
1664 1363 2080 1448 Capitulum,
2132 1363 2301 1446 quod
2347 1364 2441 1431 sic

482 1463 747 1532 vocant,
806 1454 998 1538 quale
1058 1454 1143 1518 sit
1198 1475 1284 1519 ex
1338 1452 1575 1517 vicinis
1629 1449 1762 1516 illis
1821 1450 1952 1515 tuis
2012 1450 2441 1535 omnibusque

482 1540 804 1609 similibus
849 1540 996 1607 aliis
1052 1538 1241 1605 facile
1285 1537 1751 1602 aestimaveris.
1849 1536 2182 1601 Sidonium
2226 1536 2440 1601 Mers-

478 1646 878 1712 purgensem
901 1627 957 1706 ⁴)
1018 1632 1312 1691 nostrum
1370 1623 1549 1687 hunc
1593 1621 1997 1687 ordinarium
2044 1623 2439 1687 univcrsita-

478 1715 692 1796 iisque
736 1710 1198 1779 cancellarium
1255 1720 1323 1773 et
1379 1720 1904 1774 conservatorem
1948 1728 2129 1774 more
2172 1708 2439 1772 institu-

478 1810 675 1882 toque
733 1800 941 1863 veteri
1002 1796 1109 1861 vel
1168 1817 1251 1861 ex
1310 1795 1593 1861 comitiis
1664 1805 1823 1879 puto
1881 1793 1983 1859 vel
2037 1816 2121 1858 ex
2179 1795 2439 1877 scriptis

481 1884 694 1968 magis
753 1882 929 1948 adeo.
1033 1882 1140 1948 Ad
1212 1881 1533 1947 orientem
1601 1901 1675 1946 ac
1744 1879 2083 1945 meridiem
2143 1879 2360 1945 Iulius
2383 1882 2437 1963 ⁵)

481 1982 582 2036 est
639 1970 1165 2053 Numburgensis
1234 1969 1691 2045 confirmatus,
1762 1966 1830 2030 in
1892 1964 2069 2030 Ceitz
2142 1965 2438 2031 residens

481 2077 653 2121 unns
719 2057 1011 2121 omnium
1091 2053 1588 2129 callidissimus,
1656 2071 2137 2137 germanusque
2202 2050 2439 2116 nobilis

480 2152 676 2225 atque
719 2140 1069 2216 italicatus‚
1113 2160 1245 2205 non
1295 2141 1438 2204 sine
1483 2137 1787 2205 clientala
1808 2148 1875 2202 et
1918 2137 2276 2203 nobilitatis
2321 2137 2437 2203 ad-

478 2227 826 2292 miratione
871 2227 1450 2307 aestimationeque
1500 2243 1761 2307 magna.
1850 2223 2093 2290 Rector
2134 2223 2438 2290 Misnen-

480 2315 573 2379 sis
594 2317 648 2383 ⁸)
707 2315 816 2396 qui
877 2314 949 2377 in
995 2311 1270 2394 Stolpen
1324 2311 1447 2375 sub
1504 2332 1658 2393 rege
1702 2308 2038 2374 bohemico
2084 2318 2151 2374 et
2196 2311 2437 2392 praesi-

480 2399 660 2464 dium
708 2398 904 2464 habet
943 2410 1009 2462 et
1067 2399 1582 2463 aestimationem
1642 2416 1828 2461 suam
1872 2416 2155 2479 opesque
2196 2396 2438 2460 retinet

480 2484 795 2550 attalicas.
879 2484 1058 2550 Cave
1102 2494 1324 2548 autem
1369 2491 1630 2566 praeter
1672 2482 2079 2547 occasionem
2125 2490 2190 2545 ct
2233 2481 2437 2547 facul-

480 2581 681 2637 tatem
726 2569 1076 2653 quidquam
1124 2570 1225 2634 his
1261 2568 1562 2634 omnibus
1605 2575 1719 2631 aut
1774 2568 1916 2633 eius
1958 2566 2210 2632 farinae
2255 2568 2437 2633 simi-

480 2656 650 2722 libus
695 2656 916 2722 deesse
958 2665 1164 2739 putes.
1236 2654 1412 2735 Quid
1448 2663 1523 2718 tu
1569 2675 1724 2719 vero
1768 2674 1995 2719 censes
2039 2654 2277 2735 operiri
2323 2662 2440 2717 aut

480 2743 695 2808 moliri
741 2752 859 2808 aut
902 2743 1186 2825 cogitare
1229 2742 1509 2805 maiores
1554 2753 1619 2805 et
1662 2742 1987 2805 maximos
2030 2738 2173 2803 illos
2199 2738 2437 2804 Coma-

479 2849 602 2894 nos
640 2850 784 2895 cum
824 2830 963 2893 suis
1013 2826 1369 2892 hierodulis
1416 2829 1585 2889 6000
1635 2826 2071 2907 electoresque
2106 2845 2436 2907 papasqne

480 2936 859 2998 puppasque
905 2915 1236 2979 doctrinae
1294 2912 1715 2977 ecclesiarum
1771 2909 2140 2976 scholarum
2186 2922 2434 2976 nostra-

481 3023 632 3067 rum
672 3000 894 3065 hostes
939 3008 1286 3082 perpetuos
1344 3007 1411 3062 et
1449 2995 1935 3080 implacabiles?
2024 2996 2169 3059 Etsi
2216 3012 2436 3061 autom

482 3110 617 3153 non
659 3088 879 3151 minus
923 3084 1070 3150 heic
1115 3084 1312 3150 etiam
1357 3087 1443 3149 sit
1500 3081 1772 3166 periculi
1830 3105 1869 3147 a
1931 3080 2439 3167 pseudadelphis

481 3193 759 3258 quorum
805 3180 882 3236 ut
925 3171 1179 3255 hydrae
1231 3169 1573 3236 herculeae
1630 3177 1817 3234 tanta
1871 3177 1971 3233 est
2018 3169 2436 3248 foecunditas,

482 3267 552 3323 et
594 3268 667 3323 ιιι
712 3257 987 3323 aliorum
1034 3276 1311 3341 quornm
1358 3277 1442 3320 ue
1485 3257 1916 3338 pessimorum
1960 3254 2353 3338 praesertim
2398 3275 2438 3318 a

477 3351 689 3411 morte
737 3343 996 3408 Lutheri
1038 3342 1437 3409 incredibilis
1495 3362 1702 3424 paene
1744 3341 1871 3408 fuit
1913 3342 2099 3424 quasi
2143 3341 2438 3423 repullu-

479 3432 655 3497 latio.
754 3430 892 3496 Nec
959 3427 1413 3496 Osiandristae
1486 3447 1606 3491 nec
1664 3427 2110 3493 Stancaristae
2176 3427 2436 3505 desunt,

484 3529 558 3582 ut
601 3518 681 3584 de
727 3518 1104 3582 Antinomis
1159 3534 1440 3598 quorum
1486 3514 1814 3579 maximus
1869 3513 2110 3595 ubique
2167 3521 2268 3579 est
2311 3534 2437 3577 nu-

480 3625 704 3670 merus
748 3613 815 3667 et
857 3603 1118 3668 infinita
1161 3603 1294 3666 fere
1340 3599 1552 3682 copia,
1598 3599 2090 3681 Libertinisque
2143 3609 2212 3663 et
2256 3600 2437 3664 Ana·
2490 3679 2494 3690 ι

690 3894 748 3961 2)
790 3894 1293 3963 Μαράσὸιινρεπείε.
1350 3895 1413 3948 Is
1442 3894 1554 3957 fuit
1582 3891 1970 3961 Siqimundus
2010 3889 2279 3943 Ioachimi
2311 3891 2438 3945 elec-

484 3965 626 4019 toris
660 3963 1178 4030 Brandeburyensis
1208 3963 1358 4028 filius
1390 3968 1533 4015 natu
1566 3963 1840 4026 minimas,
1875 3962 1973 4028 qui
2003 3959 2443 4028 archiepiscopus

487 4039 706 4087 creatus
740 4039 818 4085 est
852 4031 989 4086 1553
1025 4047 1174 4084 anno
1210 4038 1310 4084 aet.
1358 4031 1435 4093 14,
1470 4036 1521 4083 et
1560 4030 1739 4082 Halae
1785 4030 2075 4083 solenniter
2118 4030 2350 4082 intravit
2385 4028 2443 4082 d.

489 4100 572 4154 21.
611 4099 735 4155 Ian.
776 4099 926 4152 1554.
1006 4099 1358 4167 Evanyelicis
1391 4099 1639 4166 favebat,
1685 4113 1995 4168 quanquam
2032 4097 2150 4164 ipse
2183 4114 2295 4151 non
2329 4103 2442 4152 sta-

488 4172 583 4224 tim
621 4171 689 4223 ab
732 4170 893 4221 initio
940 4184 1122 4221 eorum
1173 4185 1336 4222 sacra
1379 4169 1588 4236 publice
1633 4170 1930 4235 ampiexus.
2013 4165 2444 4221 Administrator

485 4242 538 4292 ei
571 4239 868 4292 adiunctus
901 4240 1013 4300 fuit
1052 4237 1131 4290 10.
1178 4238 1304 4290 Gen.
1344 4252 1514 4291 comes
1550 4252 1586 4288 a
1626 4235 1925 4298 Mansfeld.

695 4305 751 4372 3)
788 4306 1059 4359 iuridicis.

694 4379 753 4440 4)
796 4375 1031 4442 Proprie
1080 4374 1251 4432 Mica.
1314 4373 1553 4443 Heldiny
1620 4373 2114 4442 Merseburqemen
2124 4410 2143 4437 ,
2196 4390 2247 4424 a.
2306 4371 2445 4426 1506

492 4447 790 4513 Esslinqae
824 4451 1031 4512 natum,
1067 4450 1228 4498 antea
1268 4443 1590 4513 Moyuntini
1621 4442 1863 4511 archiep.
1900 4443 2325 4511 suffraqaneum
2359 4456 2443 4512 ep.

496 4517 720 4572 Sidonis
756 4516 793 4566 i.
836 4529 891 4581 p.
934 4513 1111 4565 Amor
1156 4516 1258 4565 τοῦ·
1306 4511 1529 4566 Interim
1575 4528 1695 4567 cum
1731 4512 2008 4578 Ayrieola.
2083 4509 2236 4564 Satis
2268 4510 2442 4564 moac-

488 4591 609 4639 rate
625 4583 1253 4706 dioecesgwibernaslffit
1287 4597 1443 4635 suam
1479 4588 1530 4634 ee
1563 4582 1893 4650 evangelium
1929 4579 2095 4634 libere·
2122 4579 2447 4648 praedicari

653 4655 662 4663 '
694 4655 751 4706 it.
923 4653 979 4703 ”t
1009 4666 1062 4704 a.
1100 4653 1128 4703 1
1239 4693 1251 4703 .

694 4717 757 4787 5)
792 4719 1063 4788 Pfluqius,
1098 4724 1196 4790 qui
1228 4728 1277 4774 et
1309 4722 1427 4787 ipse
1459 4718 1656 4773 edendi
1673 4717 1903 4772 Interim
1939 4716 2300 4772 collaborator
2314 4717 2445 4782 fuit,

491 4793 634 4844 inter
674 4788 981 4845 Catholicae
1013 4789 1188 4859 facile
1226 4788 1653 4842 humenis-simus
1697 4791 1748 4842 et
1793 4785 2287 4849 moderatissimus,
2334 4787 2444 4840 imo

494 4860 548 4912 si
579 4875 647 4938 aa:
679 4859 923 4926 epistolis
955 4864 1079 4939 post
1112 4866 1328 4937 moreeyn
1365 4855 1552 4922 (1564)
1602 4855 1837 4925 vulyatis
1888 4854 2219 4909 indicaveris
2252 4854 2372 4923 ipse
2406 4871 2443 4910 a

490 4926 1638 5064 ”r‘oeswrarmff-‘fflz‘gtm
1661 4994 1981 5076 ‚um
1944 4994 1993 5047 ·.
2046 4993 2176 5075 ,ρῳ
2210 5009 2265 5047 ..
2302 4991 2442 5047 ω

494 5072 712 5120 monuo
743 5066 862 5118 eius
894 5079 1169 5119 successor
1206 5064 1285 5118 10.
1323 5065 1393 5120 ab
1427 5063 1723 5131 Haquite
1768 5079 1809 5118 a
1853 5078 2134 5118 canonicis
2182 5061 2444 5118 Wuraeen·

494 5135 647 5191 sibus
678 5134 872 5187 clectus
906 5149 973 5187 ex
1006 5134 1223 5189 castello
1259 5132 1478 5203 &olper-
1521 5133 1720 5189 eiectus
1765 5139 1845 5186 est
1878 5150 1914 5186 a
1945 5139 2102 5202 pente
2140 5130 2444 5187 Carlovia'a

494 5219 636 5273 quae
668 5202 809 5256 alud
843 5202 951 5256 sibi
976 5218 1261 5327 prssssrwm
1298 5203 1667 5258 haereditario
1700 5204 1823 5254 iure
1856 5202 2189 5256 vindicabat.
2245 5200 2444 5256 Novus

1124 5289 1147 5326 i

492 5273 797 5395 εθρῖἷώωριὲο.
824 5288 937 5404 w
962 5278 1013 5353 ef
1078 5273 1268 5395 Μῖιψε
1286 5273 1415 5338 fuit,
1440 5270 1783 5406 Ῐῗςαῖιεκαω
1810 5285 1865 5323 se
1887 5271 2125 5325 contulit.
2179 5268 2440 5340 (Herium,

675 5380 687 5394 .
764 5378 776 5389 .
933 5381 943 5390 .
979 5357 1041 5394 m
1143 5357 1316 5397 maen
1344 5357 1401 5409 p.
1540 5380 1555 5395 .

1990 399 2517 473 EPISTOLAB
2568 407 2729 471 1937
2740 443 2802 455 -
2827 411 2852 467 l
2865 407 2989 470 938

4383 410 4508 475 100

2545 590 2851 674 baptistis
2912 600 3262 665 taceamus.
3365 593 3807 663 Interimistas
3865 596 4064 663 etiam
4079 645 4096 671 ,
4163 593 4502 677 Adiapho—

2546 676 2871 761 ristasque
2899 685 3097 762 atque
3133 677 3295 746 adeo
3317 679 3685 747 Infernales
3706 679 3761 765 ⁷)
3805 692 4160 765 contraque
4184 678 4504 749 Antadia-

2546 763 2872 846 phoristas
2944 773 3009 828 et
3079 766 3580 833 consumatistas
3659 767 4014 833 commenti
4078 776 4252 832 sunt
4364 765 4503 833 Nec

2548 848 2788 915 desunt
2842 850 3128 917 asseclae
3182 855 3286 915 καὶ
3332 850 3760 935 &avellanam
3811 854 3930 917 τῶν
3974 851 4324 934 σχισμᾶτων
4366 873 4503 918 om-

2546 935 2748 1014 nium,
2796 947 2872 1001 ut
2915 958 3052 1002 sem
3100 957 3174 1003 er
3213 939 3370 1015 fere,
3411 937 3519 1003 vel
3561 938 3960 1021 turpissimis
4004 937 4500 1006 haeresiarchis.

2548 1019 2683 1087 Sed
2726 1023 2978 1106 gratiae
3021 958 3166 1089 ὅου
3209 1023 3380 1106 quod
3427 1022 3726 1091 Servetis
3779 1024 4226 1090 servilissimis
4267 1044 4500 1107 propa-

2546 1107 2680 1172 lam
2722 1109 3191 1175 turcisantibus
3235 1117 3302 1174 et
3343 1109 3825 1176 iudaizantibus
3868 1131 4002 1175 non
4035 1110 4130 1175 ita
4162 1110 4335 1193 apud
4380 1131 4500 1176 nos

2547 1201 2622 1257 ιιι
2655 1192 2973 1278 pelopidis
3009 1216 3131 1261 nec
3170 1197 3348 1260 fama
3383 1217 3498 1262 nec
3539 1217 3780 1261 nomen
3813 1196 3949 1261 fere
3992 1193 4194 1279 vulgo
4236 1197 4500 1278 uspiam

2548 1278 2889 1360 hactenus,
2935 1281 3063 1347 nisi
3100 1282 3272 1364 quod
3309 1279 3708 1348 sabbatharii
3742 1282 3790 1347 ii
3828 1292 4051 1347 tamen
4086 1293 4502 1348 evanuerunt

2546 1373 2613 1431 et
2657 1365 2910 1448 explosi
2968 1375 3125 1433 sunt
3181 1368 3446 1467 penitus
3499 1377 3614 1432 aut
3669 1368 3838 1433 forte
3894 1367 4114 1451 aliqua
4171 1388 4252 1432 ex
4306 1377 4499 1450 parte

2550 1450 2956 1530 ,stam-harus,
2985 1457 3034 1531 ⁸)
3094 1475 3207 1536 qu1
3266 1453 3463 1519 etiam
3511 1452 3751 1519 dicitur
3805 1451 4041 1520 obiisse
4084 1474 4275 1518 suum
4324 1452 4499 1519 diem

2543 1538 2840 1620 proxime
2881 1538 2953 1603 in
2995 1539 3242 1605 finibus
3263 1539 3580 1606 Poloniae
3597 1540 3767 1607 circa
3787 1538 4191 1606 Bosnaniam
4232 1540 4303 1603 in
4350 1560 4501 1606 arce

2545 1623 2781 1689 nobilis
2826 1625 3043 1691 nescio
3089 1627 3274 1692 cuius
3332 1626 3475 1692 sine
3517 1625 3851 1710 discipulis
3895 1641 3965 1690 et
4006 1634 4222 1691 sectae
4267 1646 4496 1709 propa·

2543 1710 2822 1792 gatione.
2906 1709 3217 1777 Osiandri
3261 1720 3478 1777 autem
3525 1711 3994 1795 phantasmata
4034 1713 4301 1796 propria
4341 1711 4500 1796 quia

2542 1796 2848 1880 princeps
2891 1797 3031 1879 ipse
3074 1798 3171 1862 ita
3214 1806 3519 1874 sectatur,
3565 1799 3762 1863 altius
3795 1798 4045 1865 radices
4089 1808 4383 1881 egerunt,
4430 1805 4502 1863 et

2542 1879 2790 1945 habent
2833 1903 2985 1948 suos
3030 1882 3518 1967 hyperaspistas
3561 1883 3801 1966 plures.

2717 1967 2855 2034 Sed
2899 1989 3019 2051 ego
3064 1972 3340 2035 fortasse
3398 1969 3738 2034 molestius
3795 1978 3913 2035 aut
3968 1970 4500 2052 intempestivius

2543 2053 2954 2119 sanctissima
2990 2063 3105 2118 tna
3139 2063 3204 2120 et
3240 2055 3803 2138 praestantissima
3823 2055 4090 2137 negotia
4114 2056 4219 2121 his
4255 2056 4500 2121 nostris

2542 2139 2906 2205 interturbo
2941 2149 3059 2206 aut
3093 2142 3291 2206 etiam
3317 2140 3631 2224 impedio:
3672 2140 3842 2224 quod
3864 2152 4087 2207 tamen
4122 2162 4240 2225 pro
4269 2150 4498 2207 mutuo

2542 2244 2701 2308 erga
2764 2246 2884 2291 nos
2936 2246 3158 2292 amore
3211 2226 3282 2292 in
3337 2226 3673 2292 meliorem
3743 2229 4185 2310 optimamque
4239 2236 4498 2310 partem

2541 2312 2844 2394 accipies,
2917 2333 3083 2393 quae
3142 2322 3254 2378 tua
3313 2322 3411 2379 est
3469 2313 3846 2379 humanitas
3905 2314 4244 2396 pietasque
4301 2313 4495 2378 adeo:

2540 2417 2751 2480 neque
2794 2397 2865 2462 in
2911 2396 3201 2464 deterius
3247 2398 3605 2482 quidquam
3645 2402 3911 2463 omnino
3957 2398 4072 2464 sed
4115 2419 4192 2463 eo
4225 2419 4500 2481 prorsus

2542 2502 2669 2564 quo
2715 2502 2754 2547 a
2796 2504 2903 2547 me
2959 2484 3036 2548 fit
3079 2485 3318 2549 animo.
3408 2484 3581 2550 Nam
3640 2496 3717 2549 ut
3774 2505 3895 2569 ego
3951 2484 4031 2549 de
4090 2482 4498 2569 publicisque

2543 2567 2965 2637 ecclesiarum
3038 2570 3427 2653 scholaeque
3497 2579 3753 2636 vestrae
3817 2570 4013 2637 rebus
4070 2570 4349 2636 libenter
4415 2572 4498 2636 ab

2541 2653 2663 2720 hoc
2728 2666 2951 2721 nostro
2995 2657 3256 2722 Aarone
3299 2656 3527 2722 audire
3584 2655 3847 2739 quidem
3903 2657 4186 2740 plurima
4229 2666 4295 2721 et
4340 2659 4500 2723 scis-

2541 2740 2732 2806 citari
2773 2741 2966 2819 colec,
3009 2743 3101 2806 ita
3144 2743 3333 2809 vobis
3376 2763 3630 2826 quoque
3675 2764 3803 2807 non
3850 2745 4116 2808 omnino
4161 2744 4498 2828 ingratum

2539 2847 2680 2892 esse
2715 2829 2943 2911 putavi
2983 2828 3063 2893 de
3100 2828 3289 2894 nobis
3325 2830 3524 2894 etiam
3561 2829 3885 2912 quaedam
3920 2830 4271 2895 resciscere
4297 2836 4500 2905 certo,

2489 2962 2494 2971 ι
2541 2934 2737 2994 quum
2785 2915 2883 2979 tui
2926 2925 3320 2998 tuorumque
3364 2925 3502 2979 tam
3546 2915 3969 2983 honorificam
4005 2913 4501 2980 creberrimam·

2487 3697 2495 3762 l

2542 3019 2665 3080 que
2709 3019 2969 3082 semper
3013 3001 3150 3065 fere
3185 3010 3528 3083 praesente
3552 3000 3862 3083 Philippo
3886 2998 4058 3075 Mel„
4109 2998 4501 3078 camerario,

2545 3082 2724 3160 Iona,
2772 3084 3021 3152 Maiore
3077 3095 3198 3153 etc.
3255 3087 3655 3152 mentionem
3714 3088 4048 3153 faciamus.
4137 3085 4365 3170 Neque
4421 3098 4499 3150 tn

2544 3171 2799 3254 gratius
2842 3173 3109 3236 omnino
3153 3171 3397 3256 aliquid
3438 3172 3627 3237 nobis
3671 3174 3884 3239 facere
3918 3173 4158 3256 poteris
4198 3193 4398 3256 quam
4442 3173 4503 3239 si

2542 3256 2868 3340 longiores
2910 3257 3107 3322 etiam
3150 3258 3603 3341 plenioresque
3646 3260 3827 3323 omni
3869 3281 4126 3341 semper
4167 3262 4505 3326 occasione

2545 3342 2972 3426 rescripseris.
3073 3342 3301 3427 Itaque
3357 3344 3632 3410 verbum
3688 3345 3821 3409 iam
3887 3366 4019 3410 non
4079 3344 4316 3410 addam
4375 3345 4506 3410 nisi

2545 3435 2620 3492 ut
2676 3427 2847 3510 quod
2907 3428 3068 3495 facis
3139 3429 3338 3496 facias
3412 3451 3660 3514 nosque
3719 3439 4107 3514 perpetuum
4182 3430 4500 3496 redames.

2549 3511 2729 3578 Vale.
2755 3514 3049 3683 9)Datum
3084 3516 3406 3599 ocyssime
3427 3517 3695 3601 Lipsiae
3729 3515 3852 3582 sub
3888 3516 4217 3582 nundinas
4261 3538 4507 3582 vernas

3520 3689 3783 3753 Valent.
3833 3689 4088 3756 Paeeus

3317 3803 3661 3857 aeternum
3705 3788 3823 3855 tibi
3868 3790 4325 3858 deditissimus.

2759 3967 2816 3974 ...-

2751 4081 2812 4218 g
2846 4080 3173 4205 32³0?sz
3206 4159 3428 4220 propter
3479 4151 3766 4219 opiniones
3807 4165 3941 4204 suas
3982 4167 4204 4207 munem
4236 4168 4337 4208 sao
4373 4171 4502 4209 aca-

2549 4220 2754 4303 demico
2805 4220 3172 4303 Fraaeofurti
3225 4219 3303 4274 ad
3359 4219 3625 4273 viadrum
3672 4220 3960 4274 abdicatus
3999 4222 4062 4274 in
4111 4221 4400 4304 Roloniam
4444 4239 4508 4276 se

2546 4294 2749 4413 {w
2744 4285 3918 4439 a⁸‘2¹1.‘3‚3”mt3⁵.t⁸3ss2.¹⁵⁶2ssata⁸⁹”⁰⁶⁰„
3816 4288 4312 4440 00.......⁸¹⁰²·.”¹⁰⁶”⁸’v.a2
4340 4292 4505 4426 5532:

2547 4428 2754 4482 mortib.
2826 4426 3012 4497 (Saliy
3045 4426 3115 4481 11.
3152 4424 3268 4480 965.
3305 4424 3422 4479 588.
3546 4465 3559 4478 .
3598 4425 3843 4482 Schmidt
3876 4443 3937 4481 in
3972 4428 4240 4496 Hersoyii
4275 4428 4503 4498 Eat-yol-

2547 4496 2702 4550 ΚΝ
2738 4495 3074 4628 wiffam
3109 4565 3207 4618 noc
3243 4580 3392 4618 anno
3428 4563 3627 4618 enada
3669 4566 3733 4617 sn
3774 4562 3861 4617 25.
3895 4521 4117 4619 hama.
4193 4566 4508 4621 Νωηαᾱηω

2549 4634 2866 4702 Lipsienses
2898 4650 3037 4706 enyo
3068 4633 3402 4702 incipiebant
3440 4631 3555 4687 Cal.
3597 4636 3736 4700 Δγ.
