4850 6200
363 478 477 542 329

356 663 680 732 Dominus
717 665 888 734 iram
931 688 1121 735 suam
1162 690 1205 735 a
1236 668 1426 738 nobis
1468 676 1742 739 avertat.
1809 671 2045 739 Amen.
2111 670 2304 740 Salvi

359 750 1188 822 sintii-attestuiomnss.
1275 753 2302 844 Nostriteetillosdiligenter

357 837 658 905 salutant.
745 838 1008 907 Bernae
1049 850 1110 907 4.
1155 839 1276 908 No.
1321 840 1633 910 Decemb.
1683 847 1867 909 1554.

1510 978 1692 1047 Tuus
1734 1000 1822 1047 ex
1865 982 2086 1047 animo

1443 1065 1744 1134 Ioannes
1791 1065 2124 1134 Hallerus.

1123 1358 1525 1368 ffl———m-

1223 1577 1423 1652 2057.

675 1713 1146 1784 CALVINUS
1189 1715 1425 1785 REGI
1465 1713 1964 1784 POLONIAE.

513 1886 2296 1974 Hortatureumodfovtiterdsinmrefomationoen

343 1974 1040 2042 eoeksiaeaoeuor
1233 1975 2296 2058 promoveatetiaeumfinm

345 2146 660 2227 βαηκαό
727 2062 1040 2232 evangelio
1105 2062 1500 2228 &affiictionem
1562 2061 2297 2233 mmet

344 2200 2299 2384 ἧᾳοοοῧῗοηοεαεωίρεήιεᾶοώνὺιαωᾶοοωῖωὸααᾶπιί-

343 2324 548 2385 amm
711 2338 977 2402 expos.

343 2508 597 2578 (Legitur
630 2507 688 2561 in
722 2506 1002 2563 Thesauro
1027 2508 1242 2562 Benna
1279 2507 1362 2563 ed.
1399 2507 1605 2563 Gener.
1640 2525 1694 2579 p.
1732 2506 1850 2580 189,
1885 2510 2045 2591 Issus.
2082 2528 2137 2593 p..
2175 2509 2293 2577 309,

339 2576 591 2631 Hannov.
627 2592 682 2646 p.
717 2573 839 2646 345,
875 2576 1123 2699 ChonetP
1161 2574 1330 2701 1:3⁷⁹
1327 2579 1639 2713 Πῒιιιὸὣρ.
1676 2575 1762 2632 85.
1851 2580 2078 2649 Anghce
2111 2597 2168 2634 m
2206 2580 2293 2633 ed.

505 2817 661 2885 Etsi
703 2839 741 2883 e
859 2826 1012 2883 ante
1056 2839 1263 2885 annos
1297 2819 1601 2903 quinque,
1640 2816 2077 2886 Serenissime
2121 2820 2291 2899 Rex,

336 2903 668 2988 quandam
688 2903 738 2969 li
782 2924 1005 2969 rorum
1037 2924 1331 2971 meorum
1367 2912 1621 2989 partem
1644 2904 1924 2971 Vestrae
1953 2905 2294 2971 Maiestati

333 2991 595 3075 publice
639 2987 1115 3069 dedicaveram,
1146 2993 1196 3069 ι)
1241 3001 1317 3056 ut
1349 2991 1614 3076 pietatis
1658 3011 1905 3073 semen,
1949 2990 2124 3075 quod
2159 2993 2291 3057 iam

333 3086 493 3145 tunc
535 3076 720 3178 cordi
757 3084 977 3176 vestro
1019 3075 1336 3144 divinitus
1367 3077 1643 3144 insitum
1679 3077 2037 3179 audieram,
2080 3078 2292 3163 magis

333 3162 2292 3336 ffiffisstffifflfflwffifflfflfflffi

333 3337 593 3416 offerre,
661 3335 792 3402 nisi
857 3334 1270 3403 venerandus
1335 3335 1543 3403 frater
1604 3345 1848 3417 noster,
1868 3337 1926 3419 ²)
1993 3337 2101 3404 cui
2165 3335 2289 3404 hoc

333 3626 601 3690 20611)
739 3666 754 3680 .
789 3626 869 3682 ad
902 3626 1183 3682 Hebraeos
1219 3625 1296 3684 N.
1332 3625 1482 3682 1195.

535 3694 599 3764 2)
702 3696 804 3749 alli
843 3694 1155 3752 dabamus
1200 3696 1289 3751 hic
1332 3711 1454 3750 eun
1487 3696 1555 3750 de
1592 3695 1696 3750 Fr.
1733 3695 2065 3751 Lisnunm
2103 3693 2289 3751 stan-

331 3768 554 3822 caeam
592 3763 922 3834 Corcyram·
1087 3766 1113 3818 ι’
1142 3764 1242 3846 φη·
1269 3764 1458 3831 fuerat
1490 3764 1779 3831 deflendae
1817 3764 2064 3835 Beyt'aae
2096 3767 2291 3819 matris

332 3833 629 3891 Barbarae
653 3834 846 3888 Bonae
865 3836 1325 3903 pessumum-ias
1358 3841 1408 3888 et
1427 3833 1575 3903 Boot·
1603 3835 1938 3903 macelinus
1973 3849 2061 3888 am

329 3904 459 3958 dun
513 3904 1005 3959 commodaverat.
1089 3901 1222 3957 Cum
1267 3919 1329 3957 eo
1371 3904 1455 3957 bis
1498 3918 1598 3971 per
1640 3904 2021 3958 hebdomadem
2073 3902 2293 3957 Οαὶυὺιι·

328 3973 746 4028 Institutione-0
802 3972 1010 4042 legebat
1058 3978 1107 4027 et
1152 3973 1215 4026 in
1266 3977 1482 4027 meras
1535 3978 1715 4027 terras
1758 3972 1958 4028 mium
2006 3978 2069 4026 at
2119 3973 2290 4028 libros

328 4048 587 4097 comeret
630 4046 682 4096 a
724 4041 905 4097 claros
1155 4042 1409 4096 elicorum
1453 4041 1787 4111 coryphaeos
1830 4042 2084 4097 inviseret
2127 4043 2288 4095 etiae·

323 4113 386 4164 in
423 4110 735 4166 Helvetia-⁸
778 4111 952 4177 vonit,
993 4110 1095 4165 ubi
1136 4109 1349 4164 diutius
1398 4108 1645 4165 Genetos
1689 4118 2051 4166 commoratus
2098 4116 2291 4164 autore

335 4179 566 4235 Οαῖοὺιο
593 4194 818 4235 uxorea·
839 4179 1019 4248 duxit,
1053 4187 1104 4233 et
1125 4178 1269 4248 Reai
1302 4179 1562 4247 epistolas
1579 4180 1744 4245 misit,
1779 4196 1914 4249 quas
1947 4179 2286 4234 celeberrimi

327 4247 663 4303 inflelvetia
697 4248 803 4301 viri
836 4248 905 4302 ad
940 4265 1064 4302 eum
1098 4249 1381 4318 scripsere,
1416 4265 1645 4317 quarum
1679 4249 2016 4318 autographa
2043 4246 2289 4301 BOannis

329 4335 362 4371 a
393 4325 577 4372 morte
612 4316 777 4387 Regis
812 4318 869 4371 in
903 4333 1095 4371 manus
1127 4316 1377 4371 Budsinii
1413 4326 1795 4387 pervenerunt,
1843 4319 1923 4371 ita
1958 4324 2021 4372 ut
2055 4318 2171 4371 eius
2205 4317 2285 4369 in·

327 4386 577 4440 (lustriae
610 4386 1076 4439 conservationem
1110 4385 1329 4440 illorum
1362 4386 1672 4440 debeamus.
1725 4386 1939 4440 Horum
1973 4384 2289 4457 apographa

325 4454 416 4509 hic
462 4455 664 4509 omitto
748 4471 875 4508 uum
916 4455 1027 4508 iam
1070 4454 1274 4508 dudum
1321 4456 1494 4509 lucem
1541 4456 1796 4509 viderint.
1866 4455 2068 4510 Moneo
2102 4461 2286 4508 tamen

327 4530 580 4577 amantes
614 4539 733 4576 ven
769 4540 836 4578 ex
882 4523 1060 4577 officio
1103 4525 1209 4577 viri
1257 4523 1540 4579 christiani
1575 4531 1633 4579 et
1666 4524 1843 4580 fidelis
1889 4524 2188 4595 scriptoris,
2224 4529 2288 4577 ut

329 4609 437 4662 qua
487 4592 706 4646 ratione
759 4592 816 4645 in
869 4591 1112 4662 legendis
1161 4593 1458 4647 celebrium
1503 4601 1752 4648 autorum
1797 4594 2018 4663 scriptis
2062 4594 2288 4647 circum-

323 4667 549 4784 w
585 4677 680 4714 eos
725 4676 845 4714 esse
890 4667 1145 4730 oporteat
1189 4661 1434 4728 videant,
1476 4679 1585 4716 non
1631 4664 1775 4717 bona
1818 4662 1926 4716 fide
1959 4665 2016 4715 in
2062 4661 2287 4716 edendis

391 4731 404 4742 ’
473 4729 833 4799 epistolarum
849 4729 1098 4799 gravium
1127 4730 1478 4812 autographis
1513 4732 1585 4784 ab
1618 4732 1832 4786 infestis
1856 4731 2080 4785 veritati
2113 4730 2285 4785 homi-

325 4798 489 4852 nibus
535 4805 714 4853 actum
759 4814 895 4853 esse.
964 4798 1106 4852 Nam
1153 4816 1221 4853 ne
1270 4799 1402 4869 quid
1446 4799 1805 4854 dissimulem:
1855 4800 2087 4870 epistola
2122 4816 2286 4869 quam

327 4868 396 4922 ad
432 4868 646 4938 Regem
681 4873 986 4938 Augustum
1020 4867 1275 4922 Calvinus
1311 4867 1483 4923 Nonis
1518 4870 1645 4923 Dec.
1686 4868 1819 4924 1554
1859 4868 2105 4934 dederat,
2151 4869 2288 4921 satis

327 4937 556 4991 cordate
592 4943 782 4990 contra
811 4936 1146 5020 pontificiam
1181 4938 1547 5060 “mantiam
1591 4940 1797 5008 scripta
1843 4947 2025 4992 exstat
2067 4938 2288 5007 quidem

326 5007 479 5060 inter
512 5022 639 5075 epp.
673 5006 884 5061 Calvmi
918 5023 1041 5088 pag.
1077 5005 1197 5075 139,
1376 5007 1676 5061 Lismanini
1723 5024 1918 5062 nomen
1952 5008 2108 5062 initio
2143 5006 2284 5077 epis-

325 5077 477 5128 tolae
531 5091 724 5143 parum
774 5075 1004 5129 candide
1156 5092 1220 5129 ns
1272 5076 1452 5130 editor
1496 5076 1612 5130 eius
1656 5077 1854 5131 omisit.
1941 5076 2115 5131 Verba
2158 5081 2288 5128 sunt

331 5143 660 5199 Labie-ecio·
710 5143 859 5198 Hist.
910 5143 1036 5208 Res.
1137 5144 1204 5198 ol.
1254 5160 1313 5213 p.
1361 5143 1429 5197 44
1480 5146 1551 5212 cf.
1602 5143 1770 5216 Saliq.
1817 5145 1885 5199 A.
1928 5144 1988 5199 G.
2044 5143 2117 5198 11
2164 5141 2285 5197 586.

329 5211 488 5267 Besa
519 5228 716 5267 nomen
756 5214 937 5266 omisit
971 5213 1104 5281 quia
1145 5212 1214 5266 L.
1243 5219 1435 5282 postea
1467 5215 1545 5268 ad
1579 5213 2008 5269 anticrinitarios
2043 5213 2287 5268 transiit.

331 5279 574 5349 Propter
617 5282 1026 5335 matrimonium
1075 5296 1234 5336 saum
1283 5282 1644 5338 Lismaninus
1693 5287 1755 5338 in
1803 5284 2037 5338 Polom'a
2079 5298 2286 5336 exeom-

329 5352 645 5405 municatus
679 5355 760 5404 est
793 5355 846 5404 et
878 5366 937 5404 eo
969 5350 1153 5404 redire
1183 5367 1296 5405 aon
1336 5353 1534 5420 potuit.
1605 5354 1772 5408 Anno
1807 5354 2017 5407 demum
2053 5350 2191 5406 1555
2222 5349 2288 5405 id

329 5421 385 5472 ei
417 5433 728 5475 comeum
763 5417 1126 5491 (Κναείηεέῃ,
1162 5417 1358 5477 aaron.
1395 5421 1448 5476 d.
1487 5420 1617 5488 Res.
1654 5425 1715 5478 in
1752 5423 1923 5478 Potes
1954 5437 2011 5492 p.
2048 5420 2194 5491 108).

2040 488 2204 549 1554
2245 481 2658 551 DEOEMB.

4224 495 4351 559 330

2406 670 2627 753 debeo,
2694 682 2760 738 et
2814 675 3004 740 cuius
3059 681 3136 739 ut
3186 672 3400 740 fidelis
3454 694 3612 760 erga
3654 675 3747 742 Μ.
3794 672 3870 746 V.
3937 677 4354 746 observantia

2403 758 2571 825 mihi
2612 769 2771 826 nota
2813 773 2930 837 est,
2989 761 3082 825 ita
3145 781 3280 825 non
3338 758 3564 826 dubito
3609 762 3764 845 quin
3811 783 4045 830 sensus
4101 773 4352 833 vestros

2404 844 2604 929 probe
2639 855 3006 932 compertos
3039 844 3296 926 habeat,
3345 867 3450 912 me
3499 867 3616 913 suo
3652 848 3920 915 oonsilio
3968 858 4037 916 et
4085 848 4353 918 hortatu

2403 932 2778 998 animasset.
2879 930 3056 1015 Quia
3099 953 3255 1016 ergo
3294 930 3639 1017 spopondit
3695 955 3829 999 non
3874 935 4211 1020 ingratum
4255 938 4349 1004 Μ.

2404 1016 2490 1081 V.
2533 1017 2671 1082 fore
2712 1015 2836 1083 hoc
2877 1038 3096 1083 meum
3142 1017 3448 1097 officium,
3496 1020 3882 1085 temeritatis
3915 1021 4173 1105 culpam
4216 1043 4353 1089 non

2403 1124 2549 1168 sum
2617 1104 2897 1187 amplius
2962 1106 3231 1171 veritus.
3341 1102 3486 1170 Iam
3552 1126 3709 1171 vero
3773 1107 3927 1189 quia
3990 1107 4352 1175 absurdum

2403 1187 2604 1267 foret,
2671 1188 2753 1255 ab
2817 1189 3141 1274 evangelii
3195 1190 3496 1256 ministro
3558 1191 3626 1255 in
3692 1205 4115 1276 conspectum
4182 1197 4351 1261 tanti

2401 1274 2609 1361 Regis
2653 1296 2896 1341 vacuas
2918 1275 3143 1341 literas
3180 1277 3434 1342 venire:
3479 1274 3642 1342 illud
3669 1276 3843 1342 idem
3864 1288 4348 1363 argumentum,

2401 1360 2574 1445 quod
2620 1362 2907 1427 continet
2940 1360 3200 1444 publica
3242 1381 3388 1427 mea
3424 1363 3497 1427 in
3518 1362 3883 1447 Epistolam
3908 1363 3989 1430 ad
4012 1364 4352 1432 Hebraeos

2400 1446 2737 1531 praefatio,
2774 1446 2930 1532 quia
2962 1446 3218 1512 nullum
3258 1448 3361 1514 vel
3399 1447 3650 1528 melius,
3691 1449 3793 1514 vel
3824 1448 4035 1535 Regia
4070 1471 4352 1534 persona

2402 1532 2685 1618 dignius,
2732 1534 2837 1599 vel
2881 1535 3158 1616 tempori
3180 1535 3396 1617 aptius
3432 1535 3734 1614 occurrit,
3771 1534 3933 1600 mihi
3957 1536 4350 1603 sumendum

2399 1620 2649 1703 putavi.
2756 1617 2871 1687 Sic
2935 1622 3109 1685 enim
3176 1641 3526 1704 persuasus
3590 1642 3756 1700 sum,
3821 1641 3940 1707 pro
4000 1642 4093 1701 ea,
4152 1645 4350 1707 quam

2400 1704 2535 1771 filio
2576 1705 2707 1771 Dei
2744 1707 3076 1772 communi
3117 1706 3435 1792 magistro
3480 1705 3764 1785 defertis,
3823 1709 4212 1785 reverentia,
4267 1709 4349 1776 ab

2400 1791 2541 1858 eius
2559 1811 2750 1858 servo
2770 1792 3042 1869 moneri,
3087 1792 3276 1858 vobis
3299 1813 3432 1858 non
3453 1793 3590 1859 fore
3613 1813 3811 1875 grave
3842 1802 3958 1858 aut
3978 1793 4346 1861 molestum.

2398 1876 2494 1943 Et
2535 1886 2712 1944 certe
2767 1876 2932 1945 haec
2974 1877 3294 1943 modestia
3336 1878 3521 1945 decet
3577 1899 3804 1944 omnes
3849 1876 4099 1945 Christi
4154 1878 4351 1948 disci-

2399 1963 2610 2048 pulos,
2653 1985 2694 2029 a
2731 1985 2986 2030 summo
3031 1984 3236 2047 usque
3282 1964 3365 2029 ad
3424 1964 3742 2044 infimum,
3799 1985 3839 2029 a.
3881 1987 3917 2029 r
4003 1965 4145 2033 ‘bus
4186 1968 4350 2050 ipsis

2400 2047 2485 2115 ad
2526 2048 2784 2135 plebem
2831 2070 3052 2133 usque,
3097 2049 3363 2116 coelesti
3399 2050 3540 2116 eius
3582 1986 4239 2118 doctrinaeeffbenter
4281 2064 4350 2119 et

2444 2135 2656 2202 lacida
2698 2137 2905 2201 animi
2947 2135 3450 2202 mansuetudine
3493 2157 3564 2201 se
3606 2136 4008 2203 submittere.
4065 2138 4238 2203 Nam
4282 2147 4349 2204 et

2450 2243 2527 2289 oc
2571 2221 2761 2288 modo
2805 2221 3161 2289 secundum
3199 2221 3477 2288 Davidis
3511 2230 3936 2307 praeceptum
3972 2223 4348 2290 osculantur

2400 2328 2754 2393 regnorum
2791 2309 3081 2374 omnium
3115 2308 3480 2392 principem
3525 2319 3589 2372 et
3624 2319 3823 2392 caput
3858 2311 4103 2375 terreni
4138 2330 4346 2394 reges,

2400 2394 2558 2461 dum
2605 2415 2720 2478 per
2762 2394 3084 2475 homines,
3127 2392 3362 2478 quibus
3407 2392 3680 2460 docendi
3735 2415 3977 2461 munus
4032 2395 4347 2475 iniunxit,

2399 2480 2776 2565 loquentem
2829 2479 3054 2546 audire
3108 2498 3241 2544 non
3297 2490 3633 2563 respuunt.
3732 2478 4116 2559 Caeterum,
4178 2481 4348 2566 quod

2398 2586 2698 2631 mearum
2740 2567 3025 2650 partium
3049 2565 3337 2631 vicissim
3360 2585 3500 2631 esse
3544 2566 3843 2644 arbitror,
3889 2587 4153 2649 operam
4190 2567 4348 2633 dare

2399 2651 2690 2731 studebo,
2734 2673 2817 2717 ne
2857 2651 3045 2717 vobis
3088 2650 3351 2717 fastidio
3393 2652 3482 2717 sit
3525 2672 3671 2717 mea
3713 2650 4074 2734 prolixitas.

2570 2740 2670 2805 Ac
2725 2738 3013 2821 primum
3067 2736 3417 2803 horribiles
3475 2737 3809 2814 tenebras,
3871 2759 4035 2820 quae
4099 2739 4346 2821 passim

2396 2832 2800 2907 grassantur,
2850 2844 3146 2888 errorum
3204 2821 3567 2903 colluviem,
3623 2843 3752 2907 qua
3809 2823 4104 2888 obruitur
4168 2832 4345 2889 totus

2395 2910 2534 2976 fere
2578 2907 2881 2987 mundus,
2940 2908 3178 2975 abusus
3232 2916 3300 2974 et
3343 2908 3747 2992 corruptelas
3799 2907 4030 2991 quibus
4084 2908 4344 2977 foedata

2396 3004 2500 3062 est
2566 2997 2821 3079 religio,
2889 3015 3023 3060 non
3078 2996 3244 3060 attin
3333 3016 3434 3072 m,
3502 3014 3587 3060 ne
3643 2994 3714 3059 in
3780 3014 4185 3076 supervacua
4242 2996 4341 3060 rei

2397 3082 2695 3167 cognitae
2748 3082 3132 3149 tractatione
3266 3131 3281 3147 .
3343 3078 3653 3148 Vestram
3712 3079 3960 3146 frustra
4013 3100 4342 3165 occupem.

2395 3169 2624 3252 Neque
2667 3168 2845 3235 enim
2870 3166 2952 3233 ad
2995 3167 3227 3234 rudem
3263 3168 3635 3251 quempiam
3673 3173 3740 3231 et
3762 3167 4053 3232 sincerae
4075 3166 4345 3251 pietatis

2392 3253 2700 3340 ignarum
2744 3253 2908 3319 mihi
2932 3252 3275 3320 habendus
3312 3265 3413 3319 est
3435 3271 3683 3318 sermo:
3734 3250 3847 3317 sed
3890 3251 4066 3335 apud
4088 3252 4346 3337 Regem

2393 3342 2678 3423 purioris
2722 3339 3057 3407 doctrinae
3099 3340 3243 3406 luce
3284 3338 3673 3422 praeditum,
3739 3346 3816 3404 ut
3872 3359 4004 3403 non
4062 3338 4255 3405 modo
4304 3359 4346 3404 a

2393 3427 2631 3493 crassis
2712 3426 2895 3512 vulgi
2962 3425 3533 3509 superstitionibus
3601 3425 3691 3489 sit
3760 3424 3898 3507 ipse
3963 3424 4159 3503 liber,
4226 3424 4344 3490 sed

2394 3514 2593 3578 etiam
2635 3532 2831 3597 quam
2877 3511 3164 3578 exitialis
3208 3511 3295 3577 sit
3337 3510 3753 3596 labyrinthus
3787 3509 3918 3588 ille,
3963 3529 4090 3593 quo
4133 3509 4344 3576 maior

2391 3618 2546 3679 pars
2590 3598 2850 3683 generis
2885 3596 3163 3664 humani
3205 3605 3469 3666 tenetur
3489 3595 3822 3680 implicita,
3866 3603 4043 3662 recte
4075 3595 4341 3662 iudicet.

2391 3683 2566 3750 Nam
2632 3705 2833 3768 quum
2897 3682 3233 3769 gregarios
3311 3703 3565 3767 quoque
3642 3680 3993 3765 discipulos
4056 3681 4343 3748 lucernis

2394 3769 2642 3836 similes
2687 3791 2827 3836 esse
2864 3770 3026 3834 velit
3069 3769 3399 3846 Christus,
3455 3787 3621 3852 quae
3665 3767 3734 3832 in
3782 3765 4047 3834 sublimi
4091 3768 4342 3852 positae

2392 3855 2718 3940 fulgorem
2762 3877 2952 3921 suum
2997 3856 3192 3940 longe
3235 3855 3579 3919 emittunt:
3624 3852 3779 3934 quid
3827 3874 3866 3917 a
3910 3874 4062 3937 rege
4122 3857 4225 3918 exi
4276 3863 4344 3919 et

2392 3964 2585 4026 quem
2643 3943 2712 4007 in
2769 3962 3023 4007 summo
3077 3940 3415 4025 dignitatis
3471 3941 3732 4025 fastigio
3788 3938 4027 4005 locavit
4081 3950 4155 4005 ut
4261 3942 4343 4007 iis

2390 4029 2695 4094 omnibus
2748 4027 3167 4113 praeluceat?
3285 4026 3459 4092 Nam
3529 4047 3657 4109 quo
3714 4024 3924 4109 magis
3983 4024 4343 4091 honorifica

2392 4123 2494 4180 est
2562 4116 2707 4180 solii
2785 4115 2890 4181 cui
2954 4112 3271 4198 praeestis
3337 4111 3641 4186 altitude,
3706 4131 3783 4175 eo
3849 4110 4179 4176 difficilius
4244 4125 4343 4177 est

2390 4221 2615 4283 parem
2661 4221 2889 4285 gerere
2933 4201 3244 4276 animum,
3288 4206 3362 4264 ut
3404 4197 3585 4265 locus
3626 4197 3912 4262 hominis
3949 4197 4191 4263 virtute
4234 4218 4342 4262 cr-

2390 4296 2602 4365 netur,
2659 4294 2727 4352 et
2784 4284 2866 4351 de
2920 4283 3253 4352 reddenda
3312 4283 3483 4367 apud
3534 4281 3757 4348 Deum
3821 4284 4074 4347 ratione
4131 4285 4343 4366 magis

2389 4372 2663 4439 sollicite
2718 4371 3154 4456 cogitandum.
3250 4367 3444 4451 Quod
3510 4371 3563 4433 si
3622 4369 3912 4434 obscuris
3966 4368 4341 4433 hominibus

2389 4458 2757 4524 timendum
2802 4467 2921 4536 est,
2978 4478 3064 4523 ne
3107 4456 3231 4522 hoc
3277 4456 3609 4522 vivificum
3646 4474 3869 4521 semen
3903 4461 4162 4537 torpore
4205 4455 4345 4518 suf-

2389 4545 2675 4611 focatum
2739 4545 3121 4628 degeneret,
3183 4542 3287 4609 vel
3349 4563 3615 4625 prorsus
3668 4541 3979 4614 intereat,
4031 4538 4186 4622 quid
4244 4539 4338 4604 M.

2390 4631 2673 4696 Vestrae
2718 4629 3049 4714 agendum
3091 4637 3209 4706 est,
3269 4628 3377 4694 cui
3421 4649 3553 4693 non
3597 4626 3755 4691 satis
3799 4633 3901 4690 est
3944 4622 4208 4689 uberem
4253 4645 4337 4689 ex

2391 4738 2462 4782 se
2518 4716 2805 4783 fructum
2873 4716 3163 4799 proferre
3181 4767 3196 4794 ,
3274 4714 3407 4780 nisi
3470 4710 3742 4778 eandem
3817 4719 4176 4775 sementem
4256 4710 4338 4775 ad

2390 4803 2597 4869 multa
2642 4802 2983 4867 hominum
3029 4800 3233 4865 millia
3289 4820 3491 4884 propa
3538 4818 3649 4863 are
3694 4792 3998 4860 studeat?
4101 4795 4338 4860 Memi-

2390 4888 2623 4953 neritis
2666 4909 2839 4972 ergo,
2884 4886 3443 4971 praestantissime
3582 4906 3647 4962 x,
3684 4882 3755 4946 in
3800 4901 4078 4964 persona
4119 4891 4340 4947 vestra

2389 4975 2603 5040 lucem
2662 4976 2781 5040 toti
2839 4972 3153 5039 Poloniae
3209 4971 3527 5036 divinitus
3584 4990 3725 5034 esse
3770 4986 4128 5045 accensam,
4173 4987 4341 5049 quae

2390 5061 2532 5127 sine
2621 5062 2769 5125 ravi
2814 5058 3006 5143 culpa
3049 5058 3292 5124 diutius
3334 5057 3538 5122 latere
3580 5053 3825 5139 nequit.

2597 5157 2788 5230 taque
2845 5145 3007 5210 haec
3071 5144 3281 5227 prima
3339 5145 3426 5209 sit
3483 5162 3671 5220 cura,
3736 5148 3804 5206 et
3867 5138 3989 5204 hoc
4050 5138 4337 5222 primum

2389 5232 2701 5310 studium,
2747 5231 3070 5298 subiectas
3117 5228 3298 5295 vobis
3355 5228 3635 5294 ditiones
3692 5248 3774 5292 ex
3819 5224 4006 5291 foeda
4057 5235 4339 5309 papatus

2392 5317 2815 5401 dissipatione
2840 5317 2919 5383 ad
2951 5317 3201 5383 Christi
3224 5316 3601 5398 obsequium
3625 5313 3947 5397 colligere.
4008 5312 4335 5394 Erumpat

2393 5404 2654 5469 tandem
2715 5403 2979 5470 heroica
3033 5404 3193 5484 ista,
3250 5424 3416 5486 quae
3473 5403 3669 5468 nimis
3723 5397 3835 5465 diu
3891 5401 4070 5464 intus
4127 5398 4338 5482 sopita
