4850 6200
335 469 457 530 745

334 656 555 721 furent
597 675 864 721 amenez
918 666 988 720 et
1042 665 1237 721 tenus
1280 660 1462 720 toute
1498 654 1567 720 la
1607 654 1917 734 matinee,
1978 655 2287 739 ausquels

334 739 396 807 le
437 739 766 825 Seigneur
823 741 1062 807 assista
1117 741 1174 805 si
1224 739 1376 807 bien
1432 739 1628 825 qu’ils
1681 740 2163 825 triompherent
2205 739 2289 806 de

333 826 702 893 rembarrer
743 825 957 893 Satan
1012 834 1081 892 et
1139 847 1245 893 ses
1298 826 1630 894 cautelles.
1716 827 1811 892 Et
1865 847 2075 911 apres,
2135 826 2288 892 bien

332 914 605 998 ioyeux,
666 911 758 978 du
813 912 1385 980 commandement
1426 911 1508 978 de
1550 912 1617 977 la
1658 911 1839 979 Oour
1889 913 2141 978 fusmes
2182 934 2286 979 re-

332 999 458 1064 mis
511 998 864 1066 ensemble.
951 1000 1054 1065 Le
1109 997 1340 1064 Lundi
1390 1020 1591 1083 apres
1634 1001 1736 1064 26.
1784 996 2079 1079 d’Aoust,
2139 1008 2287 1064 tous

333 1084 663 1151 ensemble
738 1085 992 1152 fusmes
1056 1106 1326 1150 amenez
1391 1083 1639 1151 devant
1700 1084 2092 1166 Messieurs,
2173 1086 2287 1168 qui

331 1172 528 1237 firent
584 1170 837 1256 grande
888 1182 1381 1238 remonstrance
1434 1177 1503 1236 et
1558 1171 1857 1238 instance
1912 1192 2077 1255 pour
2120 1191 2287 1237 nous

330 1256 613 1323 reduire.
700 1257 803 1324 Le
857 1256 1033 1324 frere
1089 1257 1356 1338 Ver-nou,
1413 1277 1538 1340 par
1591 1256 1658 1321 la
1715 1279 1909 1342 grace
1967 1256 2049 1321 de
2091 1257 2286 1335 Dieu,

330 1342 668 1426 respondit
710 1343 1113 1428 amplement
1154 1363 1321 1427 pour
1362 1354 1527 1422 tous,
1575 1340 1656 1408 de
1699 1352 1874 1409 sorte
1916 1364 2041 1426 que
2084 1343 2286 1426 glori-

327 1431 593 1496 fiasmes
636 1436 861 1496 nostre
897 1430 1072 1495 Dieu
1117 1441 1186 1494 et
1226 1449 1392 1496 nous
1435 1450 1521 1495 en
1554 1437 2046 1495 retournasmes
2082 1429 2285 1495 victo-

329 1517 539 1581 rieux.
647 1514 905 1600 Depuis
983 1536 1189 1583 avons
1266 1523 1405 1581 este
1483 1513 1881 1581 condamnez
1960 1519 2284 1592 entr’eux,

331 1623 584 1668 comme
646 1599 785 1666 l’on
829 1601 945 1681 dit,
1013 1608 1057 1667 a
1112 1609 1287 1668 estre
1330 1600 1590 1667 bruslez
1630 1608 1780 1666 tous
1844 1601 2011 1684 cinq.
2101 1600 2288 1666 Nous

327 1686 614 1754 rendons
655 1707 886 1771 graece
930 1694 974 1753 a
1011 1688 1191 1754 Dieu
1247 1697 1316 1753 et
1371 1685 1724 1753 attendens
1785 1686 2056 1766 l'heure,
2120 1708 2286 1753 nous

327 1771 870 1841 recommendans
914 1781 958 1840 a
1000 1795 1117 1842 voz
1161 1775 1427 1858 priores.
1456 1778 1508 1851 ¹)

1117 2103 1523 2111 ——.-——-——.-——

1198 2372 1390 2444 2281.

717 2524 1202 2595 SULZERUS
1246 2526 1885 2594 BULLINGERO.

494 2696 870 2763 Discidium
902 2701 1067 2765 inter
1109 2697 1496 2765 Bernensem
1547 2705 1606 2764 et
1662 2699 2077 2767 Genevensem
2118 2720 2279 2766 rem-

305 2782 634 2865 publicam
692 2804 758 2848 eo
819 2805 1018 2867 usque
1062 2805 1554 2870 progressurum
1605 2786 1853 2853 videtur
1891 2791 1961 2852 ut
2003 2786 2098 2852 vel
2137 2806 2279 2853 con-

316 2868 662 3021 ζιξὲεαῗιίίο
710 2870 956 2953 alioqui
993 2873 1363 2956 propediem
1409 2873 1774 2939 renovanda
1829 2873 1903 2939 in
1940 2873 2280 2939 discrimen

317 3129 431 3194 (Ex
469 3128 817 3199 autographo
853 3130 1023 3186 Arch.
1059 3130 1242 3189 Turis.
1278 3132 1425 3186 Plnt.
1460 3129 1562 3187 VI.
1596 3130 1721 3185 Vol.
1760 3129 1875 3197 155,
1925 3130 2055 3185 olim
2102 3131 2274 3187 Sci-in.

550 3199 617 3254 B.
652 3198 792 3269 Epp.
827 3198 979 3254 Tem.
1014 3198 1099 3266 33,
1133 3200 1225 3256 fol.
1261 3200 1383 3256 400.
1421 3228 1485 3240 —
1521 3200 1735 3254 Simler.
1771 3200 1892 3254 Vol.
1927 3198 2039 3266 85.)

313 3369 483 3436 Viro
540 3371 1104 3454 praestantissimo
1146 3372 1230 3437 D.
1290 3370 1657 3438 Heinricho
1716 3321 2097 3457 Bullingero
2163 3370 2274 3436 do·

576 3457 759 3522 mino
802 3465 871 3522 et
911 3467 1320 3546 symmystae
1363 3456 1822 3524 colendissimo
1878 3478 2014 3524 suo.

490 3627 562 3695 S.
628 3628 885 3713 Scripsi
936 3649 1057 3713 per
1126 3630 1288 3697 civis
1341 3629 1684 3697 cuiusdam
1749 3650 2045 3710 uxorem,
2111 3649 2280 3712 quae

311 3712 757 3781 Zurzachium
813 3715 1105 3799 profecta
1156 3716 1458 3800 promisit
1512 3715 1743 3782 literas
1785 3738 1855 3784 se
1899 3721 2281 3782 curaturam

313 3800 384 3866 in
430 3801 633 3868 aedes
666 3800 754 3867 D.
797 3801 1148 3869 Heinrichi
1202 3801 1542 3870 Lochman.
1629 3801 1818 3885 Quas
1873 3802 1932 3868 si
1973 3800 2282 3885 sucepisti

312 3908 477 3973 rogo
537 3887 886 3972 significes.
968 3887 1198 3972 Neque
1256 3888 1433 3954 enim
1494 3888 1696 3954 velim
1737 3887 1850 3954 vel
1892 3908 2004 3954 eas
2046 3887 2158 3955 vel
2198 3887 2280 3952 iis

314 3973 663 4040 adiunctas
703 3971 1118 4041 intercidere.

489 4059 605 4125 Ex
647 4060 875 4125 Berua
904 4064 953 4138 ¹)
995 4069 1062 4125 et
1096 4058 1365 4126 aliunde
1406 4059 1672 4143 accipio,
1706 4059 2105 4144 gravissima
2149 4058 2281 4124 dis-

316 4145 545 4212 cordia
606 4146 786 4212 inter
843 4167 916 4212 se
980 4145 1201 4213 collidi
1258 4146 1674 4213 Genevatem
1739 4154 1809 4210 et
1870 4146 2284 4211 Beruensem

322 4436 522 4492 2280.
545 4438 602 4506 1)
639 4436 811 4492 Dans
843 4436 1031 4491 l’Hist.
1067 4438 1164 4491 des
1200 4436 1456 4508 Mar-tyrs
1500 4435 1546 4490 il
1578 4435 1692 4490 suit
1723 4450 1833 4489 unc
1865 4434 2017 4490 lettre
2052 4434 2120 4489 de
2162 4432 2285 4489 Dri-

318 4509 469 4577 palet
514 4506 594 4561 du
644 4507 700 4559 11-
736 4506 1043 4576 Septembre
1095 4502 1348 4561 adr-esses
1392 4507 1431 4561 ὰ
1475 4519 1561 4559 sss
1605 4505 1751 4559 assis
1797 4503 1865 4558 de
1913 4503 2139 4572 Genese,
2185 4503 2288 4574 qui

320 4576 509 4632 donne
543 4575 792 4631 d’autrss
826 4575 1023 4630 details
1055 4590 1155 4628 sur
1188 4589 1274 4630 css
1308 4571 1500 4629 mimos
1528 4575 1685 4641 faits.
1736 4572 1857 4628 Par
1891 4574 2286 4629 inadvsrtance

323 4644 579 4700 Pedatam
612 4642 686 4699 z’a
720 4644 990 4700 attribues
1020 4643 1316 4713 eqalcment
1348 4645 1386 4699 ὰ
1420 4642 1677 4698 Laboris.

323 4714 510 4768 2281.
536 4713 598 4778 1)
637 4713 726 4766 De
769 4714 860 4767 his
905 4712 1200 4769 discordiis
1245 4712 1325 4769 ad
1374 4728 1441 4766 ea
1484 4728 1626 4781 quas
1678 4726 1853 4779 supra
1903 4711 2017 4765 iam
2062 4710 2285 4777 saepius

322 4789 745 4840 mmorata
785 4784 943 4845 fuere
984 4784 1298 4851 πυρᾶν-ωε
1338 4782 1457 4836 alia
1502 4786 1845 4836 aeccssmmt
1886 4795 2028 4850 quas
2067 4780 2285 4834 animos

322 4854 589 4922 mineus
619 4854 1026 4907 exacerbarent.
1098 4850 1350 4905 Mas-ime
1377 4850 1715 4905 Gemmas
1746 4849 1812 4904 id
1843 4863 2006 4919 asyro
2033 4848 2285 4915 ferebant

511 4920 823 4976 Bernenses
854 4922 966 4976 sibi
1004 4925 1362 4989 patronatum
1406 4920 1680 4989 quendam
1712 4919 1776 4972 in
1811 4916 2126 4972 Lobsrtinos
2155 4932 2283 4985 pro-

426 5005 491 5046 os
537 4991 891 5058 arrogabant,
950 4996 1236 5059 praeterea
1287 4989 1422 5043 tales
1473 4989 1534 5042 Iu·
1583 4987 1921 5044 conditiones
1974 4985 2285 5041 renovandi

320 5058 568 5126 foederis
592 5059 980 5184 whom
1013 5059 1210 5130 quibus
1251 5059 1304 5111 si
1346 5057 1436 5112 illi
1476 5075 1533 5112 se
1575 5058 1952 5112 submisissent
1989 5057 2109 5122 fere
2141 5054 2280 5136 Ber·-

325 5129 582 5183 maius·
732 5131 741 5141 '
834 5128 847 5141 ’
876 5129 940 5182 in
971 5135 1246 5195 posterum
1276 5126 1528 5194 fuissent.
1592 5125 1834 5180 Tandem
1859 5139 1949 5179 res
1982 5140 2043 5179 eo
2068 5123 2285 5179 desem

327 5204 390 5253 ut
423 5213 594 5268 quum
626 5196 993 5252 Beruensium
1035 5197 1225 5266 legati,
1272 5197 1386 5277 qui·
1415 5211 1616 5251 novum
1647 5193 1983 5265 praefectum
2027 5193 2285 5249 Terniaci

325 5268 626 5323 constimri
655 5275 831 5331 erant,
861 5282 961 5336 per
983 5267 1169 5321 urbem
1202 5270 1444 5320 transire
1463 5263 1672 5328 vellent,
1703 5266 1779 5319 iis
1811 5264 2084 5319 transitus
2116 5277 2280 5331 nepa·
2379 5257 2448 5314 24
2507 5257 2556 5313 Ο

327 5336 656 5462 alem
697 5333 1312 5460 &Mamm
1330 5333 1380 5387 e.
1422 5333 1563 5400 oa.)
1633 5332 1719 5400 or.
1759 5332 1987 5389 Ructat
2026 5331 2120 5388 v1.
2156 5329 2275 5385 143.

2008 471 2174 533 1555
2218 464 2674 533 SEPTEMB.

4214 471 4341 536 746

2386 652 2806 736 respublicas,
2843 675 3049 737 eaque
3080 655 3398 720 nimirum
3429 662 3618 722 tanto
3651 656 4134 739 perniciosiore,
4170 657 4344 742 quod

2389 740 2683 806 societati
2717 741 3102 823 praefinitus
3137 741 3461 807 terminus
3495 742 3568 806 in
3589 743 3951 808 Februario
3990 744 4149 808 anni
4188 766 4343 810 mox

2387 826 2723 909 sequentis
2790 828 3187 893 constitutus
3241 829 3346 905 sit,
3414 834 3491 892 ut
3532 828 3961 894 metuendum
4007 829 4095 895 sit
4135 852 4220 896 ne
4264 852 4344 896 ea

2388 912 2673 995 amplius
2716 913 3036 978 coalescat
3068 914 3228 978 adeo
3271 912 3676 980 exacerbatis
3721 914 4031 998 utrinque
4087 917 4342 981 animis.

2388 995 2538 1078 Quo
2587 998 2837 1064 factum
2894 1007 2995 1064 est
3050 1007 3127 1064 ut
3182 1019 3385 1083 quum
3450 1021 3663 1083 nuper
3717 1000 3922 1085 legati
3963 1001 4343 1068 Beruenses

2387 1083 2621 1149 Genev
2629 1104 2735 1149 am
2793 1105 2876 1149 ex
2930 1086 3197 1170 negotio
3246 1085 3468 1152 nescio
3508 1107 3637 1169 quo
3679 1086 4032 1165 venissent,
4074 1088 4167 1153 ita
4209 1088 4346 1153 sint

2385 1170 2635 1253 accepti
2689 1178 2765 1235 ut
2816 1171 3073 1236 minore
3131 1193 3281 1237 cum
3326 1172 3541 1256 gratia
3582 1192 3780 1256 quam
3823 1172 3950 1237 hac
3988 1194 4345 1257 nunquam,

2387 1256 2550 1320 adeo
2608 1264 2684 1321 ut
2735 1256 2838 1322 ne‘
2865 1256 3134 1322 salutati
3169 1256 3433 1341 quidem
3476 1258 3613 1323 sint
3655 1278 3696 1322 a
3736 1258 4085 1343 plerisque.
4173 1257 4343 1325 Inde

2387 1350 2614 1407 autem
2669 1341 2740 1407 id
2790 1344 3054 1409 evenire
3109 1344 3400 1422 coniici0,
3446 1343 3622 1427 quod
3665 1344 3746 1411 ob
3791 1344 4152 1410 tumultum
4191 1366 4344 1428 pro-

2385 1428 2529 1512 fugi
2586 1426 2963 1494 Genevates
3015 1429 3278 1495 Bernae
3335 1431 3651 1494 nimirum
3692 1451 3814 1515 per
3859 1431 4157 1514 querelas
4218 1432 4343 1497 im-

2385 1512 2717 1597 pleverint
2780 1516 3260 1599 suspicionibus
3325 1515 3684 1582 multorum
3762 1516 4039 1595 animos,
4107 1517 4344 1601 quibus

2386 1599 2682 1665 vicissim
2718 1608 2785 1665 et
2826 1620 2911 1665 ex
2969 1601 3179 1666 altera
3233 1610 3419 1686 parte
3477 1601 3915 1686 indulgeatur.
4006 1602 4347 1670 Gravatur

2387 1692 2611 1750 autem
2670 1707 2872 1769 supra
2925 1685 3196 1752 modum
3269 1686 3588 1768 Calvinus,
3609 1692 3665 1765 2)
3725 1688 3828 1754 cui
3863 1688 4160 1754 omnium
4201 1689 4343 1755 fere

2386 1771 2711 1837 malorum
2756 1773 2950 1855 culpa
2991 1775 3375 1857 imputatur.
3465 1775 3753 1839 Tantum
3797 1783 4011 1858 potest
4054 1771 4344 1840 Satanas

2386 1867 2696 1923 consueto
2740 1859 3013 1925 artificio
3049 1872 3117 1925 et
3160 1869 3627 1944 stratagemate
3671 1860 3930 1925 hostem
3973 1882 4167 1926 suum
4211 1859 4343 1925 dis-

2386 1943 2720 2028 tinguens.
2779 1943 3006 2027 Quare
3049 1946 3240 2011 bonis
3278 1944 3581 2011 omnibus
3627 1946 3797 2011 serio
3840 1945 4342 2030 advigilandum

2386 2038 2508 2110 est,
2569 2037 2644 2095 ut
2707 2040 3028 2113 quantum
3070 2032 3324 2115 possint
3364 2053 3632 2115 operam
3673 2054 3938 2097 omnem
3979 2030 4064 2097 ad
4108 2031 4342 2098 sedan-

2386 2114 2540 2180 dam
2597 2115 3121 2200 indignationem
3181 2119 3488 2201 utrinque
3540 2128 3924 2202 conceptam
3981 2119 4339 2197 conferant,

2383 2212 2687 2285 recteque
2741 2203 2979 2268 fratres
3033 2204 3410 2270 Beruenses
3467 2223 3614 2268 meo
3667 2204 3908 2271 iudicio
3966 2203 4243 2270 fecerint
4284 2204 4343 2271 si

2384 2289 2848 2373 magistratum
2906 2310 3104 2353 suum
3163 2291 3331 2354 serio
3390 2297 3721 2370 moneant,
3751 2291 3806 2372 Β)
3874 2311 4005 2373 quo
4064 2291 4341 2357 aliorum

2380 2373 2838 2440 infirmitatem
2881 2384 3114 2458 portet,
3139 2375 3402 2441 civilem
3425 2375 3987 2459 christianamque
4030 2379 4341 2443 coniunc-

2382 2461 2631 2525 tionem
2665 2460 2905 2540 foveat,
2951 2470 3131 2527 astus
3176 2460 3414 2526 diaboli
3438 2461 3927 2527 animadvertat
3969 2468 4037 2527 et
4079 2472 4339 2528 caveat:

2382 2547 2498 2629 qui
2553 2548 2611 2612 si
2674 2544 3035 2612 obtinuerit
3094 2554 3170 2612 ut
3221 2546 3387 2613 haec
3446 2546 3726 2613 duarum
3769 2546 4343 2613 celeberrimarum

2383 2631 2652 2697 urbium
2694 2632 2990 2698 solvatur
3034 2630 3531 2713 confoederatio,
3576 2654 3713 2698 non
3755 2654 3993 2717 parum
4029 2643 4207 2700 certe
4252 2632 4339 2698 ad

2383 2717 2805 2784 exercitanda
2858 2716 3198 2784 horribilia
3254 2717 3562 2785 scandala
3621 2719 3984 2796 confecerit,
4035 2718 4340 2785 vulnera-

2383 2824 2511 2887 que
2533 2803 3039 2870 immedicabilia
3073 2804 3385 2871 ecclesiac
3406 2805 3536 2871 Dei
3571 2805 3894 2871 intulerit.
3953 2804 4180 2870 Intera
4198 2824 4344 2887 pre-

2382 2911 2610 2956 cemur
2630 2891 3011 2955 Dominum.
3070 2889 3260 2970 Vale,
3284 2891 3439 2974 quia
3472 2893 3755 2957 nuncius
3796 2890 4082 2957 festinat.
4147 2890 4342 2955 Basi-

2383 2975 2527 3043 leae
2570 2980 2639 3041 3·
2683 2974 3092 3061 Septembris
3137 2998 3309 3043 anno
3359 2983 3542 3042 1555.

3719 3115 3793 3180 Τ.
3833 3111 4165 3180 Sulcerus.

3257 3726 3461 3798 2282.

2860 3879 3362 3947 FARELLUS
3407 3878 3845 3947 OALVINO.

2565 4051 2859 4120 Primum
2911 4052 3137 4119 laudes
3199 4050 3456 4118 Calvini
3509 4053 3695 4131 canit,
3753 4057 3886 4117 tum
3939 4054 4016 4119 de
4072 4052 4176 4117 lite
4219 4073 4339 4117 sua

2383 4160 2526 4207 cum
2572 4144 2830 4222 pastore
2892 4136 3279 4205 Crescentino
3336 4143 3393 4202 et
3434 4138 3568 4203 alia
3624 4138 3901 4220 quadam
3957 4139 4340 4221 Holbraquii

2374 4246 2594 4308 pauca
2642 4226 3000 4309 praefatae,
3061 4245 3275 4290 casum
3334 4225 3857 4290 matrimonialem
3941 4225 4001 4288 ci
4044 4224 4342 4307 proponit

2543 4314 2555 4325 '
2592 4313 2605 4326 ’
2651 4332 2717 4378 m
2758 4317 2997 4392 petens,
3061 4311 3326 4392 denique
3379 4311 3448 4374 in
3499 4310 3848 4376 Tossanum
3904 4310 4218 4375 invehitur
4272 4330 4338 4375 se

2384 4398 2685 4464 audacter
2728 4401 3125 4481 puryantem.

2388 4569 2501 4635 (Ex
2538 4569 2668 4623 edit.
2703 4569 2880 4623 Besae
2917 4568 3120 4622 Gener.
3156 4586 3210 4639 p.
3251 4566 3367 4635 173,
3415 4568 3577 4621 Laus.
3611 4583 3669 4636 p.
3705 4565 3826 4636 353,
3869 4566 4077 4620 Hanov.
4123 4583 4175 4636 p.
4210 4564 4332 4634 894,

2889 4638 3102 4692 Ohouet
3135 4655 3189 4708 p.
3223 4635 3344 4703 234,
3381 4638 3555 4691 Amst.
3589 4653 3644 4705 p.
3683 4634 3830 4698 107.)

2556 4808 2723 4875 Plus
2777 4811 2940 4876 satis
3004 4808 3207 4875 habes
3250 4807 3428 4874 unde
3469 4808 3541 4873 in
3583 4807 3779 4874 horas
3821 4807 4225 4893 crucifigaris
4268 4817 4335 4874 et

2384 4893 2563 4962 domi
2622 4903 2689 4962 et
2747 4896 2927 4978 foris,
2984 4903 3063 4961 ut
3119 4916 3282 4979 opus
3341 4914 3474 4959 non
3517 4894 3605 4959 sit
3645 4913 3753 4958 me
3797 4893 3913 4960 tibi
3959 4893 4333 4978 graviorem

2555 5189 2648 5314 πε)
2697 5189 2833 5245 Viae
2864 5187 3023 5256 infra
3051 5184 3530 5255 EppAEuuinqm·
3561 5185 3615 5238 a.
3650 5186 3704 5239 a.
3740 5182 3826 5239 28.
3848 5183 3991 5253 Sept.
4027 5191 4080 5239 et
4115 5183 4336 5241 σαινεω·

2455 5300 2466 5311 ’
2587 5300 2645 5393 ἑ)
2692 5327 2890 5381 Verum
2922 5324 3117 5380 horum
3151 5324 3500 5378 autoritatem
3534 5323 3691 5393 apud
3723 5329 4201 5394 senatumparum
4235 5339 4330 5380 ea-

2379 5398 2564 5465 luisse,
2598 5394 2752 5453 testis
2783 5401 2865 5450 cst
2897 5392 3162 5448 Hallsms
3194 5391 3273 5447 N.
3306 5391 3461 5446 2263.
