4850 6200
482 384 606 447 639

480 569 710 650 redire,
745 591 831 635 an
867 569 1081 634 adhuc
1116 591 1506 654 responsum
1528 580 1907 652 exspectare
1943 569 2193 636 debeat.
2237 569 2424 634 Haec

478 655 642 720 mihi
694 658 747 720 A
850 655 951 721 lus
1020 656 1233 721 verbis
1293 657 1614 741 exposuit.
1704 655 1944 722 Nullas
2003 657 2179 722 enim
2246 652 2425 719 dedit

480 740 704 806 literas
824 740 1110 807 acardus.
1200 742 1386 808 Idem
1431 743 1724 807 narravit
1778 741 1980 807 fuisse
2028 743 2285 807 Bernae
2331 740 2418 804 le—

479 840 664 910 gatos
707 828 1057 911 Tigurinos
1082 827 1139 911 2)
1185 851 1259 894 ac
1303 829 1455 894 inde
1500 831 1629 893 iam
1673 827 1928 893 abiisse.
2010 827 2224 893 Hodie
2268 837 2425 890 sunt

482 913 814 979 nundinae
860 914 1138 978 Bernae.
1226 914 1450 995 Quare
1503 916 1558 977 si
1618 915 1756 977 heri
1800 911 2088 979 Senatus
2140 933 2273 977 non
2318 911 2425 975 de·

481 998 783 1064 liberavit
840 999 920 1063 de
975 1004 1303 1064 communi
1361 1020 1573 1077 causa,
1643 1001 2060 1082 protrahetur
2119 1000 2190 1062 in
2248 996 2422 1062 diem

481 1086 859 1160 crastinum,
921 1086 976 1149 si
1020 1084 1215 1150 modo
1260 1108 1385 1150 non
1441 1085 1698 1170 longius
1752 1085 2107 1150 differatur.
2202 1084 2424 1149 Metuo

482 1193 565 1236 ne
610 1172 838 1237 turbae
886 1186 1139 1237 vestrae
1197 1171 1726 1237 deliberationem
1773 1183 2199 1237 remorentur.
2290 1169 2424 1235 Sed

484 1278 601 1321 nos
646 1256 934 1322 Domino
977 1273 1283 1322 eventum
1332 1259 1833 1333 committamus,
1881 1259 1996 1340 qui
2038 1256 2428 1321 testimoniis

480 1343 1026 1409 manifestissimis
1087 1346 1155 1408 in
1199 1364 1398 1409 causa
1444 1345 1565 1408 hac
1611 1365 1744 1407 una
1801 1344 2147 1409 testabitur
2191 1363 2312 1406 sua
2356 1363 2424 1405 se

476 1429 894 1513 providentia
916 1430 1131 1494 omnia
1161 1430 1479 1494 moderari
1518 1441 1581 1493 ct
1618 1451 1801 1494 suam
1841 1430 2179 1494 ecelesiam
2216 1427 2423 1492 haud-

477 1536 801 1599 quaquam
843 1516 1191 1599 negligere.
1283 1514 1411 1596 Qui
1463 1536 1580 1579 nos
1629 1516 1884 1598 impetit
1930 1515 2136 1580 hostis
2172 1516 2424 1596 quoties

476 1602 607 1666 iam
657 1603 937 1684 turpiter
974 1603 1185 1667 victus
1230 1603 1295 1666 in
1342 1602 1566 1685 fugam
1603 1622 1956 1667 conversus
1993 1600 2137 1665 est?
2206 1600 2423 1681 Quem

478 1688 830 1752 habuimus
884 1706 1152 1753 romano
1190 1688 1596 1752 Antichristo
1643 1688 1894 1752 hostem
1943 1684 2420 1769 potentiorem?

480 1778 571 1837 At
608 1774 932 1838 Dominus
984 1774 1296 1838 hactenus
1340 1773 1420 1837 ab
1464 1773 1641 1838 illius
1678 1796 1794 1837 nos
1840 1775 2056 1837 furore
2102 1770 2421 1837 liberavit.

479 1858 753 1940 Quoties
812 1860 1139 1923 intestinis
1185 1859 1372 1924 bellis
1434 1882 1552 1923 nos
1613 1860 1818 1924 hostis
1879 1879 2228 1942 aggressus
2273 1856 2421 1922 est?

480 1946 805 2009 Dominus
870 1945 1123 2010 felicem
1191 1966 1444 2027 semper
1503 1944 1680 2010 dedit
1745 1967 2131 2011 successum.
2225 1944 2425 2008 Nulla

479 2042 578 2095 est
636 2031 963 2112 praeclara
1029 2032 1171 2095 siue
1240 2031 1598 2113 periculoso
1656 2030 1824 2096 bello
1889 2032 2171 2095 victoria.
2263 2030 2425 2094 Vult

480 2138 601 2181 nos
669 2137 961 2198 pugnare
1019 2116 1362 2193 Dominus,
1429 2117 1542 2180 sed
1614 2132 1684 2180 ut
1746 2136 2084 2181 vincamus
2152 2118 2219 2179 in
2287 2126 2421 2180 tam

478 2204 809 2286 praeclaro
853 2205 1206 2268 certamine
1250 2206 1317 2268 in
1365 2225 1494 2286 quo
1539 2204 1733 2266 etiam
1763 2204 2143 2268 occumbere
2170 2203 2422 2267 vincere

478 2304 596 2352 est.
690 2289 1011 2353 Dominus
1053 2289 1185 2354 dux
1232 2304 1329 2353 est
1375 2289 1494 2354 sub
1539 2289 1723 2353 cuius
1781 2289 1988 2372 signis
2044 2288 2422 2353 militamus.

478 2375 573 2441 Ut
616 2396 840 2439 omnes
879 2375 1193 2439 adversus
1238 2398 1356 2439 nos
1403 2377 1768 2458 insurgant,
1818 2375 2154 2440 vincemus
2200 2385 2421 2437 tamen

477 2481 714 2526 causae
772 2462 1076 2527 bonitate.
1170 2462 1309 2525 Hoc
1369 2482 1573 2524 unum
1640 2462 1824 2525 nobis
1890 2460 2197 2525 solatium
2261 2460 2423 2524 satis

477 2567 618 2611 esse
665 2547 884 2611 debet:
952 2548 1057 2612 cui
1120 2560 1339 2611 tamen
1399 2547 1521 2612 hoc
1579 2546 1827 2612 accedit
1882 2545 2060 2611 aliud
2107 2568 2235 2611 non
2286 2544 2424 2611 vul-

474 2654 650 2717 gare,
692 2654 928 2716 nempe
974 2634 1263 2697 omnium
1306 2632 1647 2697 doctorum
1687 2646 1754 2697 et
1799 2634 2050 2714 piorum
2090 2633 2419 2697 ministro·

473 2740 618 2784 rum
669 2730 934 2783 mutuus
988 2739 1373 2796 consensus,
1435 2719 1545 2801 qui
1605 2718 1942 2784 nobiscum
2001 2719 2212 2800 parati
2268 2728 2423 2782 sunt

473 2806 723 2871 Christi
770 2826 1031 2870 causam
1080 2807 1261 2869 tueri.
1338 2804 1414 2870 Si
1454 2806 1866 2870 vinceremur
1902 2804 2220 2868 malorum
2261 2802 2421 2868 mul·

474 2890 755 2956 titudine
833 2890 1090 2956 fortiter
1157 2903 1373 2955 tamen
1445 2891 1871 2974 pugnandum
1936 2902 2125 2955 esset.
2238 2888 2419 2969 Quos

474 2979 677 3062 igitur
734 2977 918 3043 nobis
974 2975 1130 3042 dare
1187 2977 1440 3041 animos
1507 2975 1699 3042 debet
1764 2976 1925 3041 haec
1991 2985 2129 3040 tam
2194 2984 2422 3041 sancta

475 3064 813 3130 consensio
856 3084 1022 3147 quae
1067 3062 1250 3128 nobis
1296 3072 1398 3127 est
1451 3081 1597 3127 cum
1654 3062 1966 3128 fratribus
2023 3061 2266 3127 nostris
2310 3061 2421 3143 qui

475 3150 599 3216 hoc
644 3161 798 3214 sunt
843 3149 1030 3214 titulo
1075 3148 1302 3232 digni?
1376 3149 1471 3212 ΤΘ
1515 3150 1721 3232 igitur
1764 3169 2003 3231 quaeso
2039 3170 2157 3232 per
2192 3147 2420 3213 Chris-

476 3246 621 3299 tum
667 3234 883 3299 Iesum
933 3243 1005 3298 ut
1045 3233 1113 3298 in
1161 3232 1392 3298 mediis
1439 3234 1582 3299 istis
1626 3235 1835 3299 turbis
1881 3243 1945 3299 te
1989 3236 2201 3316 ipsum
2247 3233 2423 3300 colli·

475 3341 612 3404 gas,
660 3321 973 3385 infractus
1010 3319 1325 3385 adversus
1361 3341 1590 3386 omnes
1626 3321 1913 3385 hostium
1948 3320 2219 3386 furores.
2287 3320 2423 3386 Nos

475 3405 779 3489 precibus
838 3418 1007 3470 totos
1064 3405 1340 3470 Domino
1405 3407 1892 3472 committamus
1957 3418 2022 3470 et
2085 3405 2424 3471 tradamus

475 3490 813 3576 regendos.
902 3492 994 3556 Hi
1041 3505 1194 3556 sunt
1262 3493 1542 3557 extremi
1589 3491 1875 3557 Satanae
1940 3500 2244 3568 conatus,
2313 3492 2422 3573 qui

474 3598 799 3662 nusquam
862 3599 991 3642 non
1059 3579 1328 3642 insultat
1396 3577 1581 3642 bonis
1641 3579 1800 3641 viris
1864 3578 2210 3660 nullasque
2269 3598 2424 3641 suas

472 3677 648 3728 artes
714 3663 1006 3748 negligit.
1098 3665 1366 3748 Loquor
1431 3674 1688 3728 tantum
1757 3663 1836 3728 de
1903 3664 2095 3727 malis
2165 3663 2419 3728 vicinis.

472 3750 621 3815 Non
668 3751 825 3815 satis
870 3763 1010 3814 erat
1062 3750 1397 3815 turbarum
1446 3750 1512 3814 in
1574 3760 1716 3814 tota
1758 3749 1881 3815 hac
1925 3750 2281 3832 provincia,
2340 3750 2420 3813 ob

472 3838 917 3919 quaestionem
968 3836 1046 3900 de
1091 3857 1217 3918 qua
1275 3858 1451 3902 nunc
1511 3837 2055 3915 controvertitur,
2117 3856 2283 3918 quae
2326 3835 2418 3899 la-

471 3923 720 3986 tissime
766 3921 1010 3987 effusae
1054 3933 1239 3994 sunt.
1301 3922 1429 3987 nisi
1484 3939 1550 3986 et
1606 3923 1900 4004 proprias
1957 3921 2139 3987 vobis
2195 3920 2419 3985 turbas

472 4011 759 4073 Satanas
804 4009 966 4073 alias
1019 4010 1368 4074 excitasset
1421 4009 1491 4071 in
1537 4008 1713 4073 urbe.
1804 4007 1984 4087 Quid
2030 4019 2305 4072 conetur
2348 4007 2421 4071 in

470 4093 1014 4178 Montebelgardo
1041 4097 1099 4166 Β)
1146 4116 1274 4159 non
1327 4095 1608 4178 ignoras.
1700 4092 1938 4173 Orbae,
1985 4093 2421 4159 Grandissoni

471 4201 627 4246 suas
670 4181 867 4245 etiam
905 4201 1109 4246 novas
1168 4181 1393 4245 turbas
1442 4181 1700 4252 habent.
1720 4185 1778 4258 ⁴)
1837 4201 1921 4244 ne
1964 4201 2240 4262 usquam
2288 4179 2424 4243 ulla

474 4268 561 4332 sit
616 4267 817 4350 quies.
908 4265 1044 4332 Sed
1100 4287 1290 4349 spero
1350 4269 1485 4332 fore
1546 4281 1617 4332 ut
1675 4267 1858 4332 brevi
1906 4265 2234 4330 Dominus
2281 4267 2422 4348 ipse

471 4373 741 4418 manum
801 4352 1162 4417 admoveat.
1252 4353 1352 4417 Eo
1410 4375 1510 4417 res
1566 4353 1973 4418 devenerunt
2031 4364 2105 4416 ut
2164 4371 2425 4417 neeesse

474 4440 563 4505 sit
620 4441 728 4523 qui
785 4461 1002 4504 rerum
1063 4440 1411 4524 potiuntur
1458 4460 1529 4503 re
1585 4440 1728 4522 ipsa
1769 4439 1987 4521 palam
2031 4438 2261 4516 facere,
2322 4457 2423 4502 se·

474 4527 657 4592 rione
723 4526 989 4608 cupiant
1048 4524 1299 4589 Christi
1365 4545 1625 4590 causam
1695 4526 1866 4588 tueri
1934 4543 2017 4587 an
2076 4531 2300 4606 aperte
2356 4531 2426 4588 et

474 4613 687 4696 palam
734 4609 1155 4696 oppugnare?
1230 4609 1442 4693 Spero
1479 4623 1696 4674 autem
1736 4609 2022 4687 meliora,
2069 4611 2199 4673 nisi
2234 4608 2425 4675 valde

679 4901 738 4962 2,
780 4899 867 4954 De
902 4901 1012 4954 alio
1048 4901 1281 4971 quodam
1320 4901 1528 4968 neqotio
1562 4915 1773 4954 missos.

680 4971 741 5034 3)
775 4971 837 5022 in
872 4971 1083 5038 menotio
1116 4976 1354 5039 quatuor
1390 4973 1766 5024 ministrorum
1800 4969 2164 5022 dimissorum.

680 5038 740 5104 4)
780 5039 873 5092 lbi
902 5039 1289 5102 reformatione
1322 5039 1573 5093 ecclesiae
1616 5044 1777 5092 anua
1813 5038 2027 5094 decreta
2061 5054 2207 5092 nunc
2244 5038 2298 5094 d.
2334 5037 2421 5093 22.

478 5109 615 5176 Apr.
650 5108 700 5160 d.
742 5107 936 5161 Lunae
1020 5113 1102 5160 nst
1142 5106 1299 5159 Dona.
1344 5106 1693 5175 Quasimodo,
1753 5106 2127 5160 Grandiseoni
2162 5108 2418 5175 privatum,

474 5175 670 5229 deinde
709 5175 913 5242 orbae,
1059 5177 1216 5230 bonis
1250 5177 1628 5232 molesmum&
1673 5185 1721 5230 et
1754 5177 2208 5230 monasteriorum
2241 5184 2421 5232 amn·

474 5254 568 5300 m.
646 5243 805 5314 Quod
849 5253 1027 5300 tanen
1072 5245 1341 5315 amitus·
1386 5263 1559 5318 usqne
1601 5248 1660 5299 in
1708 5261 1915 5300 annun·
1963 5252 2260 5315 ”quaten
2295 5262 2419 5313 pro·

476 5322 707 5370 tractus·
742 5320 836 5371 ent.
903 5313 1149 5382 (Rachel
1188 5315 1283 5369 VI.
1321 5314 1430 5384 78.)

1988 378 2512 446 EPISTOLAE
2557 381 2983 446 2217—2220

4352 384 4482 447 640

2526 568 2736 633 iratus
2777 567 3110 634 Dominus
3155 590 3396 651 poenas
3440 590 3793 652 exposcere
3845 572 4155 636 statuerit
4194 591 4482 636 eommu-

2525 654 2631 718 nis
2674 656 2968 719 omnium
3017 655 3514 738 ingratitudinis
3557 668 3625 719 et
3666 666 4085 739 contemptus
4129 657 4478 741 evangelii.

2527 739 2865 822 Quidquid
2912 740 3274 806 decreverit
3297 741 3625 806 Dominus
3668 743 3742 806 iu
3785 762 3987 807 mauu
4029 764 4260 809 sumus
4299 743 4479 809 illius

2526 825 2632 889 cui
2673 838 2925 890 stamus
2968 838 3035 890 ot
3073 826 3384 893 cadimus.
3473 827 3643 892 Mihi
3689 827 3866 893 dolet
3911 849 4042 893 non
4086 828 4480 911 prudentius

2527 924 2594 977 et
2637 910 3015 996 diligentius
3071 913 3273 978 fuisse
3318 914 3542 978 omnia
3593 926 3945 996 procurata
3986 934 4152 997 quae
4197 915 4282 980 ad
4326 937 4479 981 cau-

2527 1019 2669 1063 sam
2715 998 3039 1082 agendam
3078 999 3442 1064 neoessaria
3487 1009 3680 1063 erant
3723 1022 3918 1083 quam
3965 1021 4476 1083 susceperamus.

2528 1082 2664 1148 Sed
2719 1086 3085 1167 cogitamus
3142 1106 3221 1150 ne
3279 1084 3387 1151 hic
3430 1084 3693 1167 quidem
3750 1085 4106 1169 quidquam
4165 1087 4309 1152 sine
4353 1109 4477 1151 nu-

2527 1170 2707 1234 mine
2748 1170 3064 1235 evenisse.
3155 1170 3292 1236 Nos
3335 1172 3510 1236 bona
3552 1193 3702 1236 cum
3757 1192 3872 1255 spe
3917 1174 4168 1238 exitum
4212 1194 4478 1256 exspec-

2528 1265 2745 1320 temus
2789 1255 3164 1321 divinorum
3210 1257 3649 1335 consiliorum,
3710 1280 3988 1339 quorum
4031 1270 4172 1323 tum
4216 1260 4479 1341 sapien-

2528 1342 2688 1404 tiam
2753 1341 3250 1408 inscrutabilem
3315 1342 3815 1419 admirabimur,
3881 1365 4086 1426 quum
4154 1346 4478 1410 Dominus

2530 1427 2875 1509 patefaciet
2918 1450 3076 1510 quos
3122 1428 3244 1493 sibi
3291 1431 3456 1494 fines
3502 1430 3572 1492 in
3617 1429 3724 1494 his
3767 1432 4197 1513 proposuerit.

2703 1512 2969 1579 Salutat
3010 1526 3077 1579 te
3121 1514 3301 1580 Beea
3344 1526 3412 1578 et
3457 1516 3664 1581 nostri
3711 1535 3938 1580 omnes
3981 1516 4476 1582 officiosissime.

2529 1599 2717 1666 Uxor
2761 1620 2907 1664 mea
2951 1623 3019 1665 se
3064 1601 3198 1665 tuis
3252 1601 3553 1683 precibus
3611 1600 4044 1679 commendat,
4105 1623 4270 1684 quae
4318 1622 4478 1666 non·

2530 1686 2693 1749 nihil
2757 1697 2858 1751 est
2918 1688 3165 1751 afflicta
3220 1688 3616 1751 valetudine.
3707 1688 3873 1753 Tota
3927 1686 4178 1770 reliqua
4231 1688 4478 1753 familia

2527 1772 2696 1836 bene
2737 1771 2929 1838 valet.
3021 1771 3231 1854 Spero
3277 1773 3401 1838 hac
3445 1772 3848 1836 hebdomade
3893 1794 3999 1837 me
4036 1772 4282 1840 Orbam
4325 1796 4478 1857 pro-

2527 1858 2869 1933 fecturum,
2939 1860 2995 1922 si
3061 1858 3240 1924 volet
3304 1859 3650 1935 Dominus,
3718 1858 3830 1923 sed
3901 1880 4030 1924 non
4095 1870 4250 1924 ante
4301 1860 4478 1925 diem

2528 1941 2820 2008 Saturni.
2895 1944 3065 2027 Spes
3108 1955 3208 2009 est
3252 1944 3421 2009 bona
3463 1945 3600 2010 fore
3646 1954 3718 2007 ut
3760 1946 3868 2026 qui
3909 1944 4046 2010 illic
4089 1966 4290 2011 novas
4333 1956 4478 2009 tur·

2529 2030 2645 2094 bas
2674 2029 2989 2095 adversus
3016 2032 3478 2114 magistratum
3517 2032 3887 2095 excitarunt
3922 2051 4120 2096 causa
4154 2030 4476 2097 excidant.

2529 2113 2763 2180 Saluta
2819 2117 3079 2181 amicos.
3168 2115 3338 2180 Vale
3395 2117 3638 2200 optime
3692 2138 3766 2182 ac
3823 2116 4207 2196 diutissime,
4275 2118 4479 2182 frater

2529 2202 2750 2352 aniino
2796 2224 2939 2267 meo
2984 2202 3318 2268 carissime
3361 2213 3427 2268 et
3470 2203 4014 2268 coniunctissime.
4082 2204 4482 2268 Lausannae

2529 2295 2588 2351 4.
2679 2289 2836 2353 unii.

3501 2427 3685 2489 Tuus
3731 2427 3972 2491 Petrus
4015 2427 4303 2492 Viretus.

3297 2721 3704 2730 Ἤ

3398 2974 3595 3045 2218.

2921 3127 3396 3197 GALVINUS
3444 3129 4079 3197 BULLINGERO.

2707 3298 2986 3364 Strictim
3038 3307 3270 3366 narrat
3326 3323 3487 3384 quae
3547 3323 3748 3385 nuper
3795 3301 4077 3367 Genevae
4134 3304 4483 3369 exstiterint

2529 3384 2745 3450 turbae
2787 3390 3123 3453 noeturnae
3164 3408 3242 3453 ex
3283 3389 3712 3454 coniuratione
3757 3387 4241 3469 Libertinorum,
4280 3390 4482 3470 plura

2519 3470 2844 3553 pollicitus
2905 3473 2967 3537 si
3030 3474 3474 3539 desiderentur.
3591 3474 3790 3539 Addit
3853 3475 4161 3556 quaedam
4212 3475 4481 3556 politica

2527 3561 2586 3621 et
2640 3558 2725 3622 ad
2783 3560 3188 3638 receptionem
3229 3559 3638 3643 Deseris-ionis
3696 3560 3871 3642 apud
3913 3563 4135 3627 varias
4191 3561 4482 3627 eeclesias

2518 3643 2919 3724 pertinentia.

2525 3817 2637 3882 (Ex
2683 3823 2908 3884 autogxa
2945 3817 3019 3869 ho
3063 3817 3188 3871 Cod.
3228 3818 3427 3872 Gener.
3469 3815 3610 3883 107⁸,
3662 3818 3751 3870 fol.
3795 3817 3892 3870 101
3944 3818 4061 3872 coll.
4101 3835 4146 3871 e.
4185 3835 4305 3872 exx.
4342 3819 4476 3871 Tur—

2528 3886 2690 3938 retini
2740 3885 2871 3940 Ood.
2941 3885 3027 3950 08,
3086 3887 3175 3940 fol.
3212 3885 3297 3952 30,
3350 3887 3611 3940 Beruensi
3662 3886 3800 3956 Epp.
3854 3886 3950 3939 VI.
3993 3904 4044 3956 p.
4080 3885 4200 3954 455,
4256 3887 4476 3941 Simleri

2526 3954 2647 4010 Vol.
2681 3953 2764 4009 85.
2837 3956 3036 4008 Exstat
3083 3957 3245 4009 etiam
3288 3957 3344 4008 in
3383 3955 3550 4008 Arch.
3589 3955 3790 4008 GeneV.
3840 3956 4026 4009 Pisces
4073 3958 4198 4009 hist.
4247 3954 4381 4010 1569
4416 3963 4478 4009 et

2529 4023 2678 4077 edita
2712 4033 2799 4077 est
2833 4026 2886 4077 in
2926 4025 3051 4078 Vita
3085 4026 3538 4147 C⁸¹vi⁰ipssfmff1
3556 4025 3823 4146 ΙΙΙῙέὖΔρρ.
3862 4043 3915 4094 p.
3948 4024 4066 4078 126.
4123 4026 4353 4094 Angliee
4388 4026 4474 4078 ed.

2528 4265 2794 4333 Eximio
2860 4263 3112 4330 Ohristi
3178 4264 3481 4329 ministro
3537 4262 3621 4329 D.
3675 4264 4017 4331 Henricho
4081 4265 4474 4350 Bullingero

2531 4350 2839 4417 ecclesiae
2875 4350 3231 4435 Tigurinae
3266 4350 3406 4502 331ss
3407 4350 3912 4501 Ipsstggofratri
3957 4363 4026 4417 et
4068 4363 4475 4436 symmystae

2705 4608 2775 4675 S.
2844 4610 2945 4674 De
2989 4610 3227 4673 nostris
3273 4609 3482 4673 turbis
3516 4612 3567 4678 ¹)
3625 4609 3756 4673 iam
3801 4607 4028 4692 procul
4071 4607 4267 4674 dubio
4309 4608 4477 4674 voli-

2530 4707 2760 4760 tarunt
2798 4696 2995 4760 etiam
3036 4697 3184 4760 istic
3219 4694 3444 4779 magni
3479 4715 3794 4760 rumores.
3814 4697 3873 4773 ²)
3945 4694 4174 4777 Neque
4213 4695 4481 4760 fuerunt

2529 4782 2797 4847 excitati
2841 4781 2921 4845 de
2963 4781 3198 4846 nihilo:
3245 4782 3401 4863 quia
3435 4800 3669 4864 parum
3714 4780 3921 4845 abfuit
3962 4782 4120 4863 quin
4165 4802 4298 4845 nox
4341 4802 4479 4846 una

2528 4888 2652 4933 nos
2688 4887 2917 4932 omnes
2959 4887 3108 4932 cum
3144 4866 3268 4932 hac
3306 4867 3471 4932 urbe
3513 4864 3832 4949 perderet.
3904 4865 4041 4932 Sed
4083 4867 4330 4932 factum
4372 4877 4478 4932 est

2526 4953 2813 5018 mirabili
2861 4952 2977 5017 Dei
3022 4952 3288 5018 consilio
3335 4963 3407 5017 ut
3425 4954 3642 5103 „frius
3694 4952 4057 5017 remedium
4096 4952 4480 5036 apparuerit

2525 5059 2720 5121 quam
2780 5038 3130 5105 discrimen
3191 5038 3357 5103 illud
3494 5038 3728 5103 timum
3789 5039 3858 5102 in
3917 5059 4046 5122 quo
4112 5038 4480 5104 nescientes

2525 5245 2703 5300 sais.
2732 5245 2788 5309 1)
2826 5245 3090 5299 aeacum
3125 5243 3240 5299 aaa.
3284 5209 3482 5298 ma
3520 5243 3698 5296 Maia
3727 5244 3899 5310 facta.

2730 5313 2791 5380 2)
2829 5315 2938 5369 imo
2971 5314 3148 5368 nimii.
3217 5311 3385 5382 (Rea.
3422 5312 3501 5367 du
3540 5310 3770 5368 Genea.
3803 5310 3891 5366 28.
3931 5311 4096 5378 Mat)
