4850 6200
355 456 475 518 ⁷13

524 642 596 710 S.
666 643 952 709 Brevem
1019 664 1126 708 me
1203 644 1277 708 in
1343 641 1692 710 scribendo
1754 644 1994 710 facient
2059 644 2304 722 nuncii,

354 750 629 813 quorum
664 730 938 813 quisque
980 730 1101 797 tibi
1144 732 1288 796 vice
1327 730 1642 814 epistolae
1677 751 1821 795 esse
1855 740 2092 814 posset.
2158 730 2307 795 Hoc

354 828 582 881 tamen
626 814 1040 882 scribendum
1083 816 1240 895 fuit,
1296 816 1465 881 nihil
1512 837 1620 881 me
1676 827 1900 882 tenere
1944 815 2117 899 quod
2171 836 2306 880 non

354 923 575 968 secum
619 900 936 977 deferant.
980 901 1153 984 quod
1196 901 1461 985 quidem
1506 900 1591 967 ad
1632 902 1818 967 urbis
1866 910 2115 968 statum
2155 922 2304 985 per-

353 989 578 1053 tineat.
650 987 917 1053 Literas
957 1009 1116 1054 vero
1157 988 1435 1054 fratrum
1480 996 1878 1061 nostrorum,
1926 989 2038 1071 qui
2075 986 2307 1054 Game-

351 1075 486 1140 raci
523 1075 594 1139 16
618 1074 901 1140 vinculis
933 1081 1265 1153 tenentur,
1292 1079 1344 1151 ¹)
1387 1074 1408 1138 l
1536 1073 1700 1140 ndas
1735 1075 1854 1140 tibi
1889 1074 2099 1151 mitto,
2145 1094 2306 1157 quas

351 1161 567 1243 prima
610 1160 949 1226 occasione
991 1160 1156 1225 mihi
1199 1094 1565 1225 reddetffis
1602 1159 1876 1225 curabis.
1940 1159 2111 1225 Nam
2154 1161 2308 1242 quia

351 1248 491 1311 sine
551 1245 909 1346 multorum
967 1245 1260 1345 periculo
1315 1245 1608 1345 nondum
1673 1246 1934 1331 vulgari
2000 1253 2307 1345 poterant

348 1331 1537 1498 &sufflata-..mair
1577 1331 2306 1501 6661131116

346 1503 657 1571 inanibus
692 1504 1017 1585 illecebris
1059 1504 1310 1570 lactari.
1375 1505 1557 1589 Ergo
1594 1504 2118 1588 exspectabimus
2148 1502 2305 1585 quid

347 1611 430 1656 ex
498 1590 653 1655 aula
712 1588 1083 1656 mandetur.
1172 1590 1465 1675 Rogavit
1518 1592 1695 1655 enim
1761 1588 2095 1674 Coynetius
2118 1592 2168 1667 ⁸)
2230 1597 2306 1653 ut

347 1677 585 1742 saltem
642 1695 906 1742 causam
961 1677 1441 1760 suspenderent
1483 1676 1690 1742 donec
1732 1677 1989 1760 Regem
2045 1675 2308 1741 fecisset

346 1763 713 1828 certiorem.
781 1761 968 1841 Vale,
1014 1762 1264 1845 optime
1308 1772 1375 1827 et
1416 1763 1842 1847 integerrime
1885 1763 2109 1838 frater,
2152 1781 2306 1826 cum

344 1848 528 1913 Boea
571 1856 795 1913 nostro
839 1855 908 1913 et
949 1848 1217 1932 reliquis
1259 1848 1593 1914 fratribus.
1672 1847 2004 1914 Dominus
2048 1868 2307 1930 semper

344 1956 468 2001 vos
545 1956 619 2000 re
704 1944 764 2011 t,
845 1942 1140 2013 tueatur,
1217 1933 1577 2000 benedicat.
1664 1938 1899 2001 Amen.
1986 1933 2306 2000 Genevae

341 2020 560 2107 pridie
668 2041 832 2086 onas
876 2022 1181 2105 Augusti.
1273 2021 1444 2085 Nam
1492 2041 1533 2085 a
1575 2021 1883 2087 concione
1942 2020 2308 2085 meridiana

342 2128 596 2190 scripsi.

1225 2666 1425 2741 22⁶⁰.

788 2824 1291 2892 FARELLUS
1334 2824 1868 2893 BLAURERO.

526 2997 747 3063 Pauca
789 2996 864 3062 de
918 2997 1105 3063 rebus
1152 2998 1601 3063 Genevensium
1632 2997 1973 3080 praefatus
2012 2997 2175 3062 redit
2215 2998 2304 3063 od

341 3105 538 3151 suum
609 3083 960 3149 Tossanum
1023 3105 1350 3166 nunquam
1401 3086 1564 3151 satis
1627 3085 1932 3167 depe-‘cum
1946 3136 1964 3164 ‚
2023 3083 2305 3167 aliosque

342 3192 422 3238 ex
490 3171 631 3236 eius
694 3171 976 3236 societate
1041 3172 1289 3253 peiores
1352 3171 1538 3236 etiam
1603 3171 1873 3255 adeoque
1946 3170 2302 3249 haeretico&

341 3257 613 3340 denique
657 3257 879 3323 laudat
916 3258 1328 3322 σοηείαπιίαηι
1368 3259 1711 3322 vinctorum
1760 3256 2111 3322 Gallorum.

343 3429 460 3493 (Ex
509 3446 581 3481 au
775 3427 849 3482 116
895 3428 1026 3482 eod.
1063 3426 1133 3481 3¹1
1181 3429 1325 3483 Bibl.
1370 3429 1574 3483 civicae
1623 3427 2004 3499 Sangallensis,
2052 3429 2122 3510 al.
2159 3429 2300 3510 Epp.

342 3498 497 3581 Tom.
521 3435 834 3579 ‘Vtffifnpol-
880 3495 966 3551 40.
1002 3527 1069 3536 —
1103 3497 1401 3567 Exemplar
1447 3498 1721 3552 recentius
1768 3500 2012 3568 reperies
2056 3516 2116 3551 16
2161 3498 2301 3552 31111.

428 3583 585 3622 oruc.
620 3566 902 3620 Tuneensi
937 3567 999 3619 F.
1035 3564 1123 3632 43,
1158 3570 1227 3621 ol.
1264 3568 1422 3622 VIII.
1458 3567 1548 3621 fol.
1584 3566 1692 3620 495
1725 3567 1821 3621 sed
1855 3568 2221 3633 mendosum.)

515 3739 1098 3805 Praestantissimo
1154 3738 1409 3805 Christi
1466 3761 1657 3807 servo
1712 3740 2059 3808 Ammosio
2103 3739 2303 3805 Blau-

336 3847 490 3891 rero
533 3826 783 3910 pastori
827 3825 1138 3891 ecclesiae
1173 3826 1501 3892 Bielensis
1540 3825 2014 3892 studiosissime
2058 3848 2300 3892 munus

335 3920 604 3978 tantum
648 3911 940 3991 obeunti,
984 3912 1171 3976 stat-ri
1217 3919 1284 3976 et
1327 3922 1736 3997 symmystae
1777 3912 2139 3997 plurimum
2184 3911 2298 3978 ob-

336 3995 677 4064 servando.
1897 4084 1976 4148 B·
2020 4082 2065 4147 Γ

1958 4103 2019 4149 16
2046 4105 2121 4148 16.

513 4254 585 4321 Β.
654 4253 883 4337 Quum
926 4275 1132 4321 essem
1182 4256 1254 4321 in
1305 4263 1633 4321 conventu
1676 4255 1970 4338 pleniore
2013 4255 2294 4321 fratrum

336 4348 612 4407 vocatus
671 4361 712 4404 a
767 4341 1023 4424 virgine
1073 4341 1211 4406 filia
1268 4342 1501 4425 optimi
1546 4341 1775 4421 Iacob-i,
1806 4343 1856 4426 ¹)
1910 4342 2083 4425 quod
2128 4341 2295 4406 mihi

339 4427 505 4493 alias
540 4447 675 4492 non
698 4426 993 4510 contigit,
1038 4437 1192 4493 ante
1226 4427 1612 4493 solutionem
1649 4436 1874 4493 coetus
1897 4427 2028 4492 abii
2072 4448 2292 4512 egres-

336 4534 453 4579 sus
498 4522 576 4579 ut
622 4511 875 4579 calvini
929 4512 1013 4578 ad
1069 4521 1138 4579 te
1192 4513 1421 4580 literas
1448 4518 1505 4594 ²)
1558 4512 1783 4579 darem
1842 4521 1911 4579 et
1954 4513 2295 4580 'Fabellam

333 4598 518 4664 Bam
575 4597 862 4683 dignam,
886 4602 941 4684 ⁸)
999 4618 1199 4681 quam
1255 4600 1337 4665 ad
1397 4611 1462 4665 te
1519 4600 1983 4666 remittendam
2039 4600 2293 4665 Letha-

332 4685 574 4771 ringus
614 4685 725 4751 vir
765 4685 914 4768 pius
957 4683 1303 4769 legendam
1346 4685 1632 4752 dederat.
1698 4685 1914 4751 Valde
1948 4687 2119 4751 mihi
2151 4687 2292 4771 pla-

332 4861 747 4869 *φῴ-

334 4975 530 5033 2250.
553 4975 612 5041 1)
655 4975 731 5031 N.
765 4974 923 5030 2248.
960 4974 1113 5029 2251.

543 5043 607 5111 2)
643 5045 773 5101 viva
807 5044 920 5101 6611.
958 5061 1099 5108 voce,
1133 5060 1263 5099 nam
1296 5046 1358 5127 ⁸]ss
1393 5046 1536 5128 ipsis
1567 5060 1686 5115 epp.
1722 5044 1789 5099 de
1822 5045 1926 5103 hac
1959 5061 2021 5100 re
2052 5043 2208 5129 mssle‘il.
2332 5091 2338 5108 ,

542 5113 606 5179 8)
643 5115 737 5167 Aa
788 5115 998 5184 legatus
1048 5114 1353 5169 Romanum
1402 5129 1540 5184 ipse,
1591 5117 1675 5170 vel
1726 5114 2154 5170 Lousonna-enm
2203 5115 2294 5169 ille

332 5183 606 5237 scholaria
639 5182 707 5237 de
737 5198 847 5252 quo
883 5183 970 5238 10.
1017 5184 1236 5239 Vei-nou
1268 5182 1611 5252 scripserat?

333 5249 527 5308 2260.
549 5251 609 5318 1)
647 5250 897 5306 F'nanklii.

542 5319 604 5386 2)
642 5319 722 5375 Ν.
756 5318 915 5375 2244.

538 5389 603 5457 3)
639 5388 718 5445 N.
750 5387 909 5447 2255.

2056 457 2220 519 1555
2262 453 2659 523 AUGUS'P.

4241 461 4368 522 714

2411 644 2566 709 cuit.
2669 643 2987 711 Gratulor
3046 643 3357 710 ecclesiae
3418 645 3690 711 Domini
3758 653 3891 710 tam
3957 644 4369 728 praeclarum

2410 730 2768 815 ingenium.
2881 728 3184 796 Scribere
3249 751 3387 795 non
3452 731 3643 797 licuit
3706 752 3909 813 quum
3978 731 4061 795 ad
4126 731 4367 795 fratres

2410 815 2697 881 redirem
2756 824 2826 880 et
2877 816 3103 901 puella
3126 816 3187 900 ⁴)
3244 839 3315 881 se
3371 816 3455 881 ad
3519 820 3648 882 iter
3689 818 3820 881 iam
3868 818 4256 901 accingeret,
4302 826 4371 881 et

2411 922 2617 985 quum
2661 901 2770 968 hic
2813 924 2955 968 sese
2999 901 3347 980 obtulerit,
3405 902 3587 967 nolui
3646 903 4053 968 committere
4097 903 4256 985 quin
4299 912 4367 968 te

2409 987 2621 1052 literis
2658 988 3008 1053 salutarem
3047 996 3116 1051 et
3149 988 3507 1054 indicarem
3531 1009 3697 1071 6666
3721 989 3940 1072 accepi
3964 987 4044 1053 de
4068 988 4365 1069 Geneva,

2410 1093 2576 1156 quae
2641 1074 2850 1138 multa
2913 1093 3073 1157 pace
3135 1075 3398 1139 fruitur.
3512 1073 3779 1155 Quanto
3845 1076 4056 1158 magis
4122 1075 4367 1140 tumul-

2409 1168 2686 1225 tuantur
2744 1162 2901 1226 foris
2944 1161 3055 1242 qui
3113 1161 3296 1225 intus
3340 1182 3484 1225 eam
3535 1159 3919 1237 turbabant,
3979 1170 4164 1225 tanto
4218 1161 4367 1243 plus

2408 1254 2642 1328 pacata
2707 1246 3023 1311 redditur.
3136 1246 3354 1330 Caput
3417 1268 3620 1312 unum
3689 1246 3819 1310 iam
3896 1245 4281 1312 damnatum
4310 1246 4367 1332 ὅ)

2408 1333 2707 1414 sequitur
2766 1332 3050 1397 alterum
3114 1333 3248 1396 iam
3300 1342 3610 1398 vocatum
3662 1351 3812 1397 cum
3856 1334 4090 1397 maiori
4148 1333 4370 1397 multi-

2408 1417 2656 1483 tudine.
2703 1417 3071 1484 Oonciones
3113 1428 3273 1483 sunt
3307 1419 3778 1501 frequentiores
3799 1422 3854 1493 ⁶)
3890 1426 3957 1483 et
3978 1419 4046 1483 in
4067 1419 4367 1502 pluribus

2408 1503 2569 1569 locis
2623 1523 2819 1587 quam
2880 1505 3081 1588 prius.
3177 1504 3515 1570 Galla-eius
3572 1504 3644 1569 in
3701 1525 3939 1589 agrum
3994 1505 4236 1571 missus
4293 1506 4365 1570 in

2407 1587 2725 1655 invidiam
2752 1588 3004 1656 Calvim'
3036 1602 3378 1657 revocatus
3412 1599 3516 1656 est
3549 1598 3618 1656 et
3651 1610 3729 1655 eo
3762 1598 3993 1656 auctus
4027 1604 4128 1656 est
4148 1598 4366 1674 pasto·

2408 1696 2559 1740 rum
2599 1674 2783 1741 urbis
2827 1698 3160 1742 numerus.

2581 1760 2855 1827 Lubens
2892 1761 3025 1826 vidi
3056 1762 3453 1829 Leonardum
3481 1763 3536 1837 ⁷)
3574 1760 3752 1845 apud
3790 1782 3982 1844 quem
4018 1770 4154 1827 tam
4189 1763 4365 1828 mala

2408 1845 2539 1912 fide
2582 1849 2720 1932 egit
2760 1849 2964 1912 miser
2985 1850 3045 1923 ⁸)
3088 1849 3425 1914 Tossanus.
3493 1846 3720 1928 Quum
3748 1845 4088 1913 Masculus
4128 1849 4365 1913 merito

2410 1942 2815 2017 quereretur,
2861 1933 3031 2015 quod
3070 1934 3185 1999 alii
3219 1935 3435 2017 potius
3470 1946 3536 1998 et
3568 1934 3723 1999 novi
3746 1941 4145 1999 vocarentur
4165 1955 4364 2016 quam

2410 2020 2650 2084 fratres
2676 2023 2734 2096 ⁹)
2783 2023 2893 2103 qui
2938 2028 3313 2086 constantes
3348 2019 3725 2085 maluerunt
3767 2018 3923 2102 pelli
3966 2021 4046 2085 ob
4082 2020 4365 2085 Interim

2410 2126 2606 2188 quam
2649 2105 2751 2170 illi
2795 2106 3226 2182 subscribere,
3272 2114 3408 2170 tam
3455 2117 3684 2172 sancta
3717 2105 3882 2169 mihi
3917 2114 4110 2171 erant
4143 2107 4366 2171 omnia

2416 2192 2703 2270 Tossom',
2750 2198 2827 2256 ut
2861 2192 3069 2276 pluris
3104 2193 3382 2258 facerem
3420 2193 3562 2258 eius
3595 2190 3932 2270 iudicium,
3967 2190 4138 2276 quod
4174 2201 4364 2274 puta-

2411 2277 2563 2342 bam
2621 2285 2870 2343 rectum
2926 2300 3088 2356 esse,
3157 2299 3354 2361 quam
3424 2279 3600 2360 piam
3660 2276 3944 2343 Mascula*
4007 2278 4364 2361 reprehen-

2410 2365 2693 2429 sionem:
2762 2364 2896 2440 sed,
2958 2378 3031 2428 ut
3074 2365 3266 2447 plene
3325 2362 3638 2448 intelligo,
3695 2384 3831 2428 non
3887 2364 4204 2430 iudicium
4249 2364 4365 2430 sed

2409 2448 2634 2514 odium
2687 2450 2819 2514 fuit
2870 2464 2937 2515 et
2993 2452 3337 2534 ingenium
3386 2470 3538 2514 vere
3595 2449 4009 2533 pontificium
4053 2450 4202 2529 viri,
4249 2451 4364 2532 qui

2409 2543 2671 2600 tantum
2714 2538 3087 2619 praecipere
3131 2550 3198 2601 et
3248 2537 3320 2601 in
3364 2537 3671 2602 omnibus
3715 2535 3976 2617 probari
4021 2536 4198 2615 vult,
4253 2538 4364 2602 cui

2412 2642 2606 2686 nemo
2664 2621 2869 2687 dicat:
2936 2644 3055 2688 cur
3111 2623 3205 2687 ita
3261 2622 3466 2688 facis?
3534 2630 3602 2686 et
3654 2620 3862 2686 multo
3905 2621 4159 2688 minus:
4227 2643 4362 2687 non

2409 2706 2579 2785 licet,
2626 2729 2828 2790 quum
2872 2708 3090 2774 libeat.
3178 2709 3463 2775 Miratus
3506 2729 3654 2773 sum
3697 2707 3826 2771 viri
3876 2706 4363 2792 simplicitatem

2411 2814 2613 2876 quum
2656 2815 2696 2858 a
2738 2794 2938 2861 vidua
2993 2794 3217 2859 mariti
3277 2793 3563 2859 defuncti
3623 2804 3879 2858 vestem
3922 2809 3989 2858 et
4045 2794 4361 2877 capitium

2409 2878 2824 2945 accomodate
2867 2880 3207 2964 acceperit.
3296 2880 3399 2945 Ne
3442 2879 3813 2945 teruncium
3856 2878 4119 2961 quidem
4163 2880 4359 2944 habe-

2409 2964 2555 3044 bat,
2619 2975 2695 3030 ut
2758 2987 2946 3031 meus
3010 2966 3170 3031 mihi
3231 2966 3459 3032 retulit
3524 2965 3936 3031 Hmnbenus:
3972 2968 4056 3041 ¹⁰)
4136 2974 4361 3031 tamen

2408 3051 2578 3118 nulli
2607 3051 2880 3119 verbum
2924 3052 3099 3131 fecit,
3143 3053 3258 3119 sed
3299 3054 3397 3119 ita
3421 3050 3874 3118 dissimulabat
3906 3060 4361 3136 paupertatem

2406 3157 2483 3204 ac
2526 3140 2584 3204 si
2626 3138 2986 3222 ditissimus
3028 3139 3280 3218 fuisset,
3323 3148 3391 3205 et
3433 3140 3563 3205 nisi
3609 3138 3992 3205 mebertus
4035 3138 4361 3223 adegisset

2404 3222 2761 3303 hominem,
2820 3226 3080 3291 tacebat
3122 3247 3407 3309 prorsus.
3491 3226 3585 3290 Et
3628 3226 3724 3291 ita
3764 3246 4002 3310 cogens
4046 3223 4238 3289 fateri
4274 3226 4358 3306 ¹¹)

2404 3331 2657 3396 pauper
2721 3311 3076 3395 pauperem
3143 3311 3547 3378 sublevavit:
3628 3309 3800 3395 quod
3865 3334 4024 3378 sane
4088 3309 4358 3396 indigne

2406 3396 2530 3461 tuli
2563 3397 2732 3461 mihi
2766 3397 3126 3465 indicatum
3162 3398 3367 3464 fuisse
3387 3405 3733 3482 postquam
3754 3397 4021 3463 abierat.
4086 3398 4197 3462 En
4236 3398 4360 3464 tibi

2403 3482 2671 3562 stati-es,
2732 3485 2845 3567 qui
2888 3483 3065 3549 ultra
3109 3483 3474 3549 doctrinam
3517 3483 3781 3567 pietatis
3826 3482 4068 3549 talibus
4113 3495 4180 3547 et
4223 3494 4359 3549 tam

2402 3570 2532 3653 piis
2575 3575 2731 3635 sunt
2774 3571 3087 3649 moribus,
3145 3591 3310 3653 quos
3359 3570 3680 3636 Tossamus
3732 3568 4040 3653 indignos
4096 3578 4360 3653 reputat

2405 3657 2518 3737 qui
2578 3676 2802 3721 secum
2861 3656 3258 3722 ministrent.
3347 3656 3549 3721 Hunc
3604 3655 3819 3738 pellit,
3879 3655 4068 3720 illum
4128 3663 4360 3721 contra

2402 3739 2599 3807 fidem
2624 3742 2844 3806 datam
2868 3762 3000 3806 non
3034 3750 3317 3808 revocat.
3370 3740 3618 3808 Audivi
3657 3740 3737 3805 de
3759 3742 3933 3806 malo
3963 3741 4244 3826 Georyio,
4277 3743 4357 3822 ¹²)

2400 3830 2516 3909 qui
2573 3828 2796 3893 omnia
2854 3830 2991 3912 egit
3042 3835 3272 3894 contra
3331 3825 3550 3892 datam
3594 3825 3783 3892 nobis
3842 3825 4058 3893 fidem.
4146 3828 4357 3894 Rece-

2399 3921 2592 3995 perat
2635 3915 2813 3978 enim
2874 3921 2988 3978 tuo
3039 3914 3310 3981 consilio
3369 3914 3594 3979 omnia
3651 3913 3978 3979 facturum
4022 3935 4099 3979 ac
4145 3913 4356 3979 dictu-

2399 4020 2568 4064 rum.
2660 3998 2828 4080 Quis
2855 4000 3106 4065 melius
3150 4021 3343 4065 nosse
3385 4007 3600 4083 potest
3655 4000 3728 4063 in
3772 4021 3899 4083 quo
3939 4001 4244 4083 peccarit,
4290 4008 4358 4066 et

2398 4085 2587 4150 66166
2630 4087 2715 4150 sit
2759 4083 3152 4167 arguendus,
3199 4094 3267 4151 et
3301 4107 3429 4168 qua
3463 4087 3715 4151 ratione
3750 4086 4001 4152 consuli
4046 4086 4355 4151 ecclesiae

2396 4173 2630 4320 gessit,
2692 4192 2891 4254 quam
2948 4182 3020 4237 tu
3078 4173 3189 4255 qui
3244 4170 3431 4238 vides
3475 4181 3541 4236 et
3597 4174 3769 4237 nosti
3827 4170 3984 4255 quid
4028 4171 4353 4255 expediat.

2454 4255 2533 4323 ed
2591 4278 2943 4340 perversus
3003 4258 3127 4324 sibi
3188 4259 3429 4324 malum
3475 4258 3692 4323 maius
3751 4257 4006 4341 peperit
4060 4278 4191 4322 666
4237 4278 4353 4323 66-

2397 4339 2587 4409 (11666
2645 4351 2710 4408 te
2770 4364 2983 4428 neque
3038 4343 3236 4409 fidem
3293 4364 3585 4410 servans.
3673 4342 3981 4409 Intellexi
4043 4351 4108 4407 te
4154 4344 4354 4407 etiam

2600 4633 2663 4701 4)
2699 4634 2940 4704 procella
2980 4634 3109 4689 Tur.
3124 4635 3193 4702 (l)

2599 4702 2661 4835 ἓξ
2701 4702 3055 4826 gomssroetos
3085 4702 3338 4767 fratres?

2602 4840 2661 4905 7)
2696 4841 2869 4897 Εεοκ.
2909 4839 3185 4907 06616661,
3238 4859 3291 4896 v.
3338 4841 3392 4898 d.
3434 4857 3501 4894 m.
3552 4845 3614 4896 in
3665 4840 4041 4910 Valentiqney,
4093 4857 4241 4896 unus
4282 4858 4349 4897 eae

2393 4910 3249 5046 wama

2599 5047 2658 5114 9)
2696 5053 2873 5102 status
2919 5048 2979 5101 T.

2566 5115 2662 5198 10)
2702 5117 2841 5172 Fuit
2876 5117 3082 5187 aliquis
3118 5117 3193 5173 Η.
3229 5116 3404 5170 Artas
3446 5116 3698 5169 minister
3742 5117 3803 5170 in
3849 5117 4056 5172 ditione
4091 5117 4349 5174 Mombel-

2495 5185 2669 5319 deff).
2694 5254 2893 5309 facturi
2941 5253 2998 5308 T.

2569 5321 2662 5388 12)
2794 5326 2973 5378 ianm
3025 5322 3114 5376 hic
3167 5322 3675 5404 fuerit-nescimus.
3748 5322 3839 5378 De
3890 5323 4094 5381 Comite
4146 5325 4351 5382 dictum

2393 5406 2506 5446 non
2540 5391 2694 5446 cred·
2806 5394 2818 5406 '
2934 5432 2948 5458 ‚
2986 5392 3097 5446 imo
3130 5392 3364 5460 eoqitan
3396 5393 3598 5461 nequit.
