4850 6200
521 449 648 512 815

511 634 786 715 possint.
879 629 1218 714 Quantum
1271 629 1457 697 nobis
1515 632 1840 697 facessant
1896 630 2144 714 negotii
2201 629 2270 695 in
2323 628 2469 708 hoc,

502 717 710 789 ,tasilo
748 718 1070 786 coniicere
1111 725 1314 800 potes.
2025 718 2030 723 ’

689 802 899 869 Paulo
941 812 1087 888 post
1126 802 1423 885 ipsorum
1464 800 1818 869 discessum
1862 820 2009 866 oeee
2044 798 2230 868 adest
2252 800 2470 866 Fran·

516 891 733 960 ciscus
770 887 1227 972 Summam
1249 887 1653 955 Viviacensis
1691 886 2010 953 minister.
2065 885 2135 952 Is
2170 885 2469 952 libellum

517 975 777 1044 senatui
811 975 1002 1040 offert
1037 972 1118 1039 de
1139 973 1748 1041 Praedestinatione
1777 973 2095 1055 scriptum
2118 994 2245 1055 quo
2277 992 2468 1037 suam

519 1061 807 1129 declarat
839 1064 1254 1138 sententiam,
1290 1058 1619 1144 simulque
1641 1058 1830 1126 docet
1861 1079 1990 1141 qua
2024 1057 2468 1124 moderatione
2498 1102 2514 1160 Δ

519 1148 841 1214 ministris
882 1144 1203 1212 utendum
1257 1146 1328 1211 in
1385 1145 1789 1231 explicandis
1842 1143 2004 1209 locis
2047 1143 2217 1210 hanc
2260 1153 2466 1210 mate-

518 1234 684 1299 riam
752 1230 1312 1298 concernentibus.
1423 1230 1627 1315 Cupit
1688 1240 1764 1296 ut
1828 1229 2059 1294 edatur
2122 1229 2321 1296 liber:
2395 1250 2468 1295 se

515 1320 697 1384 enim
740 1315 895 1383 inde
936 1327 1221 1395 motum,
1267 1327 1344 1382 ut
1387 1318 1700 1384 scriberet
1742 1318 1978 1399 ipsum,
2025 1313 2201 1397 quod
2245 1314 2468 1381 audiat

515 1423 759 1470 nomen
804 1424 1000 1469 suum
1041 1404 1111 1468 in
1158 1403 1379 1469 Gallia
1416 1404 1662 1487 passim
1706 1415 2017 1485 tanquam
2061 1401 2466 1468 haereticum

515 1498 785 1573 propter
825 1487 999 1555 hanc
1039 1489 1413 1574 opinionem
1458 1488 1727 1555 traduci.
1793 1489 1898 1554 Ea
1940 1508 2097 1570 ergo
2142 1486 2264 1554 sibi
2311 1509 2468 1570 pur-

517 1576 781 1661 gatione
825 1595 988 1659 opus
1032 1575 1235 1640 fuisse
1288 1573 1372 1640 ad
1419 1574 1733 1641 tuendam
1778 1572 2123 1638 ministerii
2170 1573 2277 1640 sui
2322 1572 2465 1658 dig-

517 1663 813 1727 nitatem.
903 1659 1310 1744 Simpliciter
1356 1682 1511 1727 vero
1556 1683 1626 1727 se
1671 1661 1892 1725 omnia
1935 1669 2217 1725 tractare
2263 1658 2466 1742 (quod

518 1760 584 1813 et
627 1748 813 1821 facit)
872 1746 1206 1812 neminem
1249 1755 1506 1826 taxare,
1566 1747 1879 1813 bonorum
1939 1746 2351 1811 conscientiis
2395 1766 2467 1811 se

516 1833 687 1900 velle
739 1831 917 1897 hisce
981 1831 1224 1898 mederi
1289 1842 1407 1899 etc.
1510 1831 1688 1915 Ego,
1756 1840 2107 1914 antequam
2171 1831 2465 1898 libellum

516 1918 778 1985 senatui
821 1917 1102 1997 offerret,
1146 1938 1359 1983 meam
1404 1918 1465 1982 ei
1510 1917 1649 1983 dixi
1691 1918 2106 1995 sententiam,
2151 1939 2266 1983 seu
2311 1916 2468 1999 quid

519 2003 684 2069 mihi
744 2003 1093 2069 videretur.
1197 2002 1333 2070 Sed
1388 2005 1700 2086 quoniam
1767 2003 2177 2086 acquiescere
2234 2003 2465 2083 noluit,

517 2088 810 2156 libellum
879 2089 1134 2154 obtulit.
1237 2088 1441 2155 Liber
1503 2112 1544 2154 a
1608 2100 1841 2156 senatu
1907 2085 1992 2153 ad
2060 2109 2178 2153 nos
2249 2098 2465 2154 trans·

517 2176 778 2241 missus.
871 2175 1086 2241 Hodie
1145 2176 1266 2242 hac
1311 2174 1475 2241 hora
1517 2176 1689 2242 imus
1733 2174 1816 2240 ad
1862 2174 2205 2251 Senatum,
2266 2195 2467 2257 expo-

516 2262 704 2326 situri
764 2261 918 2344 quid
973 2261 1163 2327 nobis
1219 2257 1555 2339 videatur,
1623 2271 1689 2327 et
1745 2271 2047 2327 senatum
2107 2260 2307 2325 officii
2363 2260 2466 2325 sui

518 2344 935 2414 admonituri.
1025 2345 1101 2412 Si
1147 2345 1380 2412 edatur
1433 2346 1598 2412 liber
1657 2348 1784 2414 hic.
1843 2346 2113 2412 habebit
2153 2366 2310 2411 mox
2353 2346 2466 2429 qui

515 2430 967 2516 respondendo
990 2440 1261 2517 carpant
1281 2431 1544 2516 aliquid.
1613 2432 1725 2499 Sic
1761 2433 1936 2517 ignis
1970 2432 2467 2498 contentionum

515 2517 886 2585 invalescet.
955 2517 1091 2585 Nos
1133 2516 1486 2585 suademus
1522 2520 1778 2584 senatui
1821 2540 1906 2584 ne
1950 2518 2240 2602 patiatur
2280 2517 2467 2602 quid·

558 2624 712 2672 uam
757 2604 879 2669 hoc
921 2610 1214 2705 tempore
1256 2602 1392 2684 edi,
1455 2604 1652 2672 scribi
1709 2611 1825 2670 aut
1880 2605 2202 2688 disputari
2244 2626 2283 2669 a
2326 2604 2467 2669 suis

562 2713 597 2756 e
663 2690 786 2756 hac
855 2700 1146 2756 materia.
1259 2689 1592 2757 Libellum
1659 2712 1779 2757 nec
1846 2690 2279 2774 approbamus
2345 2712 2467 2756 nec

511 2776 956 2948 reprobam1)1s,
1017 2798 1101 2842 ne
1142 2776 1591 2859 imprudentes
1633 2777 2054 2842 involvamur
2111 2776 2266 2842 huic
2313 2797 2468 2841 oon-

514 2863 813 2929 tentioni.
835 2864 865 2903 2

686 2948 937 3013 Eadem
984 2966 1183 3032 opera
1240 2947 1672 3031 suscipiemus
1714 2968 1968 3032 quoque
2010 2947 2202 3015 hodie
2246 2946 2468 3014 Gene-

512 3055 785 3102 vensem
830 3052 1093 3100 causam
1149 3032 1490 3119 agendam,
1550 3032 1724 3117 quod
1774 3031 2080 3103 Calvam
2122 3055 2161 3097 a
2203 3032 2468 3119 quibus-

515 3122 665 3187 dam
745 3121 1142 3185 nostratium
1229 3127 1545 3202 tanquam
1628 3120 1997 3186 haereticus
2081 3120 2466 3187 traducitur.

513 3206 840 3272 Dabimus
895 3224 1160 3288 operam
1231 3219 1304 3269 ut
1372 3223 1634 3271 senatus
1700 3205 1793 3272 sic
1850 3227 2038 3272 suam
2093 3207 2471 3289 interponat

514 3292 953 3368 autoritatem,
1003 3310 1089 3355 ne
1131 3290 1228 3355 illi
1273 3292 1440 3356 forte
1482 3292 1997 3358 committantur.
2080 3290 2155 3357 Si
2202 3302 2469 3359 senatus

513 3374 601 3444 ad
657 3375 899 3442 classes
957 3375 1201 3443 scribat
1259 3397 1598 3460 speramus
1660 3379 1795 3442 fore
1849 3389 1927 3443 ut
1978 3378 2463 3462 conquiescant.

514 3464 672 3528 Fiet
715 3464 910 3528 etiam
957 3462 1204 3528 mentio
1244 3462 1620 3546 Hieronymi
1664 3462 1916 3540 medici,
1961 3464 2070 3547 qui
2118 3464 2296 3530 solus
2331 3484 2468 3529 om-

513 3552 701 3615 nium
747 3549 881 3613 fere
923 3547 1190 3614 videtur
1233 3549 1580 3614 turbarum
1634 3559 1826 3615 autor
1868 3570 2041 3628 esse,
2101 3572 2222 3616 nec
2264 3572 2467 3616 unam

510 3634 706 3700 modo
725 3634 1050 3699 haeresim
1064 3636 1328 3716 spirare.
1357 3636 1562 3700 Putat
1578 3637 1755 3701 enim
1775 3634 1855 3700 de
1869 3635 2050 3701 nullo
2065 3635 2468 3702 christianae

514 3720 850 3786 doctrinae
873 3718 1179 3805 dogmate
1200 3741 1321 3786 nos
1344 3722 1506 3786 satis
1529 3719 1761 3786 dextre
1781 3722 2044 3787 sentire.
2109 3722 2467 3787 Multorum

510 3806 769 3871 animos
804 3827 845 3869 a
880 3804 1094 3870 studio
1130 3806 1394 3887 pietatis
1435 3804 1585 3872 odio
1628 3805 1880 3873 Calvini
1914 3808 2172 3874 avertit.
2238 3806 2469 3892 Neque

512 3911 675 3957 vero
698 3897 1002 3956 senatum
1047 3891 1472 3975 fatigaremus
1515 3891 1712 3971 hisce,
1737 3893 1793 3958 si
1815 3915 1948 3959 non
1971 3893 2158 3976 prius
2193 3915 2272 3960 ea
2292 3893 2372 3959 de
2394 3915 2468 3960 re

515 3976 943 4043 Genevenses
1000 3975 1085 4041 ad
1142 3977 1358 4060 ipsum
1418 3979 1828 4058 retulissent,
1898 3987 1968 4045 et
2033 4001 2291 4046 summa
2346 4000 2468 4047 nos

516 4061 869 4129 necessitas
936 4073 1221 4146 urgeret.
1324 4062 1399 4130 Si
1457 4067 1779 4149 tantisper
1846 4077 2106 4130 maneat
2185 4068 2468 4133 nuncius

515 4148 626 4301 {iiic
670 4147 875 4298 {onec
917 4146 1074 4231 quid
1134 4146 1462 4216 decretum
1522 4151 1609 4217 sit
1662 4171 2060 4236 cognovero,
2121 4153 2468 4220 subiiciam

561 4255 671 4300 em
719 4254 773 4298 e.

696 4317 949 4396 Caloini
1014 4319 1254 4405 scripto
1309 4331 1539 4390 contra
1601 4322 2049 4405 Waetphalum,
2116 4347 2247 4390 non
2305 4328 2467 4393 satis

725 4608 786 4674 2)
825 4609 1012 4664 Mense
1059 4609 1197 4665 Nov.
1249 4614 1316 4667 lis
1362 4623 1483 4668 erat
1527 4616 2000 4670 Lansannensibus
2047 4618 2310 4672 ministris
2344 4634 2469 4671 cnm

519 4677 580 4733 F.
620 4677 969 4747 Sampaulino
1004 4680 1132 4734 min.
1168 4680 1499 4750 Vivisoenni,
1536 4701 1603 4738 eo
1639 4684 1783 4753 quod
1820 4685 1876 4738 in
1913 4686 2133 4755 negotio
2166 4686 2469 4755 praedesti·

519 4747 759 4828 nationis
811 4747 1096 4803 videbatur
1139 4751 1473 4821 aliquantum
1519 4754 1591 4807 ab
1636 4753 1770 4822 ipsis
1816 4753 2141 4824 discrepare.
2213 4754 2320 4809 Res
2367 4755 2470 4809 suit

521 4821 822 4885 composita
869 4817 963 4870 sed
1013 4817 1090 4871 ita
1134 4827 1194 4871 nt
1248 4823 1426 4875 neutri
1475 4822 1621 4891 parti
1670 4823 1977 4876 satisfieret.
2058 4823 2470 4891 Conscripserat

520 4885 637 4953 ipse
671 4885 912 4939 libellum
951 4903 1058 4957 qno
1094 4889 1222 4959 qnid
1270 4891 1503 4945 sentiret
1546 4897 1604 4944 in
1650 4891 1752 4944 hac
1784 4892 2015 4944 materia
2049 4893 2372 4960 explicabat,
2410 4899 2469 4946 et

518 4955 746 5033 petebat
779 4964 842 5008 ut
859 4957 1263 5035 ‘concederetur
1305 4961 1386 5014 illi
1433 4961 1658 5029 vulgare
1691 4961 1876 5016 istum.
1959 4960 2068 5013 Sed
2117 4960 2468 5030 magistratus

519 5022 787 5102 noluit-et
835 5024 1030 5080 hbrum
1074 5029 1144 5082 ad
1193 5045 1252 5083 se
1288 5033 1509 5099 recepit.
1580 5028 1939 5082 Interdictum
1975 5044 2191 5098 quoqne
2228 5037 2314 5084 est
2346 5031 2469 5084 aliis

517 5105 589 5142 ne
635 5092 766 5159 quid
808 5093 877 5148 de
925 5095 1023 5150 bac
1055 5099 1287 5152 materia
1334 5099 1590 5163 ederent,
1638 5097 1735 5150 sed
1789 5112 1964 5165 neque
2012 5096 2235 5151 Vin-etus
2290 5116 2468 5170 neque

695 5159 796 5215 hoc
829 5175 1130 5221 servarunt.
1205 5168 1429 5220 Viretus
1467 5167 1570 5220 boc
1607 5175 1851 5232 tompore
1887 5165 2138 5220 minister
2173 5175 2294 5222 erat
2328 5170 2467 5223 Lan·

517 5243 720 5282 sannae
783 5233 1196 5291 existimationis
1261 5237 1547 5289 maximae.
1636 5234 1874 5300 (Hauer,
1932 5234 2160 5303 Ephesi.
2211 5257 2267 5305 p.
2323 5237 2464 5305 105.)

516 5297 605 5419 gs.
638 5301 796 5354 etiam
815 5301 888 5357 N.
908 5303 1061 5360 2016.
1117 5305 1471 5373 Sampauls'ni
1501 5304 1711 5357 labellus
1748 5301 1875 5356 MS.
1912 5309 2092 5360 exstat
2128 5307 2188 5360 in
2206 5307 2466 5363 Archabis

573 5371 899 5428 amathus.

2028 438 2558 510 EPISTOLAE
2600 442 3028 508 2048—2050

4384 444 4513 507 316

2571 635 2764 697 caute
2828 649 2990 695 usus
3044 637 3147 695 est
3201 629 3284 694 D.
3340 627 3719 695 Blaurom.
3743 629 3799 713 ⁸)
3884 628 4126 697 Passus
4180 637 4284 696 est
4333 630 4517 695 enim

2570 713 2737 781 illud
2793 715 3023 780 venire
3077 715 3148 780 in
3206 733 3441 781 manus
3494 713 3953 798 Christophori
4014 714 4339 797 Piperim‘,
4402 717 4515 800 qui

2568 800 2969 885 descriptum
3005 801 3135 869 huc
3177 798 3413 867 det-ulit
3454 810 3523 866 et
3558 800 3667 868 hic
3709 822 3752 866 a
3794 799 4105 867 Mauritio
4148 808 4519 887 symmysta

2566 896 2792 954 nostro
2832 887 3077 955 lectum
3118 898 3221 955 est
3262 907 3369 953 me
3409 886 3650 954 nescio.
3717 886 3787 953 Is
3821 895 4041 954 tamen
4082 888 4248 953 mihi
4410 896 4520 955 tea

2566 974 2901 1040 confessus
2963 981 3081 1040 est.
3190 972 3444 1039 Vereor
3505 994 3661 1058 ergo
3724 994 3838 1052 ne,
3914 973 3971 1039 si
4033 995 4208 1041 nunc
4332 972 4517 1058 iquid

2567 1067 2807 1138 mutet,
2880 1059 3059 1143 ipsos
3128 1059 3350 1126 nescio
3414 1058 3573 1143 quid
3631 1059 4084 1143 suspicaturos.
4188 1058 4514 1142 Quamvis

2569 1145 3001 1229 suspicentur,
3044 1143 3357 1229 quidquid
3402 1144 3627 1225 velint,
3684 1146 4012 1223 convenit,
4059 1153 4135 1211 ut
4176 1166 4341 1230 quae
4383 1144 4519 1213 dis-

2568 1232 2892 1315 putationi
2958 1241 3225 1297 nostrae
3299 1230 3578 1298 adversa
3648 1241 3808 1296 sunt
3869 1240 4228 1297 mutentur.
4338 1229 4520 1298 Alias

2568 1316 3128 1383 confirmabuntur
3202 1316 3305 1382 illi
3380 1317 3494 1400 qui
3571 1326 3804 1401 putant
3889 1315 4223 1383 Calvinum
4306 1338 4520 1402 neque

2568 1402 2984 1469 Consensum
3046 1402 3234 1468 illum
3299 1425 3447 1470 cum
3513 1411 3741 1469 nostra
3795 1403 4070 1471 ecclesia
4125 1410 4300 1470 recte
4357 1402 4518 1472 satis

2570 1508 2854 1557 servare.
2900 1523 4517 1538 —————————————

2744 1573 3200 1658 Sampaulinus
3243 1574 3403 1642 dicit
3442 1574 3608 1640 mihi
3631 1575 3873 1641 Bonam
3915 1574 4195 1642 edidisse
4237 1576 4521 1660 figuram

2572 1660 2900 1745 quandam
2944 1661 3397 1740 orbicularem,
3444 1681 3573 1744 qua
3613 1660 4022 1727 demonstret
4062 1662 4280 1727 omnia
4321 1662 4523 1727 etiam

2569 1746 2743 1812 mala
2795 1747 2877 1811 ab
2932 1747 3073 1830 ipso
3128 1747 3271 1813 Deo
3326 1758 3637 1830 tanquam
3696 1748 3907 1829 prima
3962 1747 4259 1813 omnium
4323 1769 4522 1814 causa

2568 1831 2990 1999 ffioffingem'
3056 1833 3228 1898 Eam
3263 1853 3398 1898 non
3433 1831 3584 1900 vidi.
3652 1830 3732 1899 Si
3764 1845 3998 1900 nactus
4031 1833 4216 1899 fuero
4256 1833 4523 1899 mittam

2573 2041 2652 2052 --
2697 2041 2784 2053 —
2824 2002 3150 2071 claudere
3202 2026 3399 2088 cogor
3454 2003 3681 2071 literas
3736 2004 3983 2071 inscius
4038 2005 4253 2072 adhuc
4294 2025 4525 2071 eorum

2571 2111 2740 2173 quae
2785 2089 2979 2155 hodie
3022 2090 3283 2157 decreta
3325 2099 3500 2169 sunt,
3557 2092 3685 2158 nisi
3727 2090 3899 2173 quod
3941 2091 4293 2158 Francisoo
4342 2089 4524 2157 Sam·

2558 2175 2829 2259 paulino
2869 2174 3294 2242 interdictum
3337 2198 3421 2243 ne
3455 2177 3610 2261 quid
3654 2177 3822 2243 edat.
3892 2176 4070 2258 Quid
4112 2176 4194 2244 de
4216 2176 4528 2244 zebeam

2571 2271 2640 2327 et
2683 2261 2951 2345 reliquis
2995 2270 3345 2338 statuatur,
3404 2264 3633 2347 ignoro
3689 2263 3923 2330 adhue.
3990 2299 4077 2310 —
4138 2300 4225 2311 —
4288 2300 4371 2311 —
4440 2299 4517 2311 —-

2570 2382 3167 2398 —————
3211 2348 3470 2415 Bernae
3517 2354 3614 2415 17.
3658 2348 3977 2415 Novemb.
4032 2354 4213 2414 1554.

3796 2489 3982 2555 'l'uus
4018 2486 4348 2553 Hellerus.

3095 3170 3624 3241 VERMILIUS
3668 3173 3993 3244 BEZAE.

2751 3346 3015 3412 Gratias
3080 3343 3212 3428 aqit
3273 3344 3331 3410 ei
3394 3344 3470 3410 de
3526 3342 3680 3411 libro
3744 3346 3868 3412 sibi
3920 3346 4141 3425 misso,
4207 3344 4333 3412 sibi
4386 3344 4525 3428 ipsi

2564 3431 2929 3517 oratulatur
2972 3431 3043 3497 ob
3075 3434 3359 3496 mutuam
3414 3430 3888 3498 benevolentiam
3946 3452 4073 3516 qua
4113 3451 4257 3499 eum
4299 3436 4523 3499 autore

2567 3519 2862 3605 iungitur
2902 3523 2957 3585 et
2996 3516 3280 3582 hortatur
3321 3516 3406 3582 ad
3434 3518 3835 3601 pergendum.

2571 3691 2965 3757 (Describimus
2999 3687 3079 3743 ‘ex
3117 3688 3165 3741 A
3243 3688 3433 3742 endiee
3462 3686 3735 3743 Locorum
3779 3690 3961 3744 theolo
4002 3690 4204 3744 ‘corum
4238 3688 4358 3761 Tig.
4406 3689 4520 3745 edi·

2875 3766 3057 3813 torum
3094 3705 3246 3824 1538,
3280 3756 3371 3812 fol.
3403 3755 3528 3814 583.
3575 3758 3680 3812 Ed.
3717 3756 3871 3826 1587,
3903 3707 4017 3815 fef.¹
4040 3757 4215 3828 1093.)

2739 3932 3039 4010 Librum,
3066 3931 3119 4015 ¹)
3163 3928 3404 3995 eximie
3439 3930 3542 3996 vir
3575 3939 3767 4014 atque
3810 3931 3881 3995 in
3917 3930 4186 3998 Christo
4223 3929 4527 3997 amabilis

2568 4018 2791 4096 frater,
2829 4017 2911 4084 ab
2934 4016 3376 4082 Himmanuele
3392 4018 3450 4094 ²)
3476 4031 3698 4083 nostro
3721 4017 3959 4102 accepi,
3986 4037 4181 4101 quem
4201 4016 4299 4081 illi
4319 4036 4530 4101 quum

2569 4126 2610 4170 a
2652 4104 2841 4170 nobis
2864 4105 2919 4184 ³)
2965 4100 3327 4168 discederet
3371 4103 3535 4167 mihi
3589 4102 3982 4169 tradendum
4038 4101 4327 4169 dederas.
4416 4102 4529 4168 De

2570 4211 2844 4257 munere
2885 4190 3093 4273 igitur
3136 4209 3340 4272 quum
3383 4188 3465 4253 ob
3522 4190 3728 4271 ipsius
3768 4187 4162 4273 dignitatem
4205 4210 4281 4255 ac
4324 4189 4523 4253 meri·

2569 4285 2716 4342 tum
2768 4276 3015 4361 gratias
3074 4295 3229 4359 ago,
3286 4284 3429 4339 tum
3482 4275 3658 4358 quod
3714 4276 3849 4341 iam
3892 4277 4070 4340 viam
4127 4273 4529 4359 patefactam

2569 4363 2779 4428 sentio
2815 4383 2944 4445 qua
2980 4368 3272 4426 nostram
3310 4379 3428 4443 per
3449 4359 3794 4427 Ohristum
3816 4382 3891 4429 ac
3926 4361 4068 4427 eius
4103 4361 4528 4447 evangelium

2774 4621 2838 4751 4))
2872 4617 3080 4742 grem
3110 4687 3174 4740 in
3209 4685 3390 4740 Besae
3424 4691 3582 4741 tract.
3617 4687 3770 4740 theol.
3808 4687 3848 4740 1.
3888 4685 3992 4741 170
4025 4702 4097 4741 ss.
4111 4703 4131 4739 .·
4180 4685 4404 4741 Summa
4435 4692 4523 4740 to·

2570 4757 2678 4809 tius
2714 4755 3101 4810 christianismi
3146 4772 3189 4809 s.
3235 4755 3529 4824 descriptio
3573 4759 3630 4809 et
3663 4755 3978 4810 distributio
4013 4771 4296 4810 cansarum
4329 4754 4529 4809 salutis

2569 4826 2864 4881 electorum
2912 4831 2969 4878 et
3019 4825 3171 4879 exitii
3215 4841 3275 4878 re
3317 4824 3573 4878 roborum
3630 4840 3699 4878 ex
3753 4841 3823 4878 ss.
3870 4825 4043 4879 literis
4093 4825 4321 4879 collecta
4372 4822 4529 4890 (cum

2569 4895 2723 4948 brevi
2759 4893 3118 4964 explicatione
3152 4841 3409 4960 tabulae).
3475 4890 3685 4961 Empe,
3740 4895 3801 4947 in
3847 4909 3952 4948 sua
4000 4894 4154 4948 Vitae
4198 4893 4383 4974 Besae
4421 4892 4530 4948 Inoo

2567 4981 2707 5032 opus
2740 4964 2817 5017 ad
2850 4981 2901 5017 a.
2944 4963 3075 5018 1555
3109 4963 3277 5026 refert
3285 4979 3305 5028 ,·
3348 4963 3492 5018 hunc
3527 4978 3737 5016 annum
3777 4963 3921 5029 forte
3954 4963 4326 5033 typomaphus
4355 4977 4420 5015 m
4452 4963 4528 5016 ts·-

2568 5034 2684 5087 tulo
2714 5033 3000 5086 inducam.
3075 5031 3388 5086 Editiom
3519 5032 3529 5044 ”
3607 5032 3617 5044 “
3778 5047 3892 5087 noa
3936 5034 4192 5087 vidimus.
4262 5031 4532 5100 Haayius

2566 5102 2790 5158 laudat.-
2837 5099 3036 5154 Brieve
3070 5101 3376 5170 exposition
3452 5117 3482 5154 e
3516 5101 3572 5155 la
3604 5100 3754 5155 table
3799 5117 3868 5154 ou
3904 5101 4075 5172 figure
4110 5104 4403 5155 contenant
4437 5099 4530 5155 le·

2566 5170 3131 5306 ἒιὸὶιὲοθίρῧιιῦιὲοῗίιιέν
3157 5170 3315 5293 ἓίὲα
3360 5170 3612 5294 religans
3624 5169 3977 5225 chrestienne.
4047 5171 4206 5226 Laus.
4247 5167 4397 5225 1560.
4435 5167 4529 5224 16.

2752 5279 2762 5290 .
3131 5255 3157 5291 e
3358 5255 3432 5293 nm
3614 5278 3631 5294 .

2772 5307 2834 5366 2»
2882 5307 3174 5362 Tremellio.
3310 5253 3354 5305 Ρ

2772 5379 2833 5443 3)
2869 5375 3006 5446 leae.-
3037 5376 3210 5431 vobis.
