4850 6200
501 390 626 453 303

493 594 726 662 passus
785 582 850 640 et
908 573 1084 642 domi
1139 572 1298 659 quid
1354 579 1663 659 expertus
1720 582 1823 642 est
1873 576 1947 641 in
2086 575 2268 660 pulo,
2325 573 2443 641 sed

496 662 905 748 potissimum
965 682 1005 726 a
1060 659 1337 728 factione
1394 659 1762 728 Choraica?
1835 659 1916 727 de
2033 662 2239 727 hristo
2295 660 2442 744 quis

496 769 630 815 non
687 744 1061 833 stupescat?
1164 744 1301 813 Sed
1368 745 1524 830 quid
1597 768 1730 812 non
1789 757 2063 832 agerent
2117 745 2302 830 impii
2370 745 2442 811 in

497 832 877 911 Dominum,
944 832 1055 917 qui
1119 838 1257 897 tam
1321 841 1481 897 sunt
1544 833 1749 898 amari
1806 833 1879 900 in
1931 831 2199 900 servos?
2286 830 2442 897 Non

498 919 705 985 miror
745 920 800 985 si
843 916 1018 984 domi
1053 916 1172 984 tibi
1209 918 1345 984 sint
1421 919 1492 984 ui
1527 920 1718 986 toties
1752 920 1913 985 victi
1945 924 2212 1003 sperant
2252 937 2443 1001 posse

497 1005 766 1072 vincere
806 1005 1119 1070 invictum
1164 1002 1234 1068 in
1281 1012 1343 1069 te
1427 1004 1725 1071 hristum.
1801 1005 2069 1072 Utinam
2113 1002 2442 1072 cordatius

498 1089 849 1174 aliquando
893 1098 1096 1174 agant
1139 1090 1250 1173 qui
1291 1089 1437 1155 istis
1479 1091 1783 1157 resistere
1827 1089 2081 1157 debent.

670 1175 928 1261 Lapsus
972 1174 1248 1242 infelicis
1270 1173 1601 1257 Ducissae,
1644 1176 1752 1241 cui
1795 1177 2119 1242 Dominus
2163 1176 2250 1241 sit
2290 1195 2442 1258 pro·

542 1261 717 1340 itius,
775 1261 1090 1327 moeroris
1143 1268 1244 1327 est
1284 1262 1531 1345 plenus.
1623 1259 1755 1327 Sed
1795 1262 1972 1328 hunc
2017 1261 2307 1327 dolorem
2349 1262 2443 1345 pii

565 1345 756 1413 udaei
824 1353 1085 1431 optatus
1159 1345 1480 1413 adventus
1551 1346 1731 1413 lenit.
1842 1348 2048 1413 Faxit
2113 1346 2438 1425 Christus,

497 1445 741 1518 quanto
807 1453 925 1498 sua
1026 1439 1272 1499 raestat
1325 1432 1599 1499 ecclesia
1657 1454 1856 1517 supra
1914 1434 2186 1518 impiam
2241 1453 2440 1515 syna·

496 1539 738 1618 gogam
779 1519 982 1585 Antic
1070 1518 1195 1593 ‘sti‚
1254 1529 1434 1584 tanto
1493 1518 1603 1584 hic
1661 1519 1969 1585 ecclesiae
2023 1518 2315 1585 redditus
2369 1539 2440 1584 se

495 1624 714 1689 ipsum
779 1614 1041 1687 superet
1103 1605 1173 1669 in
1238 1607 1417 1669 omni
1477 1606 1716 1688 pietate
1781 1614 1849 1670 et
1911 1605 2438 1671 sanctificatione.

496 1691 827 1756 Dominus
897 1689 1097 1755 istum
1168 1701 1387 1756 servet
1454 1712 1604 1758 cum
1675 1700 1812 1756 toto
1882 1692 2141 1773 piorum
2213 1697 2440 1757 sancto

497 1784 718 1853 coetu,
790 1774 1034 1857 tibique
1092 1774 1413 1860 adaugeat
1472 1775 1644 1841 dona
1700 1797 1822 1842 sua
1890 1776 2125 1860 quibus
2194 1796 2438 1842 nomen

497 1862 704 1946 ipsius
747 1860 1032 1927 illustres
1076 1867 1142 1925 et
1184 1861 1701 1945 copiosissimum
1743 1883 2016 1929 suorum
2060 1862 2441 1939 exercitum,

498 1968 694 2030 quem
765 1946 885 2013 tibi
940 1946 1247 2013 Christus
1305 1947 1425 2013 tibi
1446 1950 1481 1985 ⁴*
1550 1947 1901 2022 commisit,
1975 1969 2107 2013 non
2175 1954 2442 2011 tantum

497 2031 646 2098 istic
720 2030 1082 2099 curandum
1153 2030 1267 2098 sed
1338 2034 1615 2117 passim,
1698 2053 1894 2116 quam
1964 2032 2441 2098 studiosissime

655 2138 729 2183 as
783 2116 989 2183 solido
1033 2118 1214 2184 verbi
1273 2138 1467 2201 quam
1512 2119 1861 2202 purissimo
1904 2117 2160 2203 pabulo,
2219 2118 2440 2196 verbo,

498 2204 784 2286 scriptis,
842 2214 916 2268 ut
970 2203 1258 2270 fructum
1317 2226 1513 2287 quam
1557 2204 1964 2270 uberrimum
2005 2212 2314 2287 reportes,
2374 2212 2443 2268 et

495 2288 816 2373 insignior
872 2290 959 2353 sit
1001 2288 1251 2354 Christi
1308 2288 1676 2372 triumphus
1732 2288 1811 2355 de
1866 2290 2166 2356 omnibus
2210 2287 2441 2356 adver-

497 2375 688 2442 sariis
760 2374 870 2456 qui
949 2382 1525 2458 quantumcunque
1602 2376 2027 2459 improbiores
2092 2377 2444 2459 insurgant

497 2466 568 2525 et
621 2460 833 2544 magis
891 2479 969 2524 ac
1024 2460 1236 2544 magis
1280 2461 1397 2526 tibi
1439 2461 1573 2526 sint
1612 2459 1895 2539 molesti,
1954 2469 2021 2527 et
2060 2461 2284 2527 minus
2327 2460 2440 2527 do·

494 2545 668 2611 mari
722 2566 908 2629 posse
966 2544 1304 2624 videntur,
1377 2556 1445 2612 te
1503 2568 1635 2613 non
1689 2547 2001 2633 frangant
2057 2546 2172 2614 sed
2229 2547 2442 2632 magis

495 2630 778 2699 alacrem
822 2629 1115 2697 reddant.
1195 2630 1367 2698 Vide
1409 2633 1466 2698 si
1511 2633 1622 2716 qui
1664 2634 1841 2698 inter
1883 2653 1995 2700 eos
2039 2633 2256 2699 sanari
2299 2652 2444 2716 pos-

494 2717 647 2795 sint,
693 2726 768 2783 ut
801 2726 1101 2800 potenter
1133 2717 1281 2784 aliis
1314 2720 1642 2797 resistant,
1689 2719 1809 2784 hos
1842 2717 1994 2785 beni
2087 2739 2124 2784 e
2158 2716 2444 2785 abducas

495 2824 539 2871 a
587 2803 778 2869 malis
835 2814 902 2870 et
958 2803 1193 2869 reddas
1248 2805 1575 2870 ecclesiae.
1665 2803 1801 2870 Sed
1859 2805 1973 2888 qui
2061 2802 2228 2889 ego?
2285 2803 2442 2887 quid

493 2889 664 2956 nihil
720 2908 843 2971 ago
888 2935 1342 2954 ........
1367 2894 1422 2959 ³)
1483 2890 1635 2955 novi
1695 2888 1869 2972 apud
1929 2898 2012 2969 te,
2077 2911 2192 2972 per
2248 2910 2443 2974 quem

494 2974 827 3041 Dominus
888 2981 1023 3039 tam
1085 2973 1327 3040 eximie
1396 2974 1746 3058 operatur?
1849 2974 2170 3042 Oondona
2237 2977 2444 3041 amori

495 3069 751 3127 nostro:
816 3060 872 3124 si
928 3067 1149 3142 optem
1206 3059 1477 3126 claudus
1534 3059 1951 3144 ocyssissime
1970 3065 2004 3101 *⁸*
2068 3068 2444 3128 currentem

492 3147 814 3234 perficere
871 3166 1140 3230 cursum
1202 3167 1401 3229 supra
1443 3145 1738 3212 omnium
1798 3167 1832 3212 s
1878 3167 2014 3227 em,
2070 3168 2279 3229 quum
2318 3147 2444 3214 hoc

496 3231 744 3317 gloriae
788 3230 1038 3296 Christi
1081 3231 1340 3296 serviat.
1430 3230 1614 3297 Vale.
1703 3168 1961 3299 Ovissus
2005 3231 2257 3299 Ohristi
2301 3283 2315 3297 .
2361 3283 2377 3298 .
2426 3283 2439 3298 .

698 3367 712 3380 .
773 3365 788 3381 .
848 3367 863 3384 .
921 3367 934 3381 .
992 3366 1006 3380 .
1068 3320 1301 3393 ...⁸).
1404 3313 1732 3384 Dominus
1786 3318 2008 3384 omnia
2065 3318 2187 3385 tibi
2244 3338 2443 3401 quam

493 3402 938 3487 prosperrima
990 3402 1201 3468 faciat.
1290 3400 1499 3487 Cupio
1555 3403 1835 3488 collegas
1888 3404 2104 3471 salvos
2118 3455 2134 3482 ,
2192 3413 2261 3470 et
2301 3405 2443 3487 pios

494 3487 609 3572 qui
663 3509 782 3572 pro
826 3487 1094 3554 Christo
1137 3496 1279 3554 tam
1320 3496 1542 3555 sancte
1584 3489 1906 3555 laborant.
1989 3489 2092 3555 Ne
2149 3497 2440 3574 praeter-

495 3593 642 3641 eam
699 3575 871 3641 inter
928 3574 1048 3639 hos
1092 3573 1386 3641 Budeum
1442 3595 1592 3640 cum
1646 3572 1881 3654 fratre,
1936 3582 2078 3642 tum
2134 3596 2254 3642 0110
2297 3582 2442 3641 tum

497 3668 628 3737 tuo,
688 3659 1156 3726 Nomandium
1211 3670 1277 3724 et
1331 3659 1636 3745 reliquos.
1721 3660 1949 3728 Nostri
2007 3672 2071 3728 te
2129 3661 2437 3727 salutant.

669 3793 980 3862 Neocomi
1024 3800 1079 3861 9.
1125 3795 1515 3865 Novembris
1564 3799 1746 3863 1554.
1771 3801 1824 3874 ⁴)

1269 4092 1354 4098 —
1383 4093 1668 4101 --ss-——a-

1369 4373 1565 4444 2⁰42.
1903 4419 1910 4429 .

598 4526 1066 4595 GALVINUS
1111 4526 1594 4596 MINIS'I'RIS
1639 4527 2340 4599 TURIOENSIBUS.

667 4697 953 4782 Eoeponit
1011 4698 1165 4782 quid
1234 4701 1308 4764 in
1362 4719 1485 4766 sua
1543 4698 1919 4780 Defensione
1975 4721 2305 4768 consensus
2356 4704 2445 4768 iis

496 4785 822 4852 autoribus
853 4791 911 4851 et
945 4789 1253 4869 quatenus
1277 4786 1555 4866 mutarit,
1596 4788 1793 4853 simul
1822 4807 1937 4852 cur
1970 4788 2043 4852 in
2075 4788 2446 4870 quibusdam

498 4873 571 4940 iot
610 4893 734 4938 sua
769 4870 1051 4956 formula
1080 4872 1438 4955 perstiterit.

705 5163 765 5228 3)
802 5162 954 5220 Hinc
986 5162 1201 5233 aliquid
1231 5163 1420 5219 ouem
1462 5177 1599 5232 prae
1641 5162 1959 5220 liter-amaa
2001 5162 2298 5236 nequeam
2330 5184 2441 5227 non

675 5245 766 5366 “25
806 5296 1142 5369 scaen-mio
1175 5300 1419 5357 absum
1452 5299 1680 5357 videtur.

1976 382 2506 455 EPIS'POLAE
2547 385 2972 453 2041-2042

4365 384 4491 452 304

2542 571 2656 638 (Ex
2691 572 3043 644 autographo
3092 571 3258 627 Arch.
3303 572 3481 626 Turio.
3515 572 3657 627 Plut.
3694 572 3787 627 vl.
3824 571 3946 626 vol.
3988 569 4100 643 iffi,
4147 572 4275 628 olim
4316 568 4492 626 Scrin-

2548 642 2611 695 B.
2665 640 2819 697 Tem.
2872 644 2917 697 1.
2968 642 3059 696 fol.
3099 640 3223 696 624.
3281 669 3350 683 -
3400 641 3660 697 Simlerus
3695 641 3822 696 Vol.
3861 639 3948 697 83.
4001 670 4068 682 -
4124 641 4172 696 A
4416 657 4487 696 on

2547 716 2730 765 exstat
2771 711 2996 765 Parisiis
3042 712 3100 764 in
3124 710 3269 767 Bibl.
3312 716 3426 765 nat.
3463 710 3597 765 0011.
3634 711 3836 835 Dupufi
3869 711 3997 765 Vol.
4034 708 4161 778 102,
4207 710 4302 767 fol.
4437 727 4490 763 v.

3036 779 3261 849 Anglice
3294 779 3352 834 in
3386 779 3472 835 ed.
3508 780 3719 835 Philad.
3753 779 3779 835 1
3835 820 3847 832 .
3881 778 3990 848 89„

2545 950 2827 1018 Eximiis
2849 951 3102 1018 Ohristi
3135 951 3343 1017 servis
3365 951 3723 1036 'fig-urinae
3768 951 4078 1018 ecclesiae
4119 950 4493 1037 pastoribus

2545 1044 2612 1101 et
2653 1036 3042 1117 doctoribus,
3098 1036 3411 1103 fratribus
3454 1045 3521 1103 et
3574 1038 3960 1124 symmystis
4001 1036 4489 1105 colendissimis.

2718 1172 2789 1239 S.
2866 1173 3133 1240 Literas
3187 1180 3464 1253 vestras,
3491 1176 3543 1256 ¹)
3601 1174 4013 1259 integerrimi
4072 1182 4140 1239 et
4195 1174 4490 1259 apprime

2545 1257 2937 1326 observandi
2978 1260 3233 1337 stati-es,
3291 1260 3569 1342 septimo
3603 1260 3797 1325 huius
3830 1260 4074 1326 mensis
4110 1258 4214 1325 die
4256 1261 4489 1344 recepi.

2544 1345 2875 1412 Laborem
2909 1365 3147 1419 meum,
3184 1346 3377 1412 sicuti
3405 1346 3657 1411 sincero
3693 1347 3911 1412 animo
3940 1367 3980 1411 a
4013 1367 4118 1411 me
4152 1353 4493 1428 susceptus

2542 1432 2689 1509 fuit,
2747 1431 2934 1497 vobis
2993 1430 3250 1515 probari
3318 1431 3594 1498 mirifice
3651 1432 3860 1497 laetor
3877 1482 3892 1509 ,
3966 1451 4215 1515 proque
4270 1439 4491 1497 vestro

2544 1516 2671 1582 isto
2713 1515 2996 1582 candore
3031 1526 3096 1582 et
3138 1517 3547 1583 humanitate
3600 1518 3883 1602 gratiam
3930 1518 4160 1584 habeo.
4248 1516 4493 1585 Vestra

2545 1612 2767 1668 autem
2808 1601 3047 1669 fiducia
3086 1601 3248 1667 adeo
3290 1624 3422 1668 non
3467 1602 3793 1686 displicet,
3852 1609 3929 1669 ut
3984 1604 4070 1669 sit
4123 1603 4339 1687 potius
4382 1603 4491 1670 hic

2543 1686 2764 1773 gaudii
2809 1689 3127 1768 cumulus,
3173 1689 3375 1755 libere
3421 1709 3538 1755 vos
3573 1709 3829 1755 mecum
3853 1698 3922 1754 et
3965 1690 4208 1773 absque
4232 1688 4491 1755 dubita-

2543 1776 2738 1851 tione,
2804 1782 2881 1839 ut
2936 1774 3110 1840 inter
3152 1773 3391 1841 fratres
3449 1775 3668 1853 decet,
3731 1796 3990 1841 mecum
4047 1795 4260 1859 agere.
4350 1775 4490 1841 Vos

2545 1881 2797 1944 quoque
2838 1859 3130 1926 vicissim
3174 1861 3338 1925 mihi
3395 1869 3532 1926 tam
3585 1881 3823 1943 aequos
3879 1862 4017 1926 fore
4074 1861 4348 1937 confido,
4394 1869 4486 1938 ut,

2546 1947 2754 2013 sicubi
2797 1967 2836 2011 a
2876 1947 3062 2012 vobis
3106 1945 3521 2026 dissentiam,
3577 1967 3710 2012 non
3756 1946 3947 2013 modo
3990 1947 4257 2013 veniam
4301 1945 4488 2025 detis,

2545 2031 2660 2097 sed
2704 2053 2787 2097 ne
2829 2034 3116 2098 rationes
3161 2033 3421 2116 quidem
3454 2053 3636 2097 meas
3669 2032 3919 2117 placide
3953 2031 4296 2098 admittere
4339 2052 4489 2118 gra-

2546 2117 2813 2183 vemini.
2922 2116 3339 2201 Quamquam
3396 2137 3552 2184 mox
3615 2117 3976 2197 ostendam,
4040 2118 4149 2183 vel
4211 2117 4485 2200 nullum,

2546 2204 2655 2269 vel
2716 2223 3029 2286 perquam
3090 2203 3399 2287 exiguum
3455 2211 3649 2287 atque
3704 2203 3773 2269 id
3815 2205 3888 2268 in
3931 2205 4154 2288 paucis
4197 2211 4264 2270 et
4318 2204 4486 2270 levis

2545 2290 2858 2354 momenti
2933 2289 3253 2373 capitibus
3331 2311 3471 2356 esse
3535 2288 3898 2357 discrimen.
4011 2288 4203 2372 Quod
4268 2302 4488 2356 autem

2546 2384 2766 2441 vestra
2807 2396 3000 2441 sensa
3041 2375 3209 2440 mihi
3256 2376 3349 2442 sic
3406 2386 3740 2460 comperta
3780 2397 3922 2442 esse
3969 2374 4105 2440 dixi
4124 2428 4139 2453 ‚
4199 2384 4277 2440 ut
4322 2375 4491 2441 1111111

2546 2461 2875 2527 contineat
2916 2460 3043 2527 scri
3092 2469 3232 2525 tum
3274 2482 3514 2540 meum,
3573 2462 3706 2528 nisi
3749 2462 3921 2545 quod
3964 2461 4208 2546 singuli
4253 2460 4490 2528 dicturi

2547 2556 2796 2626 essent,
2854 2557 3150 2613 consuto
3204 2546 3377 2614 hanc
3432 2569 3790 2614 consensus
3845 2548 4054 2613 nostri
4112 2548 4492 2613 iactantiam

2549 2632 2856 2698 Ioachimi
2874 2637 2981 2710 ⁴⁸²)
3035 2633 3399 2699 calumniae
3464 2654 3793 2719 opponere
3836 2633 4047 2713 volui,
4108 2633 4189 2700 de
4245 2634 4491 2699 mutuis

2544 2718 2718 2784 inter
2769 2739 2888 2784 nos
2954 2716 3259 2785 dissidiis.
3360 2717 3709 2786 Caeterum
3766 2741 3897 2784 non
3952 2726 4090 2783 tam
4145 2720 4318 2803 apud
4374 2739 4492 2786 vos

2546 2824 2743 2887 quam
2784 2803 3042 2888 publice
3080 2804 3205 2871 hoc
3259 2805 3552 2887 profiteri
3605 2805 3865 2871 animus
3920 2803 4050 2870 fuit
4101 2806 4214 2871 ubi
4270 2813 4491 2872 vestro

2544 2889 2786 2956 iudicio
2828 2889 3143 2974 scriptum
3184 2891 3401 2975 ipsum
3436 2890 3739 2956 limatum
3780 2899 3968 2957 esset.

2716 2974 2794 3040 In
2838 2976 3112 3059 epistola
3152 2995 3320 3059 quae
3355 2977 3649 3060 asperius
3691 2978 3762 3042 in
3786 2976 4178 3043 Ioachimum
4219 2974 4492 3044 videbar

2547 3060 2793 3128 dixisse
2835 3062 3123 3128 correxi:
3144 3063 3203 3139 8)
3262 3083 3384 3129 nec
3426 3062 3781 3147 quidquam
3823 3070 4070 3130 restare
4113 3068 4275 3147 puto
4317 3060 4493 3147 quod

2544 3168 2664 3214 vos
2705 3145 3011 3213 offendat.
3079 3146 3494 3231 Quamquam
3531 3149 3922 3216 nebulonem
3965 3148 4093 3215 alio
4135 3169 4333 3215 sensu
4375 3169 4491 3216 vo·

2545 3253 2848 3299 caveram
2904 3254 3101 3316 quam
3166 3236 3462 3316 putastis.
3564 3235 3794 3319 Neque
3856 3235 4034 3300 enim
4097 3235 4491 3302 sceleratum

2542 3318 2652 3385 vel
2689 3317 3068 3384 furciferum
3110 3319 3439 3400 intellexi,
3484 3320 3599 3387 sed
3615 3371 3631 3398 ,
3690 3329 3768 3386 ut
3807 3320 3986 3404 loqui
4034 3321 4333 3387 solebant
4374 3341 4490 3388 ve-

2542 3413 2745 3485 teres,
2804 3403 2997 3469 nihili
3055 3404 3387 3471 hominem
3403 3457 3420 3485 ‚
3464 3406 3572 3473 vel
3617 3406 4083 3473 tenebrionem.
4169 3405 4492 3491 Expunxi

2542 3511 2800 3575 quoque
2835 3490 3080 3557 bestiae
3105 3511 3347 3556 nomen
3382 3500 3448 3557 et
3469 3492 3642 3576 quod
3674 3492 3894 3560 odiose
3927 3493 4001 3558 in
4035 3493 4173 3558 eius
4206 3492 4493 3577 patriam

2542 3584 2881 3660 totumque
2921 3575 3124 3643 maris
3156 3576 3335 3643 illius
3369 3585 3649 3644 tractum
3685 3577 3895 3644 videri
3926 3586 4185 3663 poterat
4219 3580 4293 3644 in
4326 3577 4489 3647 duo-

2542 3660 2664 3729 bus
2706 3661 2866 3729 locis
2911 3682 2951 3728 a
2991 3682 3099 3727 me
3141 3661 3386 3729 dictum
3432 3684 3593 3730 esse.

2708 3748 2816 3814 De
2855 3747 3121 3814 homine
3174 3755 3397 3814 autem
3449 3750 3593 3832 ipso
3649 3750 3869 3827 miror,
3926 3770 4046 3817 cur
4100 3749 4321 3817 velitis
4365 3771 4489 3817 no-

2539 3853 2694 3900 men
2735 3834 2877 3900 eius
2917 3833 3217 3901 adscribi.
3283 3834 3655 3918 Scripserat
3695 3836 3861 3901 mihi
3900 3836 4313 3902 venerandus
4354 3838 4490 3902 fra-

2541 3926 2645 3985 ter
2686 3931 2924 4000 noster,
2967 3920 3054 3986 D.
3079 3919 3513 4005 Bullinyerus,
3558 3920 3748 3986 aliter
3783 3921 3908 3986 sibi
3950 3921 4176 3988 videri.
4242 3923 4327 3988 In
4362 3922 4490 3989 hae

2542 4005 2870 4072 sententia
2910 4026 3090 4072 nunc
3130 4027 3387 4090 quoque
3428 4026 3678 4073 maneo.
3744 4007 3920 4073 Nam
3962 4015 4032 4073 et
4072 4007 4226 4109 plus
4269 4007 4490 4093 digni-

2542 4091 2697 4156 tatis
2753 4091 2880 4156 erit
2931 4091 3003 4156 in
3057 4111 3291 4160 causae
3334 4093 3723 4159 tractatione
3737 4144 3754 4173 ‚
3814 4094 3870 4157 si
3930 4092 4182 4159 nulhus
4243 4093 4491 4176 privati

2543 4176 2828 4242 hominis
2888 4178 3005 4242 fiat
3066 4197 3375 4261 expressa
3437 4180 3709 4244 mentio:
3777 4189 3844 4244 et
3911 4179 4163 4244 homini
4220 4179 4490 4265 garrulo

2543 4283 2677 4329 non
2719 4271 2907 4328 tanta
2946 4261 3382 4347 respondendi
3423 4265 3674 4331 occasio
3728 4264 3989 4332 dabitur
4003 4316 4020 4344 ‚
4073 4271 4143 4331 et
4199 4272 4494 4350 praestat

2543 4347 2857 4431 quosdam
2898 4349 3097 4415 tacite
3138 4350 3493 4434 perstringi
3537 4350 3650 4433 qui
3708 4357 3865 4417 sunt
3904 4351 3977 4415 in
4021 4349 4221 4418 simili
4266 4371 4487 4429 causa,

2544 4453 2742 4515 quam
2795 4454 3003 4499 unum
3058 4435 3508 4502 adversarium
3564 4434 3864 4519 deligere.
3949 4437 4089 4504 Nec
4146 4457 4304 4502 vero
4345 4445 4491 4502 tan-

2546 4533 2690 4583 tum
2747 4518 3014 4586 honoris
3065 4520 3315 4586 homini
3368 4522 3648 4607 superbo
3703 4522 4080 4589 habendum
4131 4543 4276 4589 esse
4319 4523 4494 4589 arbi·

2546 4614 2701 4685 tror‚
2747 4615 2821 4671 ut
2846 4606 3234 4674 celebretur:
3279 4606 3574 4674 dicerent
3614 4608 3815 4674 etiam
3837 4608 4165 4692 permulti,
4209 4629 4329 4674 nos
4350 4608 4493 4675 levi

2547 4689 2629 4755 de
2670 4710 2871 4758 causa
2911 4692 3116 4760 fnisse
3160 4701 3551 4771 commotos,
3594 4693 3653 4759 si
3686 4694 3887 4760 unius
3930 4703 4187 4760 tantum
4221 4694 4492 4760 obscuri

2547 4775 2831 4844 hominis
2853 4779 3248 4846 accusationi
3276 4780 3596 4845 actionem
3631 4788 3926 4846 nostram
3948 4780 4250 4849 viderent
4282 4801 4489 4865 oppo-

2549 5034 2809 5103 20421)
2846 5036 2921 5091 N.
2952 5034 3107 5090 2034.

2749 5105 2809 5172 2)
2844 5103 3409 5173 Damonem-asp.
3453 5119 3503 5160 v.
3543 5104 3966 5176 Henryp.307
4009 5106 4494 5179 08³1qu

2539 5172 2808 5370 2243)
2851 5242 2935 5310 Of.
2988 5256 3126 5312 quae
3189 5241 3506 5298 Tur-ianm
3558 5242 4014 5314 reprehenderunt
4075 5260 4194 5302 cum
4249 5243 4495 5301 editione
