4850 6200
334 426 448 492 621

333 614 441 683 <³¹
476 614 834 754 mma
854 614 1022 738 aa·
1054 615 1411 739 &aar
1449 614 2062 751 ”·...1¹‘¹v¹31²33¹3“·
2101 616 2277 671 Μ·

639 723 652 736 .
1006 724 1019 737 .
1206 725 1221 739 .
1365 726 1377 738 .
1417 715 1481 726 -·
1689 704 1719 739 1¹
1979 725 1992 741 ο

497 870 666 937 Viro
700 871 1177 938 humanissimo
1220 871 1591 941 eruditione
1635 884 1704 940 et
1744 874 1992 959 pietate
2036 876 2283 960 insigni

330 956 414 1022 D.
473 957 840 1024 Heinricho
894 958 1314 1044 Bullingero,
1382 961 1694 1027 ecclesiae
1747 962 2105 1046 'ligurinae
2162 982 2282 1026 an-

332 1044 526 1109 tistiti
578 1042 761 1109 fideli
816 1051 885 1109 et
939 1044 1251 1128 prudenti
1307 1045 1573 1112 domino
1626 1055 1693 1113 et
1749 1048 1959 1113 amico
2015 1068 2134 1113 suo
2177 1069 2282 1114 re-

333 1137 638 1196 verenter
678 1129 1102 1197 observando.
1846 1219 1900 1284 Ζ
1985 1219 2000 1234 ⁶
2041 1219 2091 1284 h

1901 1241 2041 1287 urio
2093 1269 2108 1284 .

499 1384 571 1451 S.
609 1386 695 1452 D.
732 1396 802 1453 et
842 1409 914 1455 se
947 1389 1382 1455 commendat.
1448 1390 1676 1457 Habes
1710 1412 1904 1475 quem
1938 1400 2283 1476 tantopere

326 1493 367 1537 a
408 1491 518 1536 me
562 1473 809 1555 petiisti
863 1473 1180 1553 libellum,
1216 1474 1268 1562 ¹)
1327 1476 1689 1544 clarissime
1734 1488 1801 1542 et
1852 1478 2021 1543 mihi
2079 1478 2281 1544 caris-

326 1559 490 1624 sime
535 1557 927 1645 Bullinyere.
1017 1561 1278 1627 Tardus
1335 1562 1419 1628 ad
1461 1584 1570 1629 me
1613 1563 2023 1648 campidona
2065 1563 2279 1641 rediit,

326 1654 470 1708 tum
515 1643 690 1709 tardi
734 1666 878 1712 sese
912 1646 1200 1712 offerunt
1233 1650 1459 1715 nuncii
1505 1651 1666 1716 certi
1709 1660 1779 1716 et
1816 1650 2070 1715 fideles:
2120 1649 2280 1715 alio-

326 1731 439 1814 qui
497 1730 755 1814 pridem
817 1733 1192 1816 accepisses.
1282 1733 1808 1819 Westphalicum
1877 1734 2047 1801 illud
2110 1735 2280 1801 iudi-

324 1818 531 1895 cium,
694 1839 731 1881 r
808 1839 1068 1884 omnem
1148 1820 1581 1887 Germaniam
1659 1832 1725 1887 et
1789 1821 2280 1905 westphaliam

323 1902 537 1985 ipsam
580 1924 620 1968 a
704 1904 895 1969 litum
940 1913 1007 1971 et
1049 1905 1488 1985 obliteratum,
1532 1908 1906 1974 instaurare
1943 1908 2131 1973 nobis
2166 1906 2281 1972 ad-

323 2008 530 2072 eoque
572 1991 975 2072 postliminio
1032 1994 1378 2058 restituere
1431 1993 1804 2059 carnalibus
1859 2014 1933 2059 ac
1987 1994 2282 2059 cruentis

323 2076 463 2141 suis
518 2077 781 2160 scriptis
839 2078 1022 2143 visus
1076 2088 1176 2144 est
1233 2079 1421 2145 nobis
1464 2079 1637 2145 velle
1694 2078 2093 2161 Westphalus
2147 2079 2279 2145 ille.

321 2160 387 2225 N
390 2182 498 2226 am
531 2162 890 2245 importuni
915 2164 1180 2247 quidam
1216 2174 1555 2245 stentores,
1594 2186 1710 2231 seu
1734 2166 1990 2231 rixosos
2025 2166 2281 2249 sophis-

321 2260 426 2312 tas
470 2246 736 2325 dixeris,
782 2258 956 2315 certe
1000 2251 1478 2317 conviciatores
1519 2253 1737 2334 potius
1782 2251 2040 2317 dicendi
2085 2273 2278 2336 quam

321 2333 835 2414 concionatores,
874 2356 955 2401 ex
981 2334 1296 2401 Saxoniis
1331 2338 1748 2421 prodeuntes,
1785 2338 1985 2404 huius
2020 2338 2280 2421 scriptis

320 2419 580 2498 imbuti,
623 2421 729 2484 vel
764 2423 974 2506 magis
1020 2422 1245 2487 infecti
1281 2435 1348 2487 et
1390 2424 1620 2503 inflati,
1658 2422 1845 2489 Deus
1879 2424 2068 2503 bone,
2115 2445 2280 2507 quas

320 2504 512 2570 nobis
555 2506 785 2571 turbas
820 2517 1108 2587 movent,
1154 2509 1462 2575 ecclesias
1496 2510 1888 2593 perturbant
1919 2520 2279 2595 pacataque

322 2589 663 2674 dissipant.
731 2592 948 2658 Testis
993 2603 1094 2659 est
1136 2600 1444 2679 Augusta
1488 2597 1631 2679 ipsa
1673 2618 1821 2663 cum
1868 2596 2281 2680 Campidona

320 2684 389 2742 et
468 2676 968 2763 Ravenspurgo.
1058 2678 1419 2764 Speramus
1503 2692 1724 2748 tamen
1802 2683 2278 2766 tranquilliora,

321 2784 527 2847 quum
585 2763 929 2830 videamus
984 2767 1298 2848 quosdam
1357 2769 1659 2833 nonnihil
1703 2770 1997 2834 mitiores
2043 2789 2279 2852 aequa·

318 2849 765 2934 nimioresque
820 2850 1111 2917 redditos
1166 2855 1408 2936 scripto
1466 2855 1575 2937 pio
1631 2854 1820 2920 docto
1874 2853 2169 2920 modesto
2213 2863 2282 2919 et

319 2934 529 3000 solido
574 2936 660 3002 D.
711 2936 981 3017 Calvini,
1045 2938 1177 3003 viri
1234 2939 1325 3022 pii
1386 2939 1559 3006 docti
1617 2941 1894 3006 modesti
1950 2950 2015 3006 et
2066 2941 2279 3021 solidi,

317 3021 494 3105 quod
538 3023 729 3087 multi
772 3024 867 3108 pii
906 3026 1197 3089 ministri
1242 3033 1309 3090 et
1352 3027 1465 3091 alii
1508 3027 1747 3093 sinceri
1793 3036 1859 3092 et
1901 3036 2279 3093 constantes

315 3108 392 3172 in
458 3108 754 3193 linguam
835 3113 1282 3195 germanicam
1347 3134 1604 3198 quoque
1668 3135 1933 3181 versum
2002 3115 2279 3198 cupiunt

315 3193 768 3276 vehementer,
820 3218 1019 3280 quum
1066 3198 1334 3264 videant
1376 3198 1866 3284 Westphalicos
1910 3222 1950 3266 a
1991 3201 2276 3266 Nurem·

314 3278 626 3367 bergensi
662 3281 940 3365 quodam
968 3284 1273 3350 ministro
1307 3286 1381 3350 in
1464 3288 1866 3353 ermanicam
1904 3287 2273 3353 translatos.

314 3366 508 3451 Rogo
571 3368 809 3453 igitur,
877 3369 1355 3436 humanissime
1487 3373 1811 3473 ullinqere,
1877 3381 1953 3439 ut
2017 3375 2087 3438 in
2152 3373 2277 3440 hac

314 3474 575 3538 quoque
616 3475 690 3519 re
728 3455 1043 3522 fratribus
1077 3458 1223 3540 piis,
1267 3458 1400 3523 imo
1441 3460 1732 3525 ecclesus
1775 3460 2020 3526 sanctis
2063 3461 2273 3525 inser·

313 3540 460 3606 vire
500 3540 696 3618 velis,
745 3548 813 3606 et
866 3541 937 3607 in
995 3543 1118 3609 hoc
1162 3544 1572 3624 incumbere,
1639 3557 1714 3610 ut
1770 3546 2136 3631 simplicem
2193 3545 2274 3612 de

315 3626 721 3694 eucharistia
777 3630 1154 3708 veritatem,
1216 3630 1373 3696 olim
1417 3632 1671 3697 Christi
1726 3633 1948 3698 verbis
2007 3633 2271 3697 institu-

313 3712 495 3778 tione
541 3721 610 3778 et
652 3714 893 3798 spiritu
938 3714 1215 3794 doctam,
1263 3739 1440 3782 nunc
1484 3724 1793 3784 testatam
1829 3738 1905 3783 ac
1941 3717 2273 3783 adsertam

315 3800 595 3865 audiant
636 3810 704 3864 et
743 3802 1231 3867 confirmentur.
1282 3839 1878 3851 —————

490 3884 661 3951 Vale
705 3893 775 3951 et
815 3889 987 3965 vive,
1033 3888 1332 3971 pristinis
1372 3891 1775 3974 recuperatis
1819 3889 1939 3956 Dei
1984 3888 2274 3955 bonitate

314 3971 594 4050 viribus,
639 3993 793 4037 cum
837 3972 972 4038 tuis
1014 3973 1317 4039 omnibus
1360 3974 1655 4053 feliciter,
1700 3984 1770 4041 et
1812 3997 1971 4042 cura
2012 3984 2092 4041 ut
2131 3975 2274 4042 Gal-

313 4059 503 4124 vimas
547 4056 739 4123 nobis
784 4059 1142 4125 Germanis
1185 4059 1505 4144 loquatur.
1593 4062 1764 4126 Vale
1815 4064 2074 4128 iterum.
2162 4062 2271 4126 Ex

312 4143 729 4230 Memminga
772 4147 861 4229 xj.
904 4145 1232 4212 Kalendis
1266 4146 1441 4211 Iunii
1487 4167 1660 4213 anno
1683 4147 1939 4214 Christi
1975 4146 2268 4214 MDLV.

1011 4283 1192 4348 'Duae
1234 4283 1695 4351 Humanitatis
1738 4284 2183 4352 deditissimus

1138 4370 1683 4437 Bartholomaeus
1726 4372 2086 4437 Bertlinus.

318 4641 590 4707 ml)
630 4640 812 4697 Errat
861 4641 1126 4698 &wilerus
1171 4647 1269 4714 qui
1321 4644 1411 4700 Me
1465 4644 1563 4700 We
1648 4645 1770 4699 hali
1823 4644 2040 4702 Iustam
2086 4645 2268 4713 defen·

317 4714 519 4767 m
553 4711 930 4781 mipace.
1016 4710 1157 4767 Vide
1192 4715 1384 4781 potius
1417 4712 1498 4770 N.
1538 4713 1602 4767 21
1674 4754 1688 4768 .
1736 4742 1801 4753 —-
1854 4714 2104 4771 collectio
2148 4731 2267 4771 een·

317 4782 612 4837 unum
646 4780 954 4850 Aaou&
982 4796 1051 4835 m.
1093 4780 1239 4851 Sept.
1270 4781 1409 4837 1554
1443 4784 1652 4852 scripta
1684 4789 1737 4837 et
1771 4782 1908 4838 1555
1930 4784 2269 4841 Batisbonae

316 4851 581 4920 hpresm
616 4850 744 4916 fuit,
781 4848 945 4905 Iusta
979 4849 1246 4916 Defensio
1280 4868 1350 4906 m.
1387 4852 1601 4907 demum
1638 4851 1801 4908 Iulio.

1086 5132 1251 5139 *-

2138 432 2301 493 1555
2339 425 2537 493 MAI.

4215 432 4341 497 622

3268 616 3469 686 2209.

2834 786 3363 854 ZERKINTES
3422 788 3860 854 CALVINO.

2910 965 2981 1024 ut
3042 981 3182 1025 eum
3245 967 3460 1026 eontra
3520 961 4004 1028 calumniatores
4069 964 4341 1047 adiuvet,

2386 1048 2638 1128 exponit
2695 1047 2851 1129 quid
2913 1047 3037 1111 sibi
3098 1048 3164 1111 in
3220 1047 3330 1113 hoc
3388 1048 3633 1131 neqotio
3692 1048 3990 1131 optimum
4033 1051 4341 1133 videatur,

2384 1132 2541 1283 ἔπιέ
2579 1132 2857 1283 sign-sihi
2920 1133 3174 1212 dederit,
3241 1138 3298 1197 et
3360 1134 3517 1216 quid
3571 1134 3981 1216 potissimum
4044 1142 4339 1218 appeten-

2677 1390 2788 1457 (ΕΙ
2824 1390 3163 1459 autographo
3197 1390 3333 1444 Cod-
3371 1390 3575 1445 Genev.
3616 1390 3732 1454 114,
3765 1392 3858 1446 fol.
3897 1390 4045 1459 108.)

2384 1558 2624 1624 Ioanni
2681 1558 2959 1624 Calvino
3027 1561 3442 1627 Genevensis
3523 1563 3835 1629 ecclesiae
3900 1566 4202 1631 ministro
4266 1569 4338 1632 in

2383 1644 2634 1710 Christi
2683 1644 2836 1712 Iesu
2895 1647 3237 1730 evangelio
3292 1648 3400 1712 lon
3450 1669 3486 1712 e
3529 1650 4093 1731 praestantissimo
4148 1653 4338 1718 fratri

3064 1733 3383 1799 observan
3432 1756 3470 1799 o
3515 1756 3659 1801 suo,

2556 1904 2799 1987 Accepi
2844 1907 3063 1970 animo
3108 1907 3483 1990 gratissimo
3529 1908 4032 1972 commentarios
4076 1916 4223 1974 tuos
4265 1912 4336 1976 in

2385 1989 2723 2068 Genesim,
2774 1990 3031 2055 Oabvine
3072 1994 3278 2057 frater
3320 1994 3391 2056 in
3436 1993 3724 2058 Domino
3768 1995 4161 2073 venerande,
4220 1996 4334 2061 sed

2385 2076 2510 2141 hac
2553 2076 2922 2142 conditione
2981 2088 3051 2140 ut
3108 2080 3396 2160 pretium
3451 2100 3787 2144 numerem
3835 2101 4034 2162 quum
4089 2082 4336 2148 indica-

2385 2163 2578 2228 veris.
2648 2164 2789 2227 'Puo
2825 2165 3001 2228 enim
3046 2175 3317 2248 sumptu
3351 2186 3565 2229 meam
3603 2187 3839 2230 ornare
3873 2165 4338 2234 bibliothecam

2386 2247 2567 2313 haud
2624 2250 2844 2313 statui.
2936 2249 3289 2315 Caeterum
3344 2250 3514 2333 quod
3572 2253 3771 2333 petis,
3828 2262 3905 2315 ut
3963 2254 4229 2319 consilio
4269 2263 4339 2319 et

2383 2353 2586 2417 opera
2642 2344 2708 2399 te
2766 2337 2988 2401 iuvem
3048 2336 3364 2401 adversus
3405 2337 3905 2402 calumniatores
3962 2338 4111 2405 illos
4169 2350 4336 2420 tuos,

2384 2442 2521 2485 non
2566 2423 2723 2486 satis
2759 2424 2901 2504 paci
2938 2430 3003 2486 et
3037 2422 3501 2504 tranquillitati
3536 2423 3960 2489 ecclesiarum
3997 2427 4333 2509 propitios,

2383 2507 2681 2572 fecissem
2729 2507 3026 2590 equidem
3072 2508 3486 2591 perlibenter,
3535 2531 3668 2574 non
3712 2530 4104 2593 quemquam
4149 2533 4337 2578 ever-

2384 2593 2566 2657 tendi
2629 2595 2960 2677 proposito
3028 2595 3227 2677 (quod
3291 2606 3363 2659 tu
3427 2616 3561 2659 non
3628 2596 3882 2678 expetis
3947 2597 4150 2678 ipse),
4218 2599 4333 2663 sed

2381 2678 2600 2744 studio
2647 2679 3019 2745 dulcissimo
3063 2689 3131 2743 et
3174 2702 3511 2764 nunquam
3553 2682 3754 2746 nimis
3806 2682 3874 2744 in
3923 2680 4175 2747 Christi
4219 2705 4332 2766 po-

2380 2764 2534 2849 pulo
2592 2767 2934 2830 affectatae
2990 2769 3187 2850 pacis.
3278 2768 3528 2831 Verum
3588 2768 3764 2832 enim
3819 2787 3979 2831 vero
4023 2769 4174 2832 boni
4231 2769 4326 2832 illi

2380 2851 2618 2917 fratres
2661 2871 2701 2914 a
2744 2860 2810 2916 te
2850 2852 3036 2917 missi
3072 2853 3120 2935 ¹)
3166 2853 3291 2918 visi
3338 2861 3496 2918 sunt
3531 2874 3661 2918 non
3709 2862 3844 2916 tam
3887 2853 4228 2919 consilium
4265 2864 4333 2919 et

2378 2958 2642 3020 operam
2688 2939 3072 3020 cuiusquam
3109 2959 3304 3020 quam
3350 2939 3454 3003 sui
3497 2938 3751 3004 consilii
3797 2940 4330 3021 approbationem

2380 3024 2703 3111 flagitare.
2792 3024 3021 3108 Neque
3081 3024 3536 3109 expenderunt
3600 3025 3760 3090 satis
3824 3023 3985 3108 quid
4050 3025 4333 3091 obtineri

2377 3119 2614 3195 posset,
2673 3110 2788 3177 sed
2832 3113 2954 3175 toti
2997 3112 3072 3175 in
3115 3133 3191 3177 eo
3234 3113 3418 3177 fuere
3474 3112 3774 3195 occupati
3818 3110 3992 3194 quod
4036 3112 4331 3178 obtinere

2377 3207 2726 3283 cuperent,
2805 3198 3222 3263 immemores
3290 3198 3469 3263 illius
3534 3198 3980 3264 Ciceroniaui:
4064 3219 4331 3282 operam

2375 3284 2605 3351 ludere
2670 3304 2781 3350 eos
2846 3285 2957 3368 qui
3023 3306 3063 3349 a
3124 3284 3379 3350 civibus
3443 3285 3642 3349 etiam
3723 3284 3862 3349 suis
3928 3282 4333 3350 contendant

2378 3370 2554 3454 quod
2596 3370 2890 3436 obtinere
2934 3392 3006 3436 se
3050 3391 3239 3453 posse
3283 3369 3602 3435 diffidant.
3671 3370 3822 3434 Toti
3864 3371 3932 3433 in
3968 3369 4096 3437 hoc
4140 3378 4332 3435 erant

2379 3465 2454 3522 ut
2486 3467 2755 3523 senatus
2789 3455 3000 3522 edicto
3038 3477 3208 3521 novo
3242 3457 3579 3540 mitigaret
3611 3455 3852 3539 prioris
3887 3455 4328 3536 acerbitatem,

2374 3542 2574 3626 idque
2615 3550 2751 3607 tam
2786 3551 3009 3625 aperte
3053 3552 3128 3606 ut
3163 3543 3299 3608 suis
3334 3543 3588 3626 copiam
3630 3543 3876 3607 faceret
3917 3540 4122 3608 libere
4155 3552 4333 3609 trac·

2376 3629 2564 3694 tandi
2596 3628 3216 3713 praedestinationis
3252 3634 3736 3713 argumentum,
3782 3627 4035 3711 placide
4079 3627 4144 3693 id
4183 3629 4329 3712 qui-

2377 3714 2529 3780 dem
2573 3724 2641 3780 et
2683 3716 2824 3780 sine
2868 3715 3252 3796 cuiusquam
3298 3715 3742 3793 insectatione,
3799 3721 3866 3778 et
3910 3713 4329 3796 quemadmo-

2378 3800 2536 3866 dum
2600 3802 2918 3866 hactenus
2973 3802 3044 3865 in
3103 3800 3392 3867 ecclesiis
3435 3801 3799 3865 Bernatum
3860 3809 3928 3862 et
3972 3799 4329 3865 Geneven-

2377 3887 2552 3952 sium
2585 3908 2906 3954 consensu
2943 3889 3251 3964 maximO,
3299 3886 3727 3969 disputationi
3772 3895 3842 3950 et
3883 3885 4328 3951 reformationi

2376 3981 2603 4039 tamen
2647 3995 2789 4039 sese
2833 3973 3329 4047 conformantes,
3369 3973 3658 4037 ministri
3701 3973 3844 4036 sine
3878 3973 4330 4037 controversia

2374 4061 2448 4124 in
2493 4061 2878 4126 tractatione
2922 4059 3064 4123 eius
3120 4059 3495 4142 argumenti
3553 4057 3807 4141 publice
3851 4056 4080 4122 docere
4122 4078 4327 4140 popu-

2374 4145 2513 4209 lum
2558 4145 3070 4211 consuevissent.
3151 4144 3333 4228 Ego,
3391 4145 3503 4227 qui
3547 4142 3851 4209 videbam
3908 4142 4031 4208 hoc
4086 4152 4326 4207 utcun-

2373 4252 2500 4313 que
2546 4230 3004 4314 disputationis
3048 4241 3114 4294 et
3169 4229 3652 4295 reformationis
3695 4230 4025 4294 mentione
4082 4229 4326 4312 plausi-

2374 4316 2505 4381 bile
2546 4317 2911 4396 consilium,
2955 4316 3021 4381 id
3068 4327 3286 4381 tamen
3332 4337 3570 4401 urgere
3614 4324 3692 4379 ut
3733 4321 4003 4381 senatus
4039 4314 4122 4379 ad
4165 4315 4325 4380 taci-

2373 4411 2509 4467 tam
2564 4401 2892 4486 quandam
2951 4401 3430 4467 confessionem
3488 4410 3557 4467 et
3613 4421 3955 4467 assensum
4002 4399 4324 4485 dogmatis

2373 4487 2455 4552 de
2499 4488 3094 4572 praedestinatione
3137 4487 3624 4572 perduceretur,
3679 4485 3914 4552 deinde
3958 4485 4220 4551 obtrudi
4265 4486 4325 4550 ei

2371 4745 2564 4799 220⁹.
2586 4745 2643 4812 1)
2684 4744 3021 4812 Ohauvetus,
3068 4743 3362 4799 Macarius
3406 4751 3457 4798 et
3508 4742 3584 4796 GL
3634 4743 3951 4798 Melinum
4003 4742 4152 4810 (vide
4208 4758 4316 4812 seq.

2370 4817 2497 4884 ομ).
2564 4814 2642 4869 In
2676 4814 2776 4869 hoe
2808 4815 3011 4882 empto
3044 4819 3108 4868 ut
3139 4819 3190 4868 et
3223 4816 3286 4867 in
3314 4811 3564 4881 praeced.
3604 4812 3679 4867 N.
3717 4811 3869 4866 2104.
3951 4811 4232 4867 Zerkintee
4267 4826 4325 4864 ee

2368 4886 2549 4966 viram
2575 4889 2829 4953 praestat
2861 4884 2995 4965 aaa(
3020 4888 3072 4935 et
3100 4881 3374 4965 podera&
3416 4880 3614 4935 iudicii
3645 4886 3709 4936 ut
3750 4882 3929 4961 moade
3972 4896 4087 4937 noa
4126 4880 4319 4961 possit.

2368 4951 2574 5090 legatos
2619 4953 2956 5076 gaggam&
2999 5036 3146 5075 mae
3166 4949 3400 5073 ez'mug
3443 4949 4325 5087 Bernameoepssst‘effeeeigaae

2369 5093 2484 5145 ian
2517 5092 2705 5145 statim
2731 5094 2860 5159 post
2879 5089 3105 5150 Nonam
3142 5106 3179 5141 n
3345 5089 3529 5154 ipsum
3568 5086 3858 5141 edvinus·
3892 5090 3966 5142 iis
3988 5102 4045 5143 ee
4078 5089 4320 5142 comitem

2370 5157 3061 5214 mammantes-111
3270 5169 3380 5223 .p.
3416 5153 3606 5209 296&
3649 5155 3895 5211 stechel
3921 5155 4136 5226 22⁰⁶.
4206 5154 4324 5211 Hic

2372 5234 2557 5284 tamen
2589 5228 2790 5298 allegat
3113 5248 3130 5277 .-
3164 5224 3497 5279 Instruction
3533 5229 3591 5278 et
3626 5224 3836 5294 charge
3871 5224 3904 5279 ὲ
3938 5225 4032 5296 Sp.
4074 5224 4149 5279 M.
4185 5225 4321 5279 Ieau

2371 5297 2561 5380 Calvia
2605 5304 2731 5422 eiga
2749 5297 2813 5420 εἰ..
2848 5294 3038 5418 (11.55Ξ2.
3089 5294 3242 5349 Maii
3280 5309 3347 5347 etr
3395 5293 3618 5348 Archiv.
3665 5292 3833 5347 Rem.
3869 5294 3965 5348 VI.
4001 5293 4108 5348 435
4156 5309 4321 5363 quam
