4850 6200
390 393 503 457 385
2087 398 2249 461 1555
2289 395 2673 465 ῙΔΝΠΔΒ.
4256 403 4383 467 386

1252 579 1455 652 ioess.
3306 585 3512 657 2⁰8⁹.

511 730 985 801 CALVINUS
1052 732 1571 904 MJPIEINS'SPIIBISS
1588 734 2198 805 ARGEN'I'ORA·
2899 738 3371 808 OALVINUS
3415 742 3906 809 VERMILIO.

553 1007 851 1075 Primum
892 1012 1144 1091 questu-s
1184 1028 1250 1074 se
1303 1007 1383 1073 ab
1436 1008 1568 1076 abis
1621 1010 1953 1094 neglectum
2008 1011 2227 1093 faisse,
2272 1017 2326 1077 et

383 1116 565 1170 sumn
616 1117 763 1177 crya
824 1114 927 1161 eos
980 1092 1749 1161 mentehznonmutatam
1804 1097 2327 1181 testeduSDefen-

382 1184 580 1256 sionis
618 1181 894 1248 libellum
935 1181 1023 1245 iis
1063 1180 1251 1245 mittit
1291 1185 1347 1245 et
1387 1182 1784 1248 commendat.

383 1364 656 1428 (Antogra
693 1356 804 1409 11011
838 1354 955 1407 0100
989 1352 1343 1423 inscriptione
1378 1358 1436 1406 01
1469 1354 1868 1424 subscriptione
1897 1360 2081 1409 exstat
2115 1355 2172 1409 in
2196 1354 2328 1409 Ood.

383 1431 583 1486 Genev.
622 1427 653 1478 1
725 1436 766 1476 ο,
812 1423 902 1477 fol.
938 1422 1024 1477 91.
1091 1422 1300 1476 Ibidem
1345 1421 1440 1476 fol.
1484 1421 1555 1477 93
1589 1440 1640 1476 v.
1689 1428 1774 1477 001
1819 1423 2106 1478 1011νί11001
2150 1440 2328 1478 exem-

384 1500 518 1570 plar,
569 1495 698 1549 Cod.
751 1490 868 1559 108,
919 1492 1013 1545 fol.
1058 1490 1128 1546 83
1174 1491 1470 1557 Turretiui‚
1521 1492 1738 1545 Bernae
1790 1492 1932 1562 Epp.
1971 1492 2065 1547 VI.
2117 1509 2169 1561 p.
2223 1491 2328 1548 369

383 1571 653 1637 quartum,
688 1562 934 1633 quintum
970 1562 1026 1614 in
1048 1561 1179 1616 Cod.
1202 1559 1274 1615 84
1305 1561 1641 1615 Simleriano.
1711 1561 2026 1616 versionem
2062 1562 2327 1631 anglicam

897 1631 1126 1699 praebet
1158 1629 1261 1684 Ed.
1294 1628 1505 1683 Philad.
1540 1630 1636 1685 111.
1674 1628 1817 1699 116.)

554 1805 624 1871 S.
675 1804 1068 1886 Quanquam
1111 1804 1185 1866 in
1219 1801 1404 1868 vobis
1438 1822 1651 1885 nuper
1692 1802 1786 1867 fui
1826 1800 2152 1883 deceptus,
2197 1822 2329 1868 non

383 1906 607 1963 tamen
653 1901 720 1955 et
763 1910 878 1955 vos
933 1908 1154 1954 amare
1208 1898 1274 1953 et
1330 1895 1626 1954 sanctam
1670 1888 2007 1954 vobiscum
2049 1909 2333 1971 vereque

382 1985 744 2050 staternam
802 1974 1331 2040 coniunctionem
1391 1983 1695 2056 expetere
1754 1973 2009 2052 desino,
2068 1984 2135 2039 et
2187 1974 2327 2058 qui-

381 2070 531 2136 dem
574 2083 720 2128 eam
755 2060 838 2127 ad
874 2072 1244 2126 extremum
1278 2080 1483 2143 usque
1519 2060 1738 2127 fovere
1781 2059 2072 2139 studebo,
2117 2057 2331 2143 quoad

377 2157 446 2221 in
506 2172 614 2216 me
672 2149 812 2214 erit.
903 2144 1095 2228 Quod
1149 2166 1257 2211 me
1315 2146 1658 2228 deceptum
1712 2145 1917 2210 fuisse
1974 2166 2334 2230 conqueror

379 2240 621 2321 absque
658 2233 992 2300 stomacho
1029 2232 1278 2297 dictum
1313 2231 1606 2315 accipite.
1647 2231 1846 2321 ¹Nam
1883 2252 2087 2314 quum
2124 2252 2334 2315 nuper

376 2327 463 2393 D.
514 2319 890 2403 Mamaekio
945 2319 1039 2382 ita
1095 2318 1505 2401 scripsissem
1537 2322 1590 2403 ¹)
1647 2328 1722 2383 ut
1779 2315 1966 2383 vobis
2028 2319 2332 2383 omnibus

379 2427 762 2477 communes
807 2416 1028 2471 essent
1084 2404 1334 2480 literae,
1393 2425 1526 2469 000
1584 2403 1895 2489 indignus
1938 2403 2103 2467 mihi
2149 2403 2332 2469 vide·

378 2499 500 2565 bar
533 2497 638 2561 0111
685 2512 1072 2575 responsum
1117 2487 1378 2573 aliquod
1412 2488 1697 2555 daretur.
1768 2489 1972 2570 Atqui
2014 2510 2097 2554 ne
2131 2488 2334 2554 verbo

377 2581 643 2669 quidem
689 2599 796 2643 me
850 2576 1138 2642 salutare
1182 2576 1531 2660 quisquam
1578 2575 1884 2659 dignatus
1928 2582 2045 2639 est.
2134 2573 2331 2640 Certe

376 2691 514 2737 non
559 2668 652 2731 ita
694 2664 869 2728 inter
892 2684 1011 2728 vos
1054 2681 1204 2727 sum
1226 2670 1528 2728 versatus
1563 2670 1638 2726 ut
1671 2660 2001 2725 contemni
2038 2660 2332 2737 debeam,

377 2755 626 2824 nedum
707 2748 1175 2814 contumeliose
1251 2747 1452 2813 reiici.
1565 2747 1790 2830 Neque
1869 2755 2090 2811 tamen
2170 2747 2332 2813 11000

378 2834 880 2911 offensiuncula,
937 2833 1092 2900 licet
1146 2835 1437 2898 animum
1484 2853 1703 2899 meum
1762 2831 1997 2898 leviter
2042 2853 2331 2917 pupuge-

377 2931 486 3003 rit,
554 2922 720 2989 mihi
780 2919 1191 2985 alienationis
1248 2919 1375 2983 erit
1440 2939 1636 2986 causa
1698 2918 1858 3000 quin
1916 2938 2034 2982 vos
2091 2938 2331 2997 amaro,

379 3013 593 3081 colere
636 3007 809 3073 bona
843 3005 971 3072 fide
1006 3025 1296 3089 pergam,
1341 3006 1500 3089 quin
1535 3005 1736 3070 etiam
1770 3003 2057 3070 vicissim
2091 3002 2334 3069 fiducia

376 3109 640 3168 vestrae
683 3113 844 3177 erga
889 3113 992 3157 me
1039 3089 1534 3158 benevolentiae
1572 3090 1798 3168 fretus,
1843 3091 1998 3175 quia
2039 3101 2330 3156 nostram

378 3188 462 3253 de
498 3180 930 3249 sacramentis
952 3178 1314 3244 doctrinam
1348 3177 1709 3242 turbulenti
1744 3176 2008 3261 quidam
2036 3176 2332 3242 homines

515 3267 754 3340 011001,
820 3263 1086 3329 brevem
1141 3265 1284 3329 eius
1339 3263 1842 3346 explicationem
1900 3283 2076 3328 nunc
2134 3285 2174 3329 a
2225 3283 2331 3328 me

377 3359 628 3424 editam
683 3350 874 3416 vobis
930 3350 1131 3415 offero
1149 3399 1164 3426 ‚
1224 3360 1300 3413 ut
1352 3351 1407 3414 si
1455 3358 1671 3415 vestro
1727 3347 1965 3414 iudicio
2020 3347 2331 3431 probetur

375 3444 588 3510 maior
654 3436 737 3502 ad
803 3447 1098 3501 nostram
1161 3434 1515 3502 amicitiam
1576 3434 1985 3500 confirmatio
2048 3433 2328 3500 accedat.

376 3525 708 3613 Equidem
762 3520 928 3586 mihi
987 3520 1171 3587 nefas
1227 3541 1370 3586 0000
1428 3521 1707 3587 arbitror
1767 3519 1849 3584 ab
1903 3541 1982 3585 ea
2041 3519 2329 3598 ecclesia,

380 3619 566 3682 cuius
622 3609 781 3675 olim
839 3608 934 3672 fui
975 3608 1308 3683 minister,
1363 3605 1821 3672 discessionem
1877 3606 2106 3671 facere.
2195 3606 2331 3671 Ita-

377 3722 510 3785 que
552 3694 728 3781 quod
786 3694 935 3760 istic
992 3713 1249 3775 semper
1301 3693 1589 3777 ingenue
1631 3691 1991 3776 professus,
2050 3705 2117 3756 et
2158 3690 2331 3774 quod

378 3785 633 3854 sanctis
676 3780 926 3846 Christi
983 3780 1190 3845 servis
1238 3776 1528 3862 Capitoni
1570 3793 1637 3845 01
1678 3777 1930 3845 Bucero
1985 3777 2329 3861 probatum

378 3872 524 3950 fnit,
569 3871 644 3934 in
688 3867 813 3932 hoc
855 3885 1114 3948 quoque
1157 3864 1400 3948 scripto
1444 3866 1696 3931 sincere
1741 3862 2119 3946 complexus
2163 3885 2328 3941 sum,

380 3966 449 4025 et
491 3976 643 4023 eam
686 3948 1200 4018 moderationem
1257 3951 1444 4016 tenui
1490 3972 1657 4034 quae
1701 3958 1957 4016 vestrae
1997 3949 2328 4031 aequitati,

378 4044 512 4110 nisi
569 4038 789 4114 fallor,
847 4037 1221 4103 satisfaciat.
1310 4036 1458 4102 Hoc
1512 4056 1704 4120 porro
1763 4055 1989 4101 meum
2044 4035 2330 4100 officium

374 4133 433 4197 si
489 4125 682 4193 vobis
736 4121 1097 4188 iucundum
1157 4122 1358 4187 fuisse
1413 4120 1821 4198 intellexero,
1881 4122 2007 4186 erit
2050 4129 2123 4184 ut
2166 4120 2330 4185 mihi

497 4212 695 4279 tuler.
785 4208 1054 4286 Valete,
1120 4208 1346 4273 eximii
1410 4208 1538 4272 viri
1604 4218 1671 4271 et
1737 4206 1899 4271 mihi
1963 4227 2049 4272 ex
2112 4207 2331 4272 animo

374 4236 749 4368 morandi
812 4294 1069 4360 fratres.
1172 4293 1499 4358 Dominus
1563 4293 1752 4359 vobis
1817 4312 2076 4375 semper
2140 4291 2327 4370 adsit,

372 4408 494 4453 vos
536 4384 866 4470 gubernet
908 4400 1029 4445 suo
1073 4380 1312 4462 spiritu
1344 4389 1731 4461 vestrosque
1765 4380 1908 4462 pios
1951 4389 2222 4444 conatus
2262 4387 2329 4442 et

499 4472 776 4538 vitatem
835 4487 964 4549 qua
1021 4487 1232 4549 nuper
1287 4486 1547 4531 summa
1589 4487 1737 4531 cum
1788 4463 1982 4530 laude
2024 4465 2128 4530 usi
2170 4466 2330 4530 estis

507 4556 741 4624 edicat.
811 4553 1128 4619 Genevae
1179 4557 1272 4616 15.
1310 4550 1635 4618 calendas
1670 4551 2018 4617 Februarii
2069 4555 2247 4615 1555.
2270 4551 2328 4630 2)

580 4764 1924 4900 23Dedienonestquoddabitescollatase
2087 4825 2326 4894 iquos·-

375 4914 543 4973 ςιιοιι
574 4901 641 4954 in
673 4896 1020 4967 aatoqrapho
1118 4896 1269 4949 ’1110111
1301 4911 1405 4964 pro
1444 4896 1507 4949 15
1529 4896 1785 4962 seriptum
1821 4893 1895 4947 sit
1954 4890 2003 4946 7.
2051 4891 2332 4948 Commta

375 4983 590 5052 guoque
617 4966 962 5022 sliat-ram.
1055 4963 1355 5019 onm'llaeus
1374 4978 1517 5030 vero,
1553 4962 1621 5017 de
1635 4978 1765 5018 vera
1792 4962 2015 5017 lection
2039 4962 2331 5031 ambiano,

377 5037 601 5108 ner-»peu
621 5035 652 5089 1
675 5073 688 5085 .
709 5076 723 5089 .
761 5034 874 5089 001.
929 5033 1164 5089 Omnem
1198 5039 1347 5088 errat
1364 5032 1582 5103 Anulus
1611 5032 1711 5101 qui
1736 5031 1959 5100 praebet
1991 5030 2074 5086 18.
2093 5030 2328 5086 Ianuar.

382 5103 727 5176 Subscriptio
762 5104 916 5160 nulla
951 5102 1107 5158 adest
1140 5103 1203 5157 in
1236 5101 1592 5171 autoqrapho.

593 5413 818 5470 Calvisi
847 5428 1029 5484 opera.
1112 5412 1221 5468 Vol.
1261 5411 1390 5468 XV.

2606 908 2868 977 Praeter
2924 912 3228 979 nonnulla
3283 914 3370 979 ad
3414 913 3688 982 Laecam
3745 921 3804 982 et
3843 914 4380 983 Melanehthonem

2429 998 2777 1077 &edentia
2814 998 2938 1063 duo
2970 999 3244 1066 maxime
3285 1004 3510 1065 tractat
3547 1007 3607 1066 et
3643 1002 3864 1084 fusius
3895 1003 4142 1084 quidem
4182 1024 4376 1086 quom

2420 1102 2546 1165 pro
2600 1103 2771 1148 more
2784 1108 2803 1147 .·
2863 1082 3175 1166 Martyris
3226 1085 3677 1152 observationes
3730 1088 3801 1152 in
3851 1086 4127 1153 zibellum
4167 1095 4376 1155 contra

2448 1166 2871 1269 Westphclum
2913 1170 3307 1254 eiusdemque
3346 1172 3720 1238 emotionem
3760 1173 3847 1240 ad
3899 1173 4215 1240 eeclesiam
4256 1175 4377 1241 ita-

2429 1253 2620 1320 locam
2667 1254 3095 1322 Genevensem.

2434 1424 2822 1489 (Describimus
2858 1426 3137 1496 exemplar
3173 1426 3456 1481 Ionvillaei
3491 1443 3560 1480 ex
3589 1427 3719 1481 Ood.
3752 1428 3955 1482 Genev.
3996 1426 4134 1481 1072.
4166 1429 4259 1484 fol.
4291 1427 4375 1491 92,

2433 1493 2643 1548 collatis
2679 1495 2856 1549 tribus
2891 1510 3093 1564 apogra
3131 1495 3217 1549 his
3252 1495 3381 1550 Cod.
3418 1495 3534 1559 108,
3583 1497 3675 1551 fol.
3709 1495 3793 1563 34,
3829 1500 3995 1554 Bern.
4029 1497 4130 1550 VI.
4167 1515 4221 1566 p.
4256 1496 4375 1562 371,

2433 1568 2490 1616 et
2524 1561 2743 1643 Simleri
2775 1561 2895 1617 Vol.
2928 1561 3014 1617 84.
3038 1631 3050 1644 .
3083 1512 3372 1646 suscriptio
3408 1566 3719 1620 authentica
3753 1584 3861 1621 non
3895 1573 4112 1621 servata
4145 1576 4244 1631 001,
4281 1566 4378 1621 sed

2431 1631 2758 1685 lenvillaeus
2820 1633 3054 1702 margini
3105 1632 3423 1757 0110101111)οἰίίΙ
3473 1633 3573 1756 g}
3602 1633 3768 1690 Petro
3821 1635 4081 1706 Martyri.
4152 1635 4378 1705 Anglice

2609 1868 2679 1937 S.
2754 1870 3124 1937 Tremellius
3163 1879 3403 1948 noster,
3447 1881 3526 1937 ut
3566 1882 3713 1938 tuas
3767 1872 3995 1938 literas
4036 1870 4117 1938 de
4159 1892 4381 1953 manu,

2436 1954 2611 2040 quod
2656 1956 2862 2036 aiunt,
2922 1957 2991 2022 in
3034 1977 3305 2022 manum
3360 1958 3502 2039 ipse
3546 1958 3711 2023 mihi
3750 1956 4070 2037 redderet,
4131 1957 4380 2024 diutius

2439 2041 2612 2125 apud
2653 2062 2724 2108 00
2778 2061 2887 2107 000
2930 2043 3224 2108 retinuit.
3254 2047 3305 2120 ¹)
3393 2042 3499 2109 De
3540 2065 3726 2109 mora
3781 2055 4001 2110 tamen
4043 2044 4214 2110 nihil
4257 2045 4385 2110 fuit

2436 2128 2726 2194 iacturae
2771 2128 2897 2193 nisi
2940 2127 3111 2212 quod
3164 2130 3374 2195 serius
3419 2128 3502 2194 ad
3554 2130 3704 2195 illas
3747 2129 4124 2214 respondeo.
4211 2130 4383 2195 Nam

2439 2214 2785 2297 quominus
2841 2215 2913 2278 in
2970 2214 3128 2280 locis
3171 2235 3332 2297 quos
3384 2217 3717 2282 annotasti
3770 2214 4016 2299 aliquid
4060 2227 4386 2281 mutarem

2435 2299 2614 2364 aliud
2655 2301 2818 2365 mihi
2861 2300 3113 2366 obstitit
3146 2322 3343 2386 quam
3386 2303 3610 2367 nuncii
3651 2302 3945 2368 tarditas.
4013 2300 4387 2367 Prudenter

2436 2384 2701 2468 quidem
2737 2385 3048 2451 admones
3083 2397 3400 2470 quantum
3434 2387 3508 2452 10
3545 2388 3715 2453 ambi
3816 2388 3868 2453 ‘s
3904 2387 4389 2471 loquutionibus

2438 2470 2524 2537 sit
2566 2471 2856 2554 periculi,
2915 2493 3034 2538 1100
3092 2473 3551 2555 intempestive
3608 2473 3839 2556 optumi
3884 2472 4125 2538 Bueeri
4168 2494 4390 2539 exem-

2435 2556 2617 2639 plum
2662 2558 2933 2639 profers.
3025 2556 3367 2641 Siquidem
3410 2569 3637 2624 nostra
3689 2558 3923 2624 similis
3984 2569 4155 2624 esset
4195 2559 4388 2624 ratio.

2440 2642 2689 2708 Verum
2726 2663 2923 2725 quam
2960 2641 3152 2727 longe
3188 2642 3504 2708 distemus
3541 2644 3706 2708 nihil
3745 2643 3918 2727 apud
3960 2652 4030 2708 te
4063 2665 4391 2727 exponere

2438 2728 2693 2793 attinet.
2763 2727 2887 2793 Ille
2930 2729 3106 2792 enim
3149 2728 3413 2795 Lutheri
3455 2738 3523 2794 et
3564 2729 3879 2796 similium
3923 2728 4232 2795 ferociam
4277 2728 4390 2795 de-

2437 2813 2734 2880 mulcens
2790 2813 2950 2879 adeo
3006 2814 3337 2880 serviliter
3394 2836 3465 2881 se
3526 2815 3789 2881 demisit
3846 2824 3923 2880 ut
3979 2816 4047 2880 in
4110 2813 4389 2900 singulis

2437 2899 2660 2966 verbis
2714 2900 3067 2984 perplexus
3118 2899 3436 2966 haereret.
3526 2901 3683 2967 Alia
3724 2921 3976 2984 quoque
4033 2901 4389 2967 necessitas

2438 3006 2590 3051 eum
2636 2982 2719 3050 ad
2764 2985 3336 3071 tergiversandum
3382 2987 3608 3071 coegit,
3664 2986 3835 3070 quod
3892 2995 4112 3069 tegere
4154 3007 4389 3070 parum

2436 3072 2721 3157 ingenue
2774 3071 3036 3138 volebat
3092 3072 3330 3158 prioris
3379 3072 3672 3139 inscitiae
3699 3076 3754 3151 2)
3800 3070 4103 3152 dedecus,
4162 3093 4386 3157 quem·

2437 3157 2789 3224 admodum
2825 3177 2911 3223 ex
2944 3180 3053 3224 me
3092 3180 3287 3242 saepe
3322 3158 3588 3225 audivit.
3654 3158 4007 3225 Neminem
4042 3159 4220 3224 enim
4242 3179 4388 3224 esse

2435 3252 2595 3327 puto
2651 3245 2765 3328 qui
2821 3243 3091 3310 liberius
3148 3253 3343 3329 atque
3387 3245 3588 3310 etiam
3628 3246 3842 3312 acrius
3897 3244 3971 3310 in
4028 3245 4152 3310 hac
4195 3263 4390 3311 causa

2437 3351 2587 3395 eum
2630 3330 3083 3415 exagitaverit,
3128 3352 3254 3415 quo
3298 3331 3465 3397 citra
3506 3329 3813 3414 ambages
3855 3331 4175 3397 sincerius
4218 3327 4389 3413 quod

2436 3414 2762 3482 sentiebat
2822 3436 3053 3481 verum
3121 3436 3264 3482 0000
3373 3417 3616 3480 rofiteri
3683 3414 3971 3482 auderet.
4077 3414 4213 3481 Sed
4276 3415 4388 3480 1110

2435 3500 2771 3585 placandis
2836 3500 3212 3568 Saxonibus
3364 3500 3573 3567 dictus
3636 3523 3971 3585 nunquam
4037 3502 4109 3565 in
4172 3500 4387 3567 lucem

2433 3585 2692 3669 prodiit.
2759 3586 2936 3654 Hinc
2971 3588 3215 3653 factum
3254 3596 3356 3652 est
3390 3597 3465 3652 ut
3498 3587 3752 3653 coelum
3794 3597 4008 3653 terrae
4043 3588 4382 3653 misceret:

2435 3693 2557 3756 ego
2611 3693 2767 3738 vero
2821 3694 3032 3756 neque
3087 3672 3301 3740 coelos
3352 3672 3677 3755 imaginor
3732 3674 3840 3755 qui
3901 3683 4146 3739 terram
4202 3693 4384 3739 occu·

2433 3765 2614 3843 pent,
2673 3779 2883 3841 neque
2923 3760 3319 3824 immensum
3364 3779 3595 3840 corpus
3640 3757 3905 3824 Ohristo
3946 3758 4206 3842 affingo,
4262 3777 4384 3823 nec

2435 3853 2800 3911 contortam
2858 3843 3311 3929 synecdochen
3367 3844 3611 3909 fabrico
3676 3843 3748 3907 in
3814 3844 4031 3909 verbis
4087 3843 4381 3922 Domini,

2436 3940 2510 3995 ut
2548 3931 2738 4014 panis
2792 3951 3025 4013 corpus
3069 3931 3212 3996 eius
3255 3931 3605 4008 contineat,
3662 3951 3784 3996 nec
3829 3929 3909 3995 de
3962 3927 4386 3994 substantiali

2435 4014 2938 4082 manducatione
2980 4017 3275 4082 flexuose
3319 4014 3609 4099 disputo:
3672 4013 3786 4080 sed
3841 4014 4036 4081 rebus
4088 4015 4383 4081 obscuris

2432 4101 2649 4167 lucem
2686 4101 2923 4166 afferre
2965 4123 3180 4180 conor,
3226 4100 3454 4168 dubias
3490 4111 3666 4168 certe
3702 4100 4219 4167 distinctionibus
4265 4120 4380 4164 ex-

2434 4186 2622 4271 plico,
2682 4197 2752 4252 et
2808 4187 3050 4253 diserte
3103 4186 3385 4254 absurda
3436 4188 3656 4253 omnia
3699 4195 4065 4253 commenta
4108 4183 4380 4268 repudio

2435 4274 2515 4339 de
2574 4274 2812 4356 quibus
2871 4273 2966 4338 illi
3023 4273 3342 4340 hactenus
3396 4273 3739 4339 nobiscum
3796 4271 4154 4357 litigarunt.
4238 4270 4377 4336 Nec

2434 4379 2590 4425 vero
2634 4359 2705 4424 in
2749 4380 2973 4424 eorum
3017 4360 3299 4443 gratiam
3357 4378 3723 4424 0011000001
3768 4359 4099 4423 inflectere
4141 4376 4378 4439 propo-

2432 4444 2637 4510 situm
2697 4445 2825 4510 fuit
2880 4466 3039 4529 quos
3097 4465 3218 4529 ego
3278 4446 3434 4509 novi
3491 4465 3756 4528 prorsus
3820 4441 4267 4526 implacabiles
4310 4449 4377 4507 et

2431 4530 2814 4614 quibuscum
2858 4530 3077 4613 palam
3121 4530 3419 4615 confligo.

2602 4615 2797 4682 Nunc
2839 4616 2918 4681 ad
2965 4636 3077 4681 eos
3132 4616 3304 4682 locos
3348 4613 3668 4682 descendo
3711 4613 3791 4679 de
3836 4615 4069 4698 quibus
4112 4634 4219 4678 me
4264 4611 4376 4677 ad-

2428 4722 2677 4767 mones.
2766 4700 3161 4785 Quanquam
3205 4722 3436 4767 verum
3481 4722 3624 4766 esse
3678 4699 3850 4783 quod
3895 4699 4124 4766 scribis
4166 4697 4375 4764 fateor

2431 4787 2511 4853 de
2551 4788 2766 4870 primo
2811 4788 2882 4852 in
2919 4786 3169 4853 Ohristi
3212 4787 3738 4853 communionem
3779 4785 4101 4871 ingressu,
4146 4783 4374 4850 eodem

2429 5044 2619 5100 2080.
2639 5045 2698 5110 1)
2738 5044 2814 5099 In
2847 5044 3099 5100 Helvetia
3127 5044 3315 5110 fuerat
3346 5058 3415 5097 111.
3570 5042 3760 5096 tembri
3803 5040 3907 5106 (N.
3953 5038 4110 5107 2008)
4158 5040 4369 5110 Amen-

2427 5116 2600 5170 torati
2629 5113 2809 5168 redum
2842 5120 2963 5168 erat
2994 5111 3293 5169 Novembri
3325 5111 3417 5178 (N.
3593 5115 3633 5176 ).
3699 5109 4061 5165 Posterior-em
4095 5109 4376 5180 Martyris
4408 5111 4417 5126 “

2409 5198 2508 5252 ep.
2561 5183 2638 5237 ad
2699 5182 2985 5238 Calvinum
3039 5198 3074 5237 a
3137 5181 3414 5237 Tremellio
3464 5196 3606 5236 novo
3640 5178 3876 5249 quodam
3917 5179 4111 5234 itinere
4144 5178 4377 5234 auctam

2425 5252 2681 5308 habmus
2712 5250 2938 5306 nullam.

2632 5320 2687 5388 2)
2724 5319 3073 5390 imprudencc
3112 5320 3307 5391 (01191.)
