<?xml version="1.0" encoding="UTF-8"?>
<!DOCTYPE html PUBLIC "-//W3C//DTD XHTML 1.0 Transitional//EN"
    "http://www.w3.org/TR/xhtml1/DTD/xhtml1-transitional.dtd">
<html xmlns="http://www.w3.org/1999/xhtml" xml:lang="en" lang="en">
 <head>
  <title>
</title>
<meta http-equiv="Content-Type" content="text/html;charset=utf-8" />
  <meta name='ocr-system' content='tesseract 3.04.00' />
  <meta name='ocr-capabilities' content='ocr_page ocr_carea ocr_par ocr_line ocrx_word'/>
</head>
<body>
  <div class='ocr_page' id='page_1' title='image "./ioanniscalvinio09unkngoog_0213.png"; bbox 0 0 4850 6200; ppageno 0'>
   <div class='ocr_carea' id='block_1_1' title="bbox 370 508 495 573">
    <p class='ocr_par' dir='ltr' id='par_1_1' title="bbox 370 508 495 573">
     <span class='ocr_line' id='line_1_1' title="bbox 370 508 495 573; baseline -0.016 0"><span class='ocrx_word' id='word_1_1' title='bbox 370 508 495 573; x_wconf 77' lang='lat'><strong>425</strong></span> 
     </span>
    </p>
   </div>
   <div class='ocr_carea' id='block_1_2' title="bbox 376 695 2314 1039">
    <p class='ocr_par' dir='ltr' id='par_1_2' title="bbox 376 695 2314 972">
     <span class='ocr_line' id='line_1_2' title="bbox 537 695 2313 836; baseline -0.001 -16"><span class='ocrx_word' id='word_1_2' title='bbox 537 696 1071 829; x_wconf 49' lang='lat' dir='ltr'><strong>“mma</strong></span> <span class='ocrx_word' id='word_1_3' title='bbox 1103 696 1284 819; x_wconf 57' lang='lat'><strong>3...</strong></span> <span class='ocrx_word' id='word_1_4' title='bbox 1321 695 2134 821; x_wconf 48' lang='lat' dir='ltr'><strong>*mh-wffiz.x.1.f...0¹·t⁶</strong></span> <span class='ocrx_word' id='word_1_5' title='bbox 2167 698 2313 836; x_wconf 40' lang='grc' dir='ltr'><strong>ἃς.</strong></span> 
     </span>
     <span class='ocr_line' id='line_1_3' title="bbox 376 833 2313 957; baseline 0.001 -68"><span class='ocrx_word' id='word_1_6' title='bbox 376 837 740 890; x_wconf 75' lang='lat' dir='ltr'><strong>Benensibus</strong></span> <span class='ocrx_word' id='word_1_7' title='bbox 784 834 883 889; x_wconf 83' lang='lat' dir='ltr'><strong>Vl.</strong></span> <span class='ocrx_word' id='word_1_8' title='bbox 928 833 1035 889; x_wconf 75' lang='lat'><strong>516</strong></span> <span class='ocrx_word' id='word_1_9' title='bbox 1070 842 1128 889; x_wconf 88' lang='lat' dir='ltr'><strong>et</strong></span> <span class='ocrx_word' id='word_1_10' title='bbox 1169 906 1181 917; x_wconf 30' lang='grc' dir='ltr'>ι</span> <span class='ocrx_word' id='word_1_11' title='bbox 1310 835 1368 889; x_wconf 90' lang='lat' dir='ltr'><strong>in</strong></span> <span class='ocrx_word' id='word_1_12' title='bbox 1414 836 1608 957; x_wconf 43' lang='lat' dir='ltr'><strong>dplplo,</strong></span> <span class='ocrx_word' id='word_1_13' title='bbox 1657 841 1775 889; x_wconf 79' lang='lat' dir='ltr'><strong>tum</strong></span> <span class='ocrx_word' id='word_1_14' title='bbox 1827 835 1886 889; x_wconf 82' lang='lat' dir='ltr'><strong>in</strong></span> <span class='ocrx_word' id='word_1_15' title='bbox 1916 834 2062 917; x_wconf 60' lang='lat' dir='ltr'><strong>ped.</strong></span> <span class='ocrx_word' id='word_1_16' title='bbox 2110 836 2313 890; x_wconf 68' lang='lat' dir='ltr'><strong>Gener.</strong></span> 
     </span>
     <span class='ocr_line' id='line_1_4' title="bbox 378 902 2314 972; baseline 0.001 -14"><span class='ocrx_word' id='word_1_17' title='bbox 378 905 521 971; x_wconf 65' lang='lat' dir='ltr'><strong>mu,</strong></span> <span class='ocrx_word' id='word_1_18' title='bbox 558 905 652 959; x_wconf 71' lang='lat' dir='ltr'><strong>fol.</strong></span> <span class='ocrx_word' id='word_1_19' title='bbox 691 906 717 955; x_wconf 89' lang='lat'><em>1</em></span> <span class='ocrx_word' id='word_1_20' title='bbox 756 921 809 955; x_wconf 78' lang='lat' dir='ltr'><strong>v.</strong></span> <span class='ocrx_word' id='word_1_21' title='bbox 846 917 906 959; x_wconf 77' lang='lat' dir='ltr'><strong>et</strong></span> <span class='ocrx_word' id='word_1_22' title='bbox 947 903 1092 972; x_wconf 74' lang='lat' dir='ltr'><strong>apud</strong></span> <span class='ocrx_word' id='word_1_23' title='bbox 1126 902 1413 958; x_wconf 75' lang='lat' dir='ltr'><strong>Simlerum</strong></span> <span class='ocrx_word' id='word_1_24' title='bbox 1501 904 1570 958; x_wconf 90' lang='lat' dir='ltr'><strong>ol.</strong></span> <span class='ocrx_word' id='word_1_25' title='bbox 1606 902 1695 957; x_wconf 72' lang='lat'><strong>84.</strong></span> <span class='ocrx_word' id='word_1_26' title='bbox 1765 905 1995 972; x_wconf 75' lang='lat' dir='ltr'><strong>Anglice</strong></span> <span class='ocrx_word' id='word_1_27' title='bbox 2031 920 2188 957; x_wconf 76' lang='lat' dir='ltr'><strong>versa</strong></span> <span class='ocrx_word' id='word_1_28' title='bbox 2223 921 2314 959; x_wconf 86' lang='lat' dir='ltr'><strong>ex·</strong></span> 
     </span>
    </p>

    <p class='ocr_par' dir='ltr' id='par_1_3' title="bbox 883 969 1804 1039">
     <span class='ocr_line' id='line_1_5' title="bbox 883 969 1804 1039; baseline 0.002 -14"><span class='ocrx_word' id='word_1_29' title='bbox 883 980 996 1025; x_wconf 74' lang='lat' dir='ltr'><strong>stat</strong></span> <span class='ocrx_word' id='word_1_30' title='bbox 1028 972 1087 1026; x_wconf 83' lang='lat' dir='ltr'><strong>in</strong></span> <span class='ocrx_word' id='word_1_31' title='bbox 1121 972 1248 1026; x_wconf 87' lang='lat' dir='ltr'><strong>edit.</strong></span> <span class='ocrx_word' id='word_1_32' title='bbox 1285 971 1494 1026; x_wconf 75' lang='lat' dir='ltr'><strong>Philed.</strong></span> <span class='ocrx_word' id='word_1_33' title='bbox 1529 970 1624 1028; x_wconf 89' lang='lat'><strong>111.</strong></span> <span class='ocrx_word' id='word_1_34' title='bbox 1658 969 1804 1039; x_wconf 73' lang='lat'><strong>132.)</strong></span> 
     </span>
    </p>
   </div>
   <div class='ocr_carea' id='block_1_3' title="bbox 377 1116 2320 1211">
    <p class='ocr_par' dir='ltr' id='par_1_4' title="bbox 377 1116 2320 1211">
     <span class='ocr_line' id='line_1_6' title="bbox 377 1116 2320 1211; baseline -0.002 0"><span class='ocrx_word' id='word_1_35' title='bbox 377 1143 814 1211; x_wconf 71' lang='lat' dir='ltr'><strong>ematissimo</strong></span> <span class='ocrx_word' id='word_1_36' title='bbox 857 1145 1001 1210; x_wconf 83' lang='lat' dir='ltr'><strong>viro</strong></span> <span class='ocrx_word' id='word_1_37' title='bbox 1044 1154 1114 1210; x_wconf 72' lang='lat' dir='ltr'><strong>et</strong></span> <span class='ocrx_word' id='word_1_38' title='bbox 1155 1116 1632 1210; x_wconf 70' lang='lat' dir='ltr'><strong>fiden&#39;ohristi</strong></span> <span class='ocrx_word' id='word_1_39' title='bbox 1673 1142 1975 1209; x_wconf 69' lang='lat' dir='ltr'><strong>ministro</strong></span> <span class='ocrx_word' id='word_1_40' title='bbox 2019 1143 2100 1210; x_wconf 89' lang='lat' dir='ltr'><strong>D.</strong></span> <span class='ocrx_word' id='word_1_41' title='bbox 2138 1144 2320 1209; x_wconf 75' lang='lat' dir='ltr'><strong>Hen-</strong></span> 
     </span>
    </p>
   </div>
   <div class='ocr_carea' id='block_1_4' title="bbox 377 1228 2317 1400">
    <p class='ocr_par' dir='ltr' id='par_1_5' title="bbox 377 1228 2317 1400">
     <span class='ocr_line' id='line_1_7' title="bbox 377 1228 2317 1315; baseline -0.001 -20"><span class='ocrx_word' id='word_1_42' title='bbox 377 1231 557 1295; x_wconf 86' lang='lat' dir='ltr'><strong>richo</strong></span> <span class='ocrx_word' id='word_1_43' title='bbox 612 1229 1000 1315; x_wconf 84' lang='lat' dir='ltr'><strong>Bullingero</strong></span> <span class='ocrx_word' id='word_1_44' title='bbox 1044 1230 1404 1314; x_wconf 71' lang='lat' dir='ltr'><strong>&#39;rigui-inae</strong></span> <span class='ocrx_word' id='word_1_45' title='bbox 1461 1228 1771 1295; x_wconf 88' lang='lat' dir='ltr'><strong>ecclesiae</strong></span> <span class='ocrx_word' id='word_1_46' title='bbox 1826 1230 2072 1314; x_wconf 84' lang='lat' dir='ltr'><strong>pastori</strong></span> <span class='ocrx_word' id='word_1_47' title='bbox 2125 1229 2317 1294; x_wconf 78' lang='lat' dir='ltr'><strong>fratri</strong></span> 
     </span>
     <span class='ocr_line' id='line_1_8' title="bbox 829 1314 1862 1400; baseline -0.001 -19"><span class='ocrx_word' id='word_1_48' title='bbox 829 1328 898 1381; x_wconf 89' lang='lat' dir='ltr'><strong>et</strong></span> <span class='ocrx_word' id='word_1_49' title='bbox 938 1325 1344 1400; x_wconf 76' lang='lat' dir='ltr'><strong>symmystae</strong></span> <span class='ocrx_word' id='word_1_50' title='bbox 1386 1314 1862 1381; x_wconf 89' lang='lat' dir='ltr'><strong>colendissimo.</strong></span> 
     </span>
    </p>
   </div>
   <div class='ocr_carea' id='block_1_5' title="bbox 325 1466 2318 4453">
    <p class='ocr_par' dir='ltr' id='par_1_6' title="bbox 325 1466 2318 4453">
     <span class='ocr_line' id='line_1_9' title="bbox 541 1466 2314 1538; baseline 0 -2"><span class='ocrx_word' id='word_1_51' title='bbox 541 1467 612 1536; x_wconf 80' lang='lat' dir='ltr'><strong>S.</strong></span> <span class='ocrx_word' id='word_1_52' title='bbox 682 1466 760 1535; x_wconf 79' lang='lat' dir='ltr'><strong>Si</strong></span> <span class='ocrx_word' id='word_1_53' title='bbox 803 1468 1068 1536; x_wconf 75' lang='lat' dir='ltr'><strong>aliunde</strong></span> <span class='ocrx_word' id='word_1_54' title='bbox 1103 1467 1185 1534; x_wconf 78' lang='lat' dir='ltr'><strong>sd</strong></span> <span class='ocrx_word' id='word_1_55' title='bbox 1220 1487 1342 1532; x_wconf 76' lang='lat' dir='ltr'><strong>vos</strong></span> <span class='ocrx_word' id='word_1_56' title='bbox 1384 1468 1766 1535; x_wconf 84' lang='lat' dir='ltr'><strong>concederet</strong></span> <span class='ocrx_word' id='word_1_57' title='bbox 1799 1469 1881 1535; x_wconf 91' lang='lat' dir='ltr'><strong>D.</strong></span> <span class='ocrx_word' id='word_1_58' title='bbox 1918 1469 2314 1538; x_wconf 79' lang='lat' dir='ltr'><strong>Franciscns</strong></span> 
     </span>
     <span class='ocr_line' id='line_1_10' title="bbox 373 1553 2313 1638; baseline 0.001 -17"><span class='ocrx_word' id='word_1_59' title='bbox 373 1556 819 1636; x_wconf 68' lang='lat' dir='ltr'><strong>Lismanms,</strong></span> <span class='ocrx_word' id='word_1_60' title='bbox 876 1575 1026 1620; x_wconf 90' lang='lat' dir='ltr'><strong>eum</strong></span> <span class='ocrx_word' id='word_1_61' title='bbox 1082 1575 1203 1638; x_wconf 91' lang='lat' dir='ltr'><strong>pro</strong></span> <span class='ocrx_word' id='word_1_62' title='bbox 1252 1563 1362 1619; x_wconf 87' lang='lat' dir='ltr'><strong>tuo</strong></span> <span class='ocrx_word' id='word_1_63' title='bbox 1406 1575 1587 1619; x_wconf 90' lang='lat' dir='ltr'><strong>more</strong></span> <span class='ocrx_word' id='word_1_64' title='bbox 1642 1553 2019 1621; x_wconf 79' lang='lat' dir='ltr'><strong>humaniter</strong></span> <span class='ocrx_word' id='word_1_65' title='bbox 2074 1577 2149 1623; x_wconf 90' lang='lat' dir='ltr'><strong>ac</strong></span> <span class='ocrx_word' id='word_1_66' title='bbox 2202 1557 2313 1623; x_wconf 91' lang='lat' dir='ltr'><strong>be-</strong></span> 
     </span>
     <span class='ocr_line' id='line_1_11' title="bbox 375 1638 2315 1726; baseline 0.001 -20"><span class='ocrx_word' id='word_1_67' title='bbox 375 1641 576 1726; x_wconf 85' lang='lat' dir='ltr'><strong>nigne</strong></span> <span class='ocrx_word' id='word_1_68' title='bbox 610 1642 752 1706; x_wconf 88' lang='lat' dir='ltr'><strong>sine</strong></span> <span class='ocrx_word' id='word_1_69' title='bbox 786 1661 934 1706; x_wconf 80' lang='lat' dir='ltr'><strong>mea</strong></span> <span class='ocrx_word' id='word_1_70' title='bbox 965 1638 1520 1706; x_wconf 73' lang='lat' dir='ltr'><strong>commendatione</strong></span> <span class='ocrx_word' id='word_1_71' title='bbox 1564 1640 1914 1723; x_wconf 90' lang='lat' dir='ltr'><strong>exciperes,</strong></span> <span class='ocrx_word' id='word_1_72' title='bbox 1962 1642 2128 1707; x_wconf 89' lang='lat' dir='ltr'><strong>sicut</strong></span> <span class='ocrx_word' id='word_1_73' title='bbox 2171 1643 2315 1708; x_wconf 91' lang='lat' dir='ltr'><strong>eius</strong></span> 
     </span>
     <span class='ocr_line' id='line_1_12' title="bbox 374 1725 2314 1808; baseline -0.001 -15"><span class='ocrx_word' id='word_1_74' title='bbox 374 1727 651 1793; x_wconf 77' lang='lat' dir='ltr'><strong>virtutes</strong></span> <span class='ocrx_word' id='word_1_75' title='bbox 693 1733 1046 1791; x_wconf 86' lang='lat' dir='ltr'><strong>merentur.</strong></span> <span class='ocrx_word' id='word_1_76' title='bbox 1116 1725 1249 1792; x_wconf 85' lang='lat' dir='ltr'><strong>Sed</strong></span> <span class='ocrx_word' id='word_1_77' title='bbox 1295 1745 1499 1808; x_wconf 87' lang='lat' dir='ltr'><strong>quum</strong></span> <span class='ocrx_word' id='word_1_78' title='bbox 1542 1725 1713 1808; x_wconf 84' lang='lat' dir='ltr'><strong>apud</strong></span> <span class='ocrx_word' id='word_1_79' title='bbox 1754 1747 1874 1791; x_wconf 89' lang='lat' dir='ltr'><strong>nos</strong></span> <span class='ocrx_word' id='word_1_80' title='bbox 1918 1726 2314 1793; x_wconf 77' lang='lat' dir='ltr'><strong>habitaverit</strong></span> 
     </span>
     <span class='ocr_line' id='line_1_13' title="bbox 369 1812 2312 1897; baseline 0 -19"><span class='ocrx_word' id='word_1_81' title='bbox 369 1825 562 1897; x_wconf 85' lang='lat' dir='ltr'><strong>atque</strong></span> <span class='ocrx_word' id='word_1_82' title='bbox 605 1812 804 1878; x_wconf 84' lang='lat' dir='ltr'><strong>etiam</strong></span> <span class='ocrx_word' id='word_1_83' title='bbox 848 1832 990 1876; x_wconf 92' lang='lat' dir='ltr'><strong>sum</strong></span> <span class='ocrx_word' id='word_1_84' title='bbox 1111 1812 1198 1875; x_wconf 88' lang='lat' dir='ltr'><strong>rit</strong></span> <span class='ocrx_word' id='word_1_85' title='bbox 1232 1831 1524 1890; x_wconf 85' lang='lat' dir='ltr'><strong>uxorem,</strong></span> <span class='ocrx_word' id='word_1_86' title='bbox 1571 1812 1739 1876; x_wconf 86' lang='lat' dir='ltr'><strong>istuc</strong></span> <span class='ocrx_word' id='word_1_87' title='bbox 1782 1812 1925 1876; x_wconf 91' lang='lat' dir='ltr'><strong>sine</strong></span> <span class='ocrx_word' id='word_1_88' title='bbox 1960 1814 2123 1878; x_wconf 90' lang='lat' dir='ltr'><strong>meis</strong></span> <span class='ocrx_word' id='word_1_89' title='bbox 2166 1813 2312 1878; x_wconf 89' lang='lat' dir='ltr'><strong>lite-</strong></span> 
     </span>
     <span class='ocr_line' id='line_1_14' title="bbox 370 1896 2309 1981; baseline -0.001 -16"><span class='ocrx_word' id='word_1_90' title='bbox 370 1901 461 1965; x_wconf 88' lang='lat' dir='ltr'><strong>ris</strong></span> <span class='ocrx_word' id='word_1_91' title='bbox 504 1897 735 1964; x_wconf 83' lang='lat' dir='ltr'><strong>venire</strong></span> <span class='ocrx_word' id='word_1_92' title='bbox 779 1897 976 1963; x_wconf 87' lang='lat' dir='ltr'><strong>absur</strong></span> <span class='ocrx_word' id='word_1_93' title='bbox 1022 1918 1131 1961; x_wconf 91' lang='lat' dir='ltr'><strong>um</strong></span> <span class='ocrx_word' id='word_1_94' title='bbox 1178 1898 1361 1962; x_wconf 87' lang='lat' dir='ltr'><strong>foret.</strong></span> <span class='ocrx_word' id='word_1_95' title='bbox 1391 1898 1443 1979; x_wconf 91' lang='lat'><strong>¹)</strong></span> <span class='ocrx_word' id='word_1_96' title='bbox 1510 1896 1827 1977; x_wconf 79' lang='lat' dir='ltr'><strong>Quisnam</strong></span> <span class='ocrx_word' id='word_1_97' title='bbox 1876 1898 1962 1962; x_wconf 91' lang='lat' dir='ltr'><strong>sit</strong></span> <span class='ocrx_word' id='word_1_98' title='bbox 2004 1907 2070 1963; x_wconf 90' lang='lat' dir='ltr'><strong>et</strong></span> <span class='ocrx_word' id='word_1_99' title='bbox 2113 1920 2309 1981; x_wconf 89' lang='lat' dir='ltr'><strong>quam</strong></span> 
     </span>
     <span class='ocr_line' id='line_1_15' title="bbox 325 1982 2310 2066; baseline 0 -16"><span class='ocrx_word' id='word_1_100' title='bbox 325 2012 332 2015; x_wconf 92' lang='grc'><strong><em>·</em></strong></span> <span class='ocrx_word' id='word_1_101' title='bbox 370 1984 686 2050; x_wconf 84' lang='lat' dir='ltr'><strong>hactenus</strong></span> <span class='ocrx_word' id='word_1_102' title='bbox 728 1997 1043 2066; x_wconf 88' lang='lat' dir='ltr'><strong>sequutus</strong></span> <span class='ocrx_word' id='word_1_103' title='bbox 1088 1984 1177 2047; x_wconf 88' lang='lat' dir='ltr'><strong>sit</strong></span> <span class='ocrx_word' id='word_1_104' title='bbox 1218 1982 1393 2047; x_wconf 84' lang='lat' dir='ltr'><strong>vitae</strong></span> <span class='ocrx_word' id='word_1_105' title='bbox 1438 1982 1776 2062; x_wconf 87' lang='lat' dir='ltr'><strong>rationem,</strong></span> <span class='ocrx_word' id='word_1_106' title='bbox 1831 2005 1913 2047; x_wconf 90' lang='lat' dir='ltr'><strong>ex</strong></span> <span class='ocrx_word' id='word_1_107' title='bbox 1959 2005 2034 2048; x_wconf 91' lang='lat' dir='ltr'><strong>eo</strong></span> <span class='ocrx_word' id='word_1_108' title='bbox 2077 1985 2310 2051; x_wconf 88' lang='lat' dir='ltr'><strong>melius</strong></span> 
     </span>
     <span class='ocr_line' id='line_1_16' title="bbox 369 2068 2310 2154; baseline 0 -19"><span class='ocrx_word' id='word_1_109' title='bbox 369 2069 713 2154; x_wconf 74' lang='lat' dir='ltr'><strong>intelliges</strong></span> <span class='ocrx_word' id='word_1_110' title='bbox 803 2068 978 2134; x_wconf 88' lang='lat' dir='ltr'><strong>Nam</strong></span> <span class='ocrx_word' id='word_1_111' title='bbox 1022 2084 1087 2132; x_wconf 84' lang='lat' dir='ltr'><strong>et</strong></span> <span class='ocrx_word' id='word_1_112' title='bbox 1143 2069 1400 2152; x_wconf 86' lang='lat' dir='ltr'><strong>integer</strong></span> <span class='ocrx_word' id='word_1_113' title='bbox 1443 2078 1542 2132; x_wconf 87' lang='lat' dir='ltr'><strong>est</strong></span> <span class='ocrx_word' id='word_1_114' title='bbox 1600 2077 1666 2132; x_wconf 86' lang='lat' dir='ltr'><strong>et</strong></span> <span class='ocrx_word' id='word_1_115' title='bbox 1710 2069 1978 2134; x_wconf 89' lang='lat' dir='ltr'><strong>minime</strong></span> <span class='ocrx_word' id='word_1_116' title='bbox 2039 2069 2310 2149; x_wconf 83' lang='lat' dir='ltr'><strong>fucatus,</strong></span> 
     </span>
     <span class='ocr_line' id='line_1_17' title="bbox 370 2153 2309 2238; baseline 0.001 -19"><span class='ocrx_word' id='word_1_117' title='bbox 370 2165 438 2219; x_wconf 89' lang='lat' dir='ltr'><strong>et</strong></span> <span class='ocrx_word' id='word_1_118' title='bbox 481 2156 847 2220; x_wconf 84' lang='lat' dir='ltr'><strong>testimonia</strong></span> <span class='ocrx_word' id='word_1_119' title='bbox 888 2155 1173 2238; x_wconf 87' lang='lat' dir='ltr'><strong>proferet</strong></span> <span class='ocrx_word' id='word_1_120' title='bbox 1208 2174 1371 2236; x_wconf 90' lang='lat' dir='ltr'><strong>quae</strong></span> <span class='ocrx_word' id='word_1_121' title='bbox 1413 2153 1605 2218; x_wconf 88' lang='lat' dir='ltr'><strong>fidem</strong></span> <span class='ocrx_word' id='word_1_122' title='bbox 1646 2154 1787 2219; x_wconf 90' lang='lat' dir='ltr'><strong>eius</strong></span> <span class='ocrx_word' id='word_1_123' title='bbox 1833 2153 2024 2220; x_wconf 90' lang='lat' dir='ltr'><strong>dictis</strong></span> <span class='ocrx_word' id='word_1_124' title='bbox 2068 2166 2309 2221; x_wconf 87' lang='lat' dir='ltr'><strong>certam</strong></span> 
     </span>
     <span class='ocr_line' id='line_1_18' title="bbox 370 2238 2311 2323; baseline 0.001 -17"><span class='ocrx_word' id='word_1_125' title='bbox 370 2241 623 2306; x_wconf 79' lang='lat' dir='ltr'><strong>faciant.</strong></span> <span class='ocrx_word' id='word_1_126' title='bbox 705 2238 880 2321; x_wconf 75' lang='lat' dir='ltr'><strong>Quia</strong></span> <span class='ocrx_word' id='word_1_127' title='bbox 922 2250 1138 2304; x_wconf 84' lang='lat' dir='ltr'><strong>autem</strong></span> <span class='ocrx_word' id='word_1_128' title='bbox 1185 2239 1379 2304; x_wconf 89' lang='lat' dir='ltr'><strong>homo</strong></span> <span class='ocrx_word' id='word_1_129' title='bbox 1426 2260 1552 2304; x_wconf 92' lang='lat' dir='ltr'><strong>non</strong></span> <span class='ocrx_word' id='word_1_130' title='bbox 1599 2240 1757 2304; x_wconf 87' lang='lat' dir='ltr'><strong>satis</strong></span> <span class='ocrx_word' id='word_1_131' title='bbox 1801 2240 2039 2323; x_wconf 80' lang='lat' dir='ltr'><strong>alioqui</strong></span> <span class='ocrx_word' id='word_1_132' title='bbox 2084 2241 2311 2307; x_wconf 88' lang='lat' dir='ltr'><strong>robus·</strong></span> 
     </span>
     <span class='ocr_line' id='line_1_19' title="bbox 373 2324 2310 2410; baseline 0.001 -20"><span class='ocrx_word' id='word_1_133' title='bbox 373 2338 478 2392; x_wconf 85' lang='lat' dir='ltr'><strong>tus</strong></span> <span class='ocrx_word' id='word_1_134' title='bbox 518 2348 735 2391; x_wconf 84' lang='lat' dir='ltr'><strong>aerem</strong></span> <span class='ocrx_word' id='word_1_135' title='bbox 784 2328 852 2390; x_wconf 91' lang='lat' dir='ltr'><strong>in</strong></span> <span class='ocrx_word' id='word_1_136' title='bbox 901 2326 1007 2392; x_wconf 86' lang='lat' dir='ltr'><strong>his</strong></span> <span class='ocrx_word' id='word_1_137' title='bbox 1063 2324 1354 2410; x_wconf 88' lang='lat' dir='ltr'><strong>partibus</strong></span> <span class='ocrx_word' id='word_1_138' title='bbox 1398 2334 1708 2408; x_wconf 86' lang='lat' dir='ltr'><strong>expertus</strong></span> <span class='ocrx_word' id='word_1_139' title='bbox 1753 2336 1854 2390; x_wconf 88' lang='lat' dir='ltr'><strong>est</strong></span> <span class='ocrx_word' id='word_1_140' title='bbox 1909 2326 2030 2392; x_wconf 84' lang='lat' dir='ltr'><strong>sibi</strong></span> <span class='ocrx_word' id='word_1_141' title='bbox 2076 2327 2310 2392; x_wconf 87' lang='lat' dir='ltr'><strong>adver-</strong></span> 
     </span>
     <span class='ocr_line' id='line_1_20' title="bbox 372 2409 2308 2494; baseline 0 -16"><span class='ocrx_word' id='word_1_142' title='bbox 372 2434 535 2491; x_wconf 87' lang='lat' dir='ltr'><strong>sum,</strong></span> <span class='ocrx_word' id='word_1_143' title='bbox 581 2433 665 2477; x_wconf 90' lang='lat' dir='ltr'><strong>ne</strong></span> <span class='ocrx_word' id='word_1_144' title='bbox 710 2433 969 2494; x_wconf 87' lang='lat' dir='ltr'><strong>semper</strong></span> <span class='ocrx_word' id='word_1_145' title='bbox 1013 2433 1160 2477; x_wconf 91' lang='lat' dir='ltr'><strong>cum</strong></span> <span class='ocrx_word' id='word_1_146' title='bbox 1221 2412 1457 2475; x_wconf 89' lang='lat' dir='ltr'><strong>infesta</strong></span> <span class='ocrx_word' id='word_1_147' title='bbox 1501 2409 1874 2477; x_wconf 86' lang='lat' dir='ltr'><strong>valetudine</strong></span> <span class='ocrx_word' id='word_1_148' title='bbox 1917 2413 2150 2478; x_wconf 86' lang='lat' dir='ltr'><strong>luctari</strong></span> <span class='ocrx_word' id='word_1_149' title='bbox 2193 2436 2308 2478; x_wconf 90' lang='lat' dir='ltr'><strong>nc·</strong></span> 
     </span>
     <span class='ocr_line' id='line_1_21' title="bbox 371 2496 2310 2581; baseline 0 -18"><span class='ocrx_word' id='word_1_150' title='bbox 371 2518 545 2563; x_wconf 86' lang='lat' dir='ltr'><strong>cesse</strong></span> <span class='ocrx_word' id='word_1_151' title='bbox 604 2498 772 2563; x_wconf 86' lang='lat' dir='ltr'><strong>foret</strong></span> <span class='ocrx_word' id='word_1_152' title='bbox 816 2496 1103 2562; x_wconf 84' lang='lat' dir='ltr'><strong>decrevit</strong></span> <span class='ocrx_word' id='word_1_153' title='bbox 1156 2497 1367 2562; x_wconf 92' lang='lat' dir='ltr'><strong>locum</strong></span> <span class='ocrx_word' id='word_1_154' title='bbox 1409 2507 1685 2561; x_wconf 88' lang='lat' dir='ltr'><strong>mutare.</strong></span> <span class='ocrx_word' id='word_1_155' title='bbox 1773 2497 2110 2581; x_wconf 81' lang='lat' dir='ltr'><strong>Nusquam</strong></span> <span class='ocrx_word' id='word_1_156' title='bbox 2154 2519 2310 2564; x_wconf 88' lang='lat' dir='ltr'><strong>vero</strong></span> 
     </span>
     <span class='ocr_line' id='line_1_22' title="bbox 372 2581 2313 2665; baseline -0.001 -16"><span class='ocrx_word' id='word_1_157' title='bbox 372 2582 768 2649; x_wconf 87' lang='lat' dir='ltr'><strong>commodior</strong></span> <span class='ocrx_word' id='word_1_158' title='bbox 822 2582 914 2647; x_wconf 91' lang='lat' dir='ltr'><strong>illi</strong></span> <span class='ocrx_word' id='word_1_159' title='bbox 972 2581 1289 2647; x_wconf 86' lang='lat' dir='ltr'><strong>habitatio</strong></span> <span class='ocrx_word' id='word_1_160' title='bbox 1346 2602 1539 2663; x_wconf 87' lang='lat' dir='ltr'><strong>quam</strong></span> <span class='ocrx_word' id='word_1_161' title='bbox 1601 2582 1770 2665; x_wconf 90' lang='lat' dir='ltr'><strong>apud</strong></span> <span class='ocrx_word' id='word_1_162' title='bbox 1823 2604 1939 2647; x_wconf 85' lang='lat' dir='ltr'><strong>vos</strong></span> <span class='ocrx_word' id='word_1_163' title='bbox 1993 2584 2128 2648; x_wconf 87' lang='lat' dir='ltr'><strong>fore</strong></span> <span class='ocrx_word' id='word_1_164' title='bbox 2174 2585 2313 2650; x_wconf 84' lang='lat' dir='ltr'><strong>visa</strong></span> 
     </span>
     <span class='ocr_line' id='line_1_23' title="bbox 371 2665 2308 2754; baseline -0.001 -19"><span class='ocrx_word' id='word_1_165' title='bbox 371 2678 484 2735; x_wconf 88' lang='lat' dir='ltr'><strong>est.</strong></span> <span class='ocrx_word' id='word_1_166' title='bbox 571 2667 786 2735; x_wconf 81' lang='lat' dir='ltr'><strong>Sicuti</strong></span> <span class='ocrx_word' id='word_1_167' title='bbox 830 2666 1003 2751; x_wconf 91' lang='lat' dir='ltr'><strong>apud</strong></span> <span class='ocrx_word' id='word_1_168' title='bbox 1059 2689 1177 2732; x_wconf 92' lang='lat' dir='ltr'><strong>nos</strong></span> <span class='ocrx_word' id='word_1_169' title='bbox 1227 2665 1479 2752; x_wconf 88' lang='lat' dir='ltr'><strong>placide</strong></span> <span class='ocrx_word' id='word_1_170' title='bbox 1536 2668 1931 2752; x_wconf 85' lang='lat' dir='ltr'><strong>honesteque</strong></span> <span class='ocrx_word' id='word_1_171' title='bbox 1976 2691 2044 2733; x_wconf 89' lang='lat' dir='ltr'><strong>se</strong></span> <span class='ocrx_word' id='word_1_172' title='bbox 2087 2670 2308 2754; x_wconf 79' lang='lat' dir='ltr'><strong>gessit,</strong></span> 
     </span>
     <span class='ocr_line' id='line_1_24' title="bbox 371 2753 2312 2840; baseline 0 -20"><span class='ocrx_word' id='word_1_173' title='bbox 371 2756 462 2820; x_wconf 86' lang='lat' dir='ltr'><strong>ita</strong></span> <span class='ocrx_word' id='word_1_174' title='bbox 494 2754 819 2838; x_wconf 82' lang='lat' dir='ltr'><strong>hospitem</strong></span> <span class='ocrx_word' id='word_1_175' title='bbox 855 2755 1037 2819; x_wconf 86' lang='lat' dir='ltr'><strong>vobis</strong></span> <span class='ocrx_word' id='word_1_176' title='bbox 1072 2753 1497 2837; x_wconf 88' lang='lat' dir='ltr'><strong>tranquillum</strong></span> <span class='ocrx_word' id='word_1_177' title='bbox 1534 2753 1671 2817; x_wconf 89' lang='lat' dir='ltr'><strong>fore</strong></span> <span class='ocrx_word' id='word_1_178' title='bbox 1716 2775 1920 2837; x_wconf 88' lang='lat' dir='ltr'><strong>spero.</strong></span> <span class='ocrx_word' id='word_1_179' title='bbox 1991 2754 2063 2821; x_wconf 83' lang='lat' dir='ltr'><strong>Si</strong></span> <span class='ocrx_word' id='word_1_180' title='bbox 2102 2757 2312 2840; x_wconf 88' lang='lat' dir='ltr'><strong>aegri-</strong></span> 
     </span>
     <span class='ocr_line' id='line_1_25' title="bbox 369 2839 2313 2924; baseline 0.001 -19"><span class='ocrx_word' id='word_1_181' title='bbox 369 2839 687 2921; x_wconf 84' lang='lat' dir='ltr'><strong>tudinem,</strong></span> <span class='ocrx_word' id='word_1_182' title='bbox 734 2861 926 2923; x_wconf 90' lang='lat' dir='ltr'><strong>quam</strong></span> <span class='ocrx_word' id='word_1_183' title='bbox 964 2839 1062 2903; x_wconf 90' lang='lat' dir='ltr'><strong>illi</strong></span> <span class='ocrx_word' id='word_1_184' title='bbox 1094 2839 1350 2924; x_wconf 87' lang='lat' dir='ltr'><strong>peperit</strong></span> <span class='ocrx_word' id='word_1_185' title='bbox 1384 2859 1626 2903; x_wconf 84' lang='lat' dir='ltr'><strong>novum</strong></span> <span class='ocrx_word' id='word_1_186' title='bbox 1666 2849 1731 2903; x_wconf 90' lang='lat' dir='ltr'><strong>et</strong></span> <span class='ocrx_word' id='word_1_187' title='bbox 1764 2842 2098 2906; x_wconf 89' lang='lat' dir='ltr'><strong>insolitum</strong></span> <span class='ocrx_word' id='word_1_188' title='bbox 2139 2842 2313 2907; x_wconf 85' lang='lat' dir='ltr'><strong>vitae</strong></span> 
     </span>
     <span class='ocr_line' id='line_1_26' title="bbox 373 2923 2311 3011; baseline -0.001 -19"><span class='ocrx_word' id='word_1_189' title='bbox 373 2947 595 3011; x_wconf 86' lang='lat' dir='ltr'><strong>genus,</strong></span> <span class='ocrx_word' id='word_1_190' title='bbox 656 2924 968 3009; x_wconf 87' lang='lat' dir='ltr'><strong>deponat,</strong></span> <span class='ocrx_word' id='word_1_191' title='bbox 1029 2947 1158 2990; x_wconf 92' lang='lat' dir='ltr'><strong>non</strong></span> <span class='ocrx_word' id='word_1_192' title='bbox 1221 2945 1448 3007; x_wconf 87' lang='lat' dir='ltr'><strong>parum</strong></span> <span class='ocrx_word' id='word_1_193' title='bbox 1511 2923 1688 2989; x_wconf 88' lang='lat' dir='ltr'><strong>utilis</strong></span> <span class='ocrx_word' id='word_1_194' title='bbox 1744 2927 1815 2989; x_wconf 88' lang='lat' dir='ltr'><strong>in</strong></span> <span class='ocrx_word' id='word_1_195' title='bbox 1871 2927 2311 3009; x_wconf 83' lang='lat' dir='ltr'><strong>promovendo</strong></span> 
     </span>
     <span class='ocr_line' id='line_1_27' title="bbox 372 3010 2310 3093; baseline -0.001 -14"><span class='ocrx_word' id='word_1_196' title='bbox 372 3012 624 3079; x_wconf 83' lang='lat' dir='ltr'><strong>Christi</strong></span> <span class='ocrx_word' id='word_1_197' title='bbox 685 3034 756 3077; x_wconf 91' lang='lat' dir='ltr'><strong>re</strong></span> <span class='ocrx_word' id='word_1_198' title='bbox 849 3032 887 3075; x_wconf 94' lang='lat' dir='ltr'><strong>o</strong></span> <span class='ocrx_word' id='word_1_199' title='bbox 944 3033 1083 3076; x_wconf 87' lang='lat' dir='ltr'><strong>esse</strong></span> <span class='ocrx_word' id='word_1_200' title='bbox 1143 3011 1381 3093; x_wconf 88' lang='lat' dir='ltr'><strong>poterit</strong></span> <span class='ocrx_word' id='word_1_201' title='bbox 1450 3010 1589 3074; x_wconf 85' lang='lat' dir='ltr'><strong>eins</strong></span> <span class='ocrx_word' id='word_1_202' title='bbox 1632 3032 1842 3093; x_wconf 89' lang='lat' dir='ltr'><strong>opera.</strong></span> <span class='ocrx_word' id='word_1_203' title='bbox 1934 3011 2083 3092; x_wconf 80' lang='lat' dir='ltr'><strong>Qua</strong></span> <span class='ocrx_word' id='word_1_204' title='bbox 2127 3012 2192 3077; x_wconf 90' lang='lat' dir='ltr'><strong>in</strong></span> <span class='ocrx_word' id='word_1_205' title='bbox 2239 3034 2310 3078; x_wconf 91' lang='lat' dir='ltr'><strong>re</strong></span> 
     </span>
     <span class='ocr_line' id='line_1_28' title="bbox 375 3094 2309 3179; baseline -0.001 -14"><span class='ocrx_word' id='word_1_206' title='bbox 375 3108 439 3165; x_wconf 89' lang='lat' dir='ltr'><strong>te</strong></span> <span class='ocrx_word' id='word_1_207' title='bbox 470 3100 677 3164; x_wconf 88' lang='lat' dir='ltr'><strong>fidum</strong></span> <span class='ocrx_word' id='word_1_208' title='bbox 723 3119 763 3163; x_wconf 90' lang='lat' dir='ltr'><strong>a</strong></span> <span class='ocrx_word' id='word_1_209' title='bbox 808 3100 1082 3164; x_wconf 83' lang='lat' dir='ltr'><strong>intorem</strong></span> <span class='ocrx_word' id='word_1_210' title='bbox 1129 3098 1264 3163; x_wconf 88' lang='lat' dir='ltr'><strong>fore</strong></span> <span class='ocrx_word' id='word_1_211' title='bbox 1309 3120 1437 3162; x_wconf 91' lang='lat' dir='ltr'><strong>non</strong></span> <span class='ocrx_word' id='word_1_212' title='bbox 1485 3094 1725 3162; x_wconf 88' lang='lat' dir='ltr'><strong>dubito.</strong></span> <span class='ocrx_word' id='word_1_213' title='bbox 1803 3096 1995 3179; x_wconf 80' lang='lat' dir='ltr'><strong>Quod</strong></span> <span class='ocrx_word' id='word_1_214' title='bbox 2040 3097 2119 3164; x_wconf 89' lang='lat' dir='ltr'><strong>de</strong></span> <span class='ocrx_word' id='word_1_215' title='bbox 2164 3120 2309 3164; x_wconf 92' lang='lat' dir='ltr'><strong>meo</strong></span> 
     </span>
     <span class='ocr_line' id='line_1_29' title="bbox 374 3183 2312 3270; baseline -0.001 -19"><span class='ocrx_word' id='word_1_216' title='bbox 374 3183 455 3251; x_wconf 84' lang='lat' dir='ltr'><strong>ad</strong></span> <span class='ocrx_word' id='word_1_217' title='bbox 521 3206 744 3270; x_wconf 86' lang='lat' dir='ltr'><strong>regem</strong></span> <span class='ocrx_word' id='word_1_218' title='bbox 803 3183 1114 3250; x_wconf 90' lang='lat' dir='ltr'><strong>Poloniae</strong></span> <span class='ocrx_word' id='word_1_219' title='bbox 1180 3204 1488 3266; x_wconf 85' lang='lat' dir='ltr'><strong>responso</strong></span> <span class='ocrx_word' id='word_1_220' title='bbox 1517 3183 1574 3266; x_wconf 78' lang='lat'><strong>²)</strong></span> <span class='ocrx_word' id='word_1_221' title='bbox 1641 3183 1757 3248; x_wconf 92' lang='lat' dir='ltr'><strong>tibi</strong></span> <span class='ocrx_word' id='word_1_222' title='bbox 1824 3184 2108 3250; x_wconf 84' lang='lat' dir='ltr'><strong>famulus</strong></span> <span class='ocrx_word' id='word_1_223' title='bbox 2173 3187 2312 3249; x_wconf 87' lang='lat' dir='ltr'><strong>eius</strong></span> 
     </span>
     <span class='ocr_line' id='line_1_30' title="bbox 375 3266 2311 3354; baseline -0.001 -17"><span class='ocrx_word' id='word_1_224' title='bbox 375 3277 777 3350; x_wconf 77' lang='lat' dir='ltr'><strong>narraverat,</strong></span> <span class='ocrx_word' id='word_1_225' title='bbox 832 3290 966 3334; x_wconf 95' lang='lat' dir='ltr'><strong>non</strong></span> <span class='ocrx_word' id='word_1_226' title='bbox 1011 3279 1108 3335; x_wconf 90' lang='lat' dir='ltr'><strong>est</strong></span> <span class='ocrx_word' id='word_1_227' title='bbox 1153 3269 1322 3352; x_wconf 89' lang='lat' dir='ltr'><strong>quod</strong></span> <span class='ocrx_word' id='word_1_228' title='bbox 1368 3266 1586 3335; x_wconf 80' lang='lat' dir='ltr'><strong>videre</strong></span> <span class='ocrx_word' id='word_1_229' title='bbox 1646 3279 1982 3353; x_wconf 88' lang='lat' dir='ltr'><strong>tantopere</strong></span> <span class='ocrx_word' id='word_1_230' title='bbox 2027 3287 2311 3354; x_wconf 84' lang='lat' dir='ltr'><strong>expetas.</strong></span> 
     </span>
     <span class='ocr_line' id='line_1_31' title="bbox 373 3355 2315 3442; baseline -0.001 -21"><span class='ocrx_word' id='word_1_231' title='bbox 373 3358 516 3442; x_wconf 79' lang='lat' dir='ltr'><strong>Ego</strong></span> <span class='ocrx_word' id='word_1_232' title='bbox 573 3357 782 3434; x_wconf 90' lang='lat' dir='ltr'><strong>enim,</strong></span> <span class='ocrx_word' id='word_1_233' title='bbox 850 3356 959 3438; x_wconf 90' lang='lat' dir='ltr'><strong>qui</strong></span> <span class='ocrx_word' id='word_1_234' title='bbox 1017 3357 1170 3420; x_wconf 87' lang='lat' dir='ltr'><strong>novi</strong></span> <span class='ocrx_word' id='word_1_235' title='bbox 1231 3369 1611 3439; x_wconf 87' lang='lat' dir='ltr'><strong>magnatum</strong></span> <span class='ocrx_word' id='word_1_236' title='bbox 1669 3355 1959 3435; x_wconf 86' lang='lat' dir='ltr'><strong>fastidia,</strong></span> <span class='ocrx_word' id='word_1_237' title='bbox 2025 3357 2315 3422; x_wconf 83' lang='lat' dir='ltr'><strong>breviter</strong></span> 
     </span>
     <span class='ocr_line' id='line_1_32' title="bbox 375 3440 2312 3527; baseline 0.001 -19"><span class='ocrx_word' id='word_1_238' title='bbox 375 3452 632 3508; x_wconf 84' lang='lat' dir='ltr'><strong>tantum</strong></span> <span class='ocrx_word' id='word_1_239' title='bbox 677 3463 756 3507; x_wconf 89' lang='lat' dir='ltr'><strong>ea</strong></span> <span class='ocrx_word' id='word_1_240' title='bbox 809 3441 1024 3523; x_wconf 86' lang='lat' dir='ltr'><strong>capita</strong></span> <span class='ocrx_word' id='word_1_241' title='bbox 1060 3440 1141 3505; x_wconf 90' lang='lat' dir='ltr'><strong>de</strong></span> <span class='ocrx_word' id='word_1_242' title='bbox 1186 3440 1418 3523; x_wconf 90' lang='lat' dir='ltr'><strong>quibus</strong></span> <span class='ocrx_word' id='word_1_243' title='bbox 1475 3441 1728 3505; x_wconf 89' lang='lat' dir='ltr'><strong>fueram</strong></span> <span class='ocrx_word' id='word_1_244' title='bbox 1787 3452 2057 3526; x_wconf 88' lang='lat' dir='ltr'><strong>rogatus</strong></span> <span class='ocrx_word' id='word_1_245' title='bbox 2100 3444 2312 3527; x_wconf 83' lang='lat' dir='ltr'><strong>attigi.</strong></span> 
     </span>
     <span class='ocr_line' id='line_1_33' title="bbox 377 3526 2314 3610; baseline -0.001 -16"><span class='ocrx_word' id='word_1_246' title='bbox 377 3527 564 3610; x_wconf 81' lang='lat' dir='ltr'><strong>Quod</strong></span> <span class='ocrx_word' id='word_1_247' title='bbox 610 3528 669 3593; x_wconf 91' lang='lat' dir='ltr'><strong>si</strong></span> <span class='ocrx_word' id='word_1_248' title='bbox 711 3527 888 3593; x_wconf 84' lang='lat' dir='ltr'><strong>voles</strong></span> <span class='ocrx_word' id='word_1_249' title='bbox 933 3526 1266 3591; x_wconf 88' lang='lat' dir='ltr'><strong>dimidiam</strong></span> <span class='ocrx_word' id='word_1_250' title='bbox 1313 3526 1540 3591; x_wconf 89' lang='lat' dir='ltr'><strong>horam</strong></span> <span class='ocrx_word' id='word_1_251' title='bbox 1601 3528 1672 3590; x_wconf 89' lang='lat' dir='ltr'><strong>in</strong></span> <span class='ocrx_word' id='word_1_252' title='bbox 1716 3549 1794 3593; x_wconf 91' lang='lat' dir='ltr'><strong>ea</strong></span> <span class='ocrx_word' id='word_1_253' title='bbox 1843 3528 2117 3594; x_wconf 89' lang='lat' dir='ltr'><strong>lectione</strong></span> <span class='ocrx_word' id='word_1_254' title='bbox 2161 3551 2314 3595; x_wconf 91' lang='lat' dir='ltr'><strong>con·-</strong></span> 
     </span>
     <span class='ocr_line' id='line_1_34' title="bbox 375 3613 2317 3697; baseline -0.002 -16"><span class='ocrx_word' id='word_1_255' title='bbox 375 3636 649 3693; x_wconf 89' lang='lat' dir='ltr'><strong>sumere,</strong></span> <span class='ocrx_word' id='word_1_256' title='bbox 676 3613 1091 3679; x_wconf 60' lang='lat' dir='ltr'><strong>Isismaninus</strong></span> <span class='ocrx_word' id='word_1_257' title='bbox 1127 3614 1282 3697; x_wconf 88' lang='lat' dir='ltr'><strong>ipse,</strong></span> <span class='ocrx_word' id='word_1_258' title='bbox 1316 3621 1392 3677; x_wconf 89' lang='lat' dir='ltr'><strong>ut</strong></span> <span class='ocrx_word' id='word_1_259' title='bbox 1427 3613 1723 3692; x_wconf 86' lang='lat' dir='ltr'><strong>arbitror,</strong></span> <span class='ocrx_word' id='word_1_260' title='bbox 1771 3634 1987 3678; x_wconf 89' lang='lat' dir='ltr'><strong>seeum</strong></span> <span class='ocrx_word' id='word_1_261' title='bbox 2044 3614 2317 3680; x_wconf 88' lang='lat' dir='ltr'><strong>abstulit</strong></span> 
     </span>
     <span class='ocr_line' id='line_1_35' title="bbox 375 3697 2317 3784; baseline 0 -19"><span class='ocrx_word' id='word_1_262' title='bbox 375 3699 740 3784; x_wconf 89' lang='lat' dir='ltr'><strong>exemplar,</strong></span> <span class='ocrx_word' id='word_1_263' title='bbox 808 3700 990 3764; x_wconf 89' lang='lat' dir='ltr'><strong>cuius</strong></span> <span class='ocrx_word' id='word_1_264' title='bbox 1056 3700 1306 3781; x_wconf 85' lang='lat' dir='ltr'><strong>copiam</strong></span> <span class='ocrx_word' id='word_1_265' title='bbox 1388 3699 1504 3762; x_wconf 91' lang='lat' dir='ltr'><strong>tibi</strong></span> <span class='ocrx_word' id='word_1_266' title='bbox 1585 3697 1794 3763; x_wconf 83' lang='lat' dir='ltr'><strong>faciet.</strong></span> <span class='ocrx_word' id='word_1_267' title='bbox 1903 3700 2124 3765; x_wconf 89' lang='lat' dir='ltr'><strong>Unum</strong></span> <span class='ocrx_word' id='word_1_268' title='bbox 2192 3700 2317 3766; x_wconf 93' lang='lat' dir='ltr'><strong>hoc</strong></span> 
     </span>
     <span class='ocr_line' id='line_1_36' title="bbox 375 3783 2313 3868; baseline -0.001 -17"><span class='ocrx_word' id='word_1_269' title='bbox 375 3787 534 3851; x_wconf 90' lang='lat' dir='ltr'><strong>mihi</strong></span> <span class='ocrx_word' id='word_1_270' title='bbox 580 3784 948 3852; x_wconf 75' lang='lat' dir='ltr'><strong>exciderat:</strong></span> <span class='ocrx_word' id='word_1_271' title='bbox 1005 3784 1289 3867; x_wconf 89' lang='lat' dir='ltr'><strong>optimus</strong></span> <span class='ocrx_word' id='word_1_272' title='bbox 1331 3786 1464 3861; x_wconf 83' lang='lat' dir='ltr'><strong>vir,</strong></span> <span class='ocrx_word' id='word_1_273' title='bbox 1527 3783 1681 3848; x_wconf 92' lang='lat' dir='ltr'><strong>dum</strong></span> <span class='ocrx_word' id='word_1_274' title='bbox 1743 3784 1824 3849; x_wconf 91' lang='lat' dir='ltr'><strong>ad</strong></span> <span class='ocrx_word' id='word_1_275' title='bbox 1880 3806 2000 3849; x_wconf 92' lang='lat' dir='ltr'><strong>nos</strong></span> <span class='ocrx_word' id='word_1_276' title='bbox 2042 3786 2313 3868; x_wconf 90' lang='lat' dir='ltr'><strong>appulit,</strong></span> 
     </span>
     <span class='ocr_line' id='line_1_37' title="bbox 377 3870 2313 3954; baseline -0.002 -16"><span class='ocrx_word' id='word_1_277' title='bbox 377 3871 564 3938; x_wconf 82' lang='lat' dir='ltr'><strong>valde</strong></span> <span class='ocrx_word' id='word_1_278' title='bbox 630 3871 949 3938; x_wconf 87' lang='lat' dir='ltr'><strong>sollicitus</strong></span> <span class='ocrx_word' id='word_1_279' title='bbox 1012 3879 1153 3935; x_wconf 90' lang='lat' dir='ltr'><strong>erat</strong></span> <span class='ocrx_word' id='word_1_280' title='bbox 1215 3870 1536 3953; x_wconf 89' lang='lat' dir='ltr'><strong>quomodo</strong></span> <span class='ocrx_word' id='word_1_281' title='bbox 1603 3870 1774 3954; x_wconf 86' lang='lat' dir='ltr'><strong>apud</strong></span> <span class='ocrx_word' id='word_1_282' title='bbox 1841 3884 1904 3936; x_wconf 92' lang='lat' dir='ltr'><strong>te</strong></span> <span class='ocrx_word' id='word_1_283' title='bbox 1968 3879 2313 3938; x_wconf 80' lang='lat' dir='ltr'><strong>excusaret</strong></span> 
     </span>
     <span class='ocr_line' id='line_1_38' title="bbox 376 3954 2316 4042; baseline -0.001 -19"><span class='ocrx_word' id='word_1_284' title='bbox 376 3957 545 4042; x_wconf 88' lang='lat' dir='ltr'><strong>quod</strong></span> <span class='ocrx_word' id='word_1_285' title='bbox 599 3958 668 4022; x_wconf 92' lang='lat' dir='ltr'><strong>in</strong></span> <span class='ocrx_word' id='word_1_286' title='bbox 730 3957 1012 4022; x_wconf 89' lang='lat' dir='ltr'><strong>transitu</strong></span> <span class='ocrx_word' id='word_1_287' title='bbox 1075 3956 1426 4022; x_wconf 88' lang='lat' dir='ltr'><strong>honorifice</strong></span> <span class='ocrx_word' id='word_1_288' title='bbox 1469 3954 1584 4019; x_wconf 90' lang='lat' dir='ltr'><strong>abs</strong></span> <span class='ocrx_word' id='word_1_289' title='bbox 1643 3969 1708 4019; x_wconf 88' lang='lat' dir='ltr'><strong>te</strong></span> <span class='ocrx_word' id='word_1_290' title='bbox 1754 3967 2060 4039; x_wconf 81' lang='lat' dir='ltr'><strong>exceptus</strong></span> <span class='ocrx_word' id='word_1_291' title='bbox 2104 3956 2316 4022; x_wconf 90' lang='lat' dir='ltr'><strong>officio</strong></span> 
     </span>
     <span class='ocr_line' id='line_1_39' title="bbox 377 4039 2316 4126; baseline -0.002 -17"><span class='ocrx_word' id='word_1_292' title='bbox 377 4065 493 4110; x_wconf 87' lang='lat' dir='ltr'><strong>suo</strong></span> <span class='ocrx_word' id='word_1_293' title='bbox 563 4042 892 4108; x_wconf 85' lang='lat' dir='ltr'><strong>defuisset.</strong></span> <span class='ocrx_word' id='word_1_294' title='bbox 1004 4041 1196 4108; x_wconf 91' lang='lat' dir='ltr'><strong>Nunc</strong></span> <span class='ocrx_word' id='word_1_295' title='bbox 1270 4042 1421 4125; x_wconf 88' lang='lat' dir='ltr'><strong>quia</strong></span> <span class='ocrx_word' id='word_1_296' title='bbox 1477 4039 1650 4105; x_wconf 92' lang='lat' dir='ltr'><strong>idem</strong></span> <span class='ocrx_word' id='word_1_297' title='bbox 1710 4043 2042 4125; x_wconf 88' lang='lat' dir='ltr'><strong>repetebat</strong></span> <span class='ocrx_word' id='word_1_298' title='bbox 2100 4042 2316 4126; x_wconf 87' lang='lat' dir='ltr'><strong>quieto</strong></span> 
     </span>
     <span class='ocr_line' id='line_1_40' title="bbox 377 4126 2318 4204; baseline -0.001 -10"><span class='ocrx_word' id='word_1_299' title='bbox 377 4128 596 4195; x_wconf 87' lang='lat' dir='ltr'><strong>animo</strong></span> <span class='ocrx_word' id='word_1_300' title='bbox 653 4150 797 4194; x_wconf 91' lang='lat' dir='ltr'><strong>esse</strong></span> <span class='ocrx_word' id='word_1_301' title='bbox 854 4128 1035 4193; x_wconf 88' lang='lat' dir='ltr'><strong>iussi.</strong></span> <span class='ocrx_word' id='word_1_302' title='bbox 1123 4126 1319 4204; x_wconf 83' lang='lat' dir='ltr'><strong>Vale,</strong></span> <span class='ocrx_word' id='word_1_303' title='bbox 1381 4126 1792 4192; x_wconf 90' lang='lat' dir='ltr'><strong>ornatissime</strong></span> <span class='ocrx_word' id='word_1_304' title='bbox 1839 4129 1941 4192; x_wconf 82' lang='lat' dir='ltr'><strong>vir</strong></span> <span class='ocrx_word' id='word_1_305' title='bbox 1993 4137 2058 4192; x_wconf 88' lang='lat' dir='ltr'><strong>et</strong></span> <span class='ocrx_word' id='word_1_306' title='bbox 2114 4129 2318 4193; x_wconf 86' lang='lat' dir='ltr'><strong>frater</strong></span> 
     </span>
     <span class='ocr_line' id='line_1_41' title="bbox 375 4212 2317 4298; baseline -0.001 -18"><span class='ocrx_word' id='word_1_307' title='bbox 375 4215 539 4280; x_wconf 89' lang='lat' dir='ltr'><strong>mihi</strong></span> <span class='ocrx_word' id='word_1_308' title='bbox 596 4234 857 4298; x_wconf 89' lang='lat' dir='ltr'><strong>semper</strong></span> <span class='ocrx_word' id='word_1_309' title='bbox 912 4212 1329 4280; x_wconf 86' lang='lat' dir='ltr'><strong>observande.</strong></span> <span class='ocrx_word' id='word_1_310' title='bbox 1419 4212 1749 4278; x_wconf 90' lang='lat' dir='ltr'><strong>Dominus</strong></span> <span class='ocrx_word' id='word_1_311' title='bbox 1815 4213 1931 4278; x_wconf 90' lang='lat' dir='ltr'><strong>tibi</strong></span> <span class='ocrx_word' id='word_1_312' title='bbox 1999 4213 2186 4293; x_wconf 89' lang='lat' dir='ltr'><strong>adsit,</strong></span> <span class='ocrx_word' id='word_1_313' title='bbox 2252 4223 2317 4278; x_wconf 90' lang='lat' dir='ltr'><strong>te</strong></span> 
     </span>
     <span class='ocr_line' id='line_1_42' title="bbox 375 4296 2318 4386; baseline -0.001 -20"><span class='ocrx_word' id='word_1_314' title='bbox 375 4299 699 4386; x_wconf 75' lang='lat' dir='ltr'><strong>gubernet</strong></span> <span class='ocrx_word' id='word_1_315' title='bbox 741 4318 818 4364; x_wconf 89' lang='lat' dir='ltr'><strong>ac</strong></span> <span class='ocrx_word' id='word_1_316' title='bbox 850 4306 1117 4365; x_wconf 88' lang='lat' dir='ltr'><strong>tueatur</strong></span> <span class='ocrx_word' id='word_1_317' title='bbox 1150 4318 1298 4363; x_wconf 91' lang='lat' dir='ltr'><strong>cum</strong></span> <span class='ocrx_word' id='word_1_318' title='bbox 1349 4297 1614 4364; x_wconf 82' lang='lat' dir='ltr'><strong>familia.</strong></span> <span class='ocrx_word' id='word_1_319' title='bbox 1682 4296 1732 4363; x_wconf 76' lang='lat' dir='ltr'>S</span> <span class='ocrx_word' id='word_1_320' title='bbox 1849 4309 2101 4385; x_wconf 77' lang='lat' dir='ltr'><strong>mystas</strong></span> <span class='ocrx_word' id='word_1_321' title='bbox 2143 4299 2318 4365; x_wconf 88' lang='lat' dir='ltr'><strong>salu-</strong></span> 
     </span>
     <span class='ocr_line' id='line_1_43' title="bbox 377 4383 2315 4453; baseline -0.001 -2"><span class='ocrx_word' id='word_1_322' title='bbox 377 4386 544 4453; x_wconf 86' lang='lat' dir='ltr'><strong>tabis</strong></span> <span class='ocrx_word' id='word_1_323' title='bbox 601 4393 825 4451; x_wconf 88' lang='lat' dir='ltr'><strong>nostro</strong></span> <span class='ocrx_word' id='word_1_324' title='bbox 879 4385 1156 4451; x_wconf 85' lang='lat' dir='ltr'><strong>nomine.</strong></span> <span class='ocrx_word' id='word_1_325' title='bbox 1249 4384 1561 4450; x_wconf 84' lang='lat' dir='ltr'><strong>Genevae</strong></span> <span class='ocrx_word' id='word_1_326' title='bbox 1623 4388 1679 4449; x_wconf 88' lang='lat'><strong>9.</strong></span> <span class='ocrx_word' id='word_1_327' title='bbox 1786 4383 2066 4452; x_wconf 88' lang='lat' dir='ltr'><strong>ebruarii</strong></span> <span class='ocrx_word' id='word_1_328' title='bbox 2135 4389 2315 4450; x_wconf 85' lang='lat'><strong>1555.</strong></span> 
     </span>
    </p>
   </div>
   <div class='ocr_carea' id='block_1_6' title="bbox 1290 4521 2145 4588">
    <p class='ocr_par' dir='ltr' id='par_1_7' title="bbox 1290 4521 2145 4588">
     <span class='ocr_line' id='line_1_44' title="bbox 1290 4521 2145 4588; baseline 0.001 -2"><span class='ocrx_word' id='word_1_329' title='bbox 1290 4521 1576 4587; x_wconf 86' lang='lat' dir='ltr'><strong>Ioannes</strong></span> <span class='ocrx_word' id='word_1_330' title='bbox 1618 4521 1934 4588; x_wconf 82' lang='lat' dir='ltr'><strong>Calvinus</strong></span> <span class='ocrx_word' id='word_1_331' title='bbox 1977 4535 2145 4588; x_wconf 87' lang='lat' dir='ltr'><strong>tuus.</strong></span> 
     </span>
    </p>
   </div>
   <div class='ocr_carea' id='block_1_7' title="bbox 509 4683 560 4690">
    <p class='ocr_par' dir='ltr' id='par_1_8' title="bbox 509 4683 560 4690">
     <span class='ocr_line' id='line_1_45' title="bbox 509 4683 560 4690; baseline 0.039 -2"><span class='ocrx_word' id='word_1_332' title='bbox 509 4683 560 4690; x_wconf 41' lang='lat' dir='ltr'><strong>r...—</strong></span> 
     </span>
    </p>
   </div>
   <div class='ocr_carea' id='block_1_8' title="bbox 371 4775 2319 5058">
    <p class='ocr_par' dir='ltr' id='par_1_9' title="bbox 371 4775 2319 5058">
     <span class='ocr_line' id='line_1_46' title="bbox 544 4775 2319 4847; baseline -0.001 -13"><span class='ocrx_word' id='word_1_333' title='bbox 544 4821 557 4834; x_wconf 88' lang='lat'><strong>.</strong></span> <span class='ocrx_word' id='word_1_334' title='bbox 575 4780 635 4847; x_wconf 94' lang='lat'><strong>1)</strong></span> <span class='ocrx_word' id='word_1_335' title='bbox 676 4780 818 4836; x_wconf 73' lang='lat' dir='ltr'><strong>eave</strong></span> <span class='ocrx_word' id='word_1_336' title='bbox 852 4780 1047 4834; x_wconf 63' lang='lat' dir='ltr'><strong>creda</strong></span> <span class='ocrx_word' id='word_1_337' title='bbox 1066 4776 1454 4833; x_wconf 59' lang='lat' dir='ltr'><strong>muman-</strong></span> <span class='ocrx_word' id='word_1_338' title='bbox 1479 4779 1642 4847; x_wconf 72' lang='lat' dir='ltr'><strong>pn‘us</strong></span> <span class='ocrx_word' id='word_1_339' title='bbox 1662 4775 1910 4834; x_wconf 71' lang='grc' dir='ltr'><strong>θοπσυοσ</strong></span> <span class='ocrx_word' id='word_1_340' title='bbox 1936 4784 2319 4833; x_wconf 64' lang='lat' dir='ltr'><strong>comarum</strong></span> 
     </span>
     <span class='ocr_line' id='line_1_47' title="bbox 541 4845 2319 4930; baseline -0.001 -26"><span class='ocrx_word' id='word_1_341' title='bbox 541 4846 1696 4930; x_wconf 44' lang='lat' dir='ltr'><strong>dmunTuricunmipsaethactms·</strong></span> <span class='ocrx_word' id='word_1_342' title='bbox 1854 4849 1909 4929; x_wconf 49' lang='lat'><strong>⁸.</strong></span> <span class='ocrx_word' id='word_1_343' title='bbox 2020 4845 2319 4929; x_wconf 38' lang='lat' dir='ltr'><strong>‚mLubn&#39;o-</strong></span> 
     </span>
     <span class='ocr_line' id='line_1_48' title="bbox 371 4914 2174 5058; baseline -0.001 -18"><span class='ocrx_word' id='word_1_344' title='bbox 371 4921 614 4975; x_wconf 56' lang='grc' dir='ltr'><strong>*Μ’</strong></span> <span class='ocrx_word' id='word_1_345' title='bbox 513 4920 525 4932; x_wconf 83' lang='grc'><strong>’</strong></span> <span class='ocrx_word' id='word_1_346' title='bbox 585 4917 1299 5058; x_wconf 46' lang='grc' dir='ltr'><strong>ωρῶἓῖέοψω</strong></span> <span class='ocrx_word' id='word_1_347' title='bbox 1332 4921 1545 4972; x_wconf 68' lang='grc'><strong>·’“”’·</strong></span> <span class='ocrx_word' id='word_1_348' title='bbox 1627 4914 1760 4970; x_wconf 77' lang='lat'><strong>&#39;⁷⁸⁶¹‘</strong></span> <span class='ocrx_word' id='word_1_349' title='bbox 1789 4921 1973 4984; x_wconf 60' lang='lat' dir='ltr'><strong>&#39;m‘</strong></span> <span class='ocrx_word' id='word_1_350' title='bbox 2004 4915 2174 4982; x_wconf 53' lang='lat' dir='ltr'><strong>”sm</strong></span> 
     </span>
    </p>
   </div>
   <div class='ocr_carea' id='block_1_9' title="bbox 377 4781 543 4836">
    <p class='ocr_par' dir='ltr' id='par_1_10' title="bbox 377 4781 543 4836">
     <span class='ocr_line' id='line_1_49' title="bbox 377 4781 543 4836; textangle 90"><span class='ocrx_word' id='word_1_351' title='bbox 377 4781 543 4836; x_wconf 71' lang='grc' dir='ltr'>ἔ</span> 
     </span>
    </p>
   </div>
   <div class='ocr_carea' id='block_1_10' title="bbox 373 4850 510 4905">
    <p class='ocr_par' dir='ltr' id='par_1_11' title="bbox 373 4850 510 4905">
     <span class='ocr_line' id='line_1_50' title="bbox 373 4850 510 4905; textangle 90"><span class='ocrx_word' id='word_1_352' title='bbox 373 4850 510 4905; x_wconf 64' lang='lat' dir='ltr'><strong>t</strong></span> 
     </span>
    </p>
   </div>
   <div class='ocr_carea' id='block_1_11' title="bbox 2029 510 2701 580">
    <p class='ocr_par' dir='ltr' id='par_1_12' title="bbox 2029 510 2701 580">
     <span class='ocr_line' id='line_1_51' title="bbox 2029 510 2701 580; baseline 0.001 -4"><span class='ocrx_word' id='word_1_353' title='bbox 2029 515 2192 576; x_wconf 74' lang='lat'><strong>1555</strong></span> <span class='ocrx_word' id='word_1_354' title='bbox 2236 510 2701 580; x_wconf 76' lang='lat' dir='ltr'><strong>FEBRUAR.</strong></span> 
     </span>
    </p>
   </div>
   <div class='ocr_carea' id='block_1_12' title="bbox 2361 701 2378 5462">
    <p class='ocr_par' dir='ltr' id='par_1_13' title="bbox 2361 701 2378 5462">
     <span class='ocr_line' id='line_1_52' title="bbox 2361 701 2378 5462; baseline 0 0"><span class='ocrx_word' id='word_1_355' title='bbox 2361 701 2378 5462; x_wconf 95' lang='lat' dir='ltr'><strong> </strong></span> 
     </span>
    </p>
   </div>
   <div class='ocr_carea' id='block_1_13' title="bbox 4228 518 4354 578">
    <p class='ocr_par' dir='ltr' id='par_1_14' title="bbox 4228 518 4354 578">
     <span class='ocr_line' id='line_1_53' title="bbox 4228 518 4354 578; baseline 0 0"><span class='ocrx_word' id='word_1_356' title='bbox 4228 518 4354 578; x_wconf 76' lang='lat'><strong>426</strong></span> 
     </span>
    </p>
   </div>
   <div class='ocr_carea' id='block_1_14' title="bbox 2938 699 3849 922">
    <p class='ocr_par' dir='ltr' id='par_1_15' title="bbox 2938 699 3849 922">
     <span class='ocr_line' id='line_1_54' title="bbox 3301 699 3482 770; baseline -0.017 0"><span class='ocrx_word' id='word_1_357' title='bbox 3301 699 3482 770; x_wconf 94' lang='grc'>2111.</span> 
     </span>
     <span class='ocr_line' id='line_1_55' title="bbox 2938 850 3849 922; baseline 0.001 -4"><span class='ocrx_word' id='word_1_358' title='bbox 2938 850 3344 922; x_wconf 74' lang='lat' dir='ltr'>VIRETUS</span> <span class='ocrx_word' id='word_1_359' title='bbox 3388 853 3849 922; x_wconf 80' lang='lat' dir='ltr'><strong>FARELLO.</strong></span> 
     </span>
    </p>
   </div>
   <div class='ocr_carea' id='block_1_15' title="bbox 2594 1020 3879 1108">
    <p class='ocr_par' dir='ltr' id='par_1_16' title="bbox 2594 1020 3879 1108">
     <span class='ocr_line' id='line_1_56' title="bbox 2594 1020 3879 1108; baseline 0.002 -21"><span class='ocrx_word' id='word_1_360' title='bbox 2594 1020 2808 1088; x_wconf 63' lang='lat' dir='ltr'><strong>Plura</strong></span> <span class='ocrx_word' id='word_1_361' title='bbox 2848 1028 2905 1088; x_wconf 64' lang='lat' dir='ltr'><strong><em>d</em></strong></span> <span class='ocrx_word' id='word_1_362' title='bbox 2942 1025 3129 1089; x_wconf 65' lang='lat' dir='ltr'><strong>varia</strong></span> <span class='ocrx_word' id='word_1_363' title='bbox 3170 1023 3359 1090; x_wconf 67' lang='lat' dir='ltr'><strong>obiter</strong></span> <span class='ocrx_word' id='word_1_364' title='bbox 3398 1030 3455 1090; x_wconf 79' lang='lat' dir='ltr'><strong>et</strong></span> <span class='ocrx_word' id='word_1_365' title='bbox 3492 1025 3879 1108; x_wconf 73' lang='lat' dir='ltr'><strong>festinanter.</strong></span> 
     </span>
    </p>
   </div>
   <div class='ocr_carea' id='block_1_16' title="bbox 2418 1192 4353 1333">
    <p class='ocr_par' dir='ltr' id='par_1_17' title="bbox 2418 1192 4353 1333">
     <span class='ocr_line' id='line_1_57' title="bbox 2418 1192 4353 1270; baseline 0.003 -24"><span class='ocrx_word' id='word_1_366' title='bbox 2418 1192 2530 1257; x_wconf 74' lang='lat' dir='ltr'><strong>(Ex</strong></span> <span class='ocrx_word' id='word_1_367' title='bbox 2581 1197 2918 1264; x_wconf 66' lang='lat' dir='ltr'><strong>autographo</strong></span> <span class='ocrx_word' id='word_1_368' title='bbox 2962 1194 3330 1248; x_wconf 77' lang='lat' dir='ltr'><strong>Bibliothecae</strong></span> <span class='ocrx_word' id='word_1_369' title='bbox 3377 1204 3654 1264; x_wconf 81' lang='lat' dir='ltr'><strong>pastorum</strong></span> <span class='ocrx_word' id='word_1_370' title='bbox 3703 1197 4164 1267; x_wconf 76' lang='lat' dir='ltr'><strong>Neoeomensinm,</strong></span> <span class='ocrx_word' id='word_1_371' title='bbox 4214 1199 4353 1270; x_wconf 75' lang='lat' dir='ltr'><strong>Epp.</strong></span> 
     </span>
     <span class='ocr_line' id='line_1_58' title="bbox 3051 1263 3736 1333; baseline -0.003 -15"><span class='ocrx_word' id='word_1_372' title='bbox 3051 1263 3227 1318; x_wconf 72' lang='lat' dir='ltr'><strong>vii-oti</strong></span> <span class='ocrx_word' id='word_1_373' title='bbox 3259 1264 3387 1319; x_wconf 72' lang='lat' dir='ltr'><strong>tanc.</strong></span> <span class='ocrx_word' id='word_1_374' title='bbox 3426 1264 3520 1319; x_wconf 80' lang='lat' dir='ltr'><strong>tx.</strong></span> <span class='ocrx_word' id='word_1_375' title='bbox 3555 1265 3623 1320; x_wconf 72' lang='lat' dir='ltr'><strong>N.</strong></span> <span class='ocrx_word' id='word_1_376' title='bbox 3656 1264 3736 1333; x_wconf 77' lang='lat'><strong>5.)</strong></span> 
     </span>
    </p>
   </div>
   <div class='ocr_carea' id='block_1_17' title="bbox 2414 1433 4356 1759">
    <p class='ocr_par' dir='ltr' id='par_1_18' title="bbox 2414 1433 4356 1759">
     <span class='ocr_line' id='line_1_59' title="bbox 2585 1433 4355 1518; baseline 0.002 -17"><span class='ocrx_word' id='word_1_377' title='bbox 2585 1433 3163 1502; x_wconf 82' lang='lat' dir='ltr'><strong>Praestantissimo</strong></span> <span class='ocrx_word' id='word_1_378' title='bbox 3185 1434 3435 1502; x_wconf 84' lang='lat' dir='ltr'><strong>Christi</strong></span> <span class='ocrx_word' id='word_1_379' title='bbox 3480 1456 3669 1503; x_wconf 82' lang='lat' dir='ltr'><strong>servo</strong></span> <span class='ocrx_word' id='word_1_380' title='bbox 3691 1436 4047 1503; x_wconf 81' lang='lat' dir='ltr'><strong>Guilielmo</strong></span> <span class='ocrx_word' id='word_1_381' title='bbox 4075 1436 4355 1518; x_wconf 81' lang='lat' dir='ltr'><strong>Farello,</strong></span> 
     </span>
     <span class='ocr_line' id='line_1_60' title="bbox 2414 1518 4356 1606; baseline 0.002 -22"><span class='ocrx_word' id='word_1_382' title='bbox 2414 1518 2480 1584; x_wconf 86' lang='lat' dir='ltr'>N</span> <span class='ocrx_word' id='word_1_383' title='bbox 2480 1520 2881 1587; x_wconf 87' lang='lat' dir='ltr'><strong>eocomensis</strong></span> <span class='ocrx_word' id='word_1_384' title='bbox 2936 1520 3243 1587; x_wconf 86' lang='lat' dir='ltr'><strong>ccclesiae</strong></span> <span class='ocrx_word' id='word_1_385' title='bbox 3298 1521 3548 1604; x_wconf 84' lang='lat' dir='ltr'><strong>pastori</strong></span> <span class='ocrx_word' id='word_1_386' title='bbox 3604 1521 4106 1606; x_wconf 86' lang='lat' dir='ltr'><strong>vigilantissimo</strong></span> <span class='ocrx_word' id='word_1_387' title='bbox 4171 1523 4356 1588; x_wconf 84' lang='lat' dir='ltr'><strong>fratri</strong></span> 
     </span>
     <span class='ocr_line' id='line_1_61' title="bbox 2414 1606 4183 1759; baseline 0.001 -89"><span class='ocrx_word' id='word_1_388' title='bbox 2414 1614 2483 1670; x_wconf 92' lang='lat' dir='ltr'><strong>et</strong></span> <span class='ocrx_word' id='word_1_389' title='bbox 2524 1607 2697 1689; x_wconf 82' lang='lat' dir='ltr'><strong>patri</strong></span> <span class='ocrx_word' id='word_1_390' title='bbox 2740 1626 2858 1671; x_wconf 90' lang='lat' dir='ltr'><strong>suo</strong></span> <span class='ocrx_word' id='word_1_391' title='bbox 2899 1606 3255 1691; x_wconf 88' lang='lat' dir='ltr'><strong>plurimum</strong></span> <span class='ocrx_word' id='word_1_392' title='bbox 3301 1607 3691 1673; x_wconf 85' lang='lat' dir='ltr'><strong>venerando.</strong></span> <span class='ocrx_word' id='word_1_393' title='bbox 3860 1692 4183 1759; x_wconf 46' lang='lat' dir='ltr'><strong>Neommi·</strong></span> 
     </span>
    </p>
   </div>
   <div class='ocr_carea' id='block_1_18' title="bbox 2412 1841 4358 3880">
    <p class='ocr_par' dir='ltr' id='par_1_19' title="bbox 2414 1841 4355 2184">
     <span class='ocr_line' id='line_1_62' title="bbox 2586 1841 4354 1929; baseline 0.002 -20"><span class='ocrx_word' id='word_1_394' title='bbox 2586 1841 2656 1910; x_wconf 76' lang='lat' dir='ltr'><strong>S.</strong></span> <span class='ocrx_word' id='word_1_395' title='bbox 2724 1842 2901 1926; x_wconf 78' lang='lat' dir='ltr'><strong>Quia</strong></span> <span class='ocrx_word' id='word_1_396' title='bbox 2942 1845 3184 1927; x_wconf 87' lang='lat' dir='ltr'><strong>promit</strong></span> <span class='ocrx_word' id='word_1_397' title='bbox 3238 1845 3547 1926; x_wconf 86' lang='lat' dir='ltr'><strong>temporis</strong></span> <span class='ocrx_word' id='word_1_398' title='bbox 3600 1847 3929 1929; x_wconf 88' lang='lat' dir='ltr'><strong>angustia,</strong></span> <span class='ocrx_word' id='word_1_399' title='bbox 3988 1867 4119 1911; x_wconf 89' lang='lat' dir='ltr'><strong>non</strong></span> <span class='ocrx_word' id='word_1_400' title='bbox 4166 1856 4354 1913; x_wconf 87' lang='lat' dir='ltr'><strong>vacat</strong></span> 
     </span>
     <span class='ocr_line' id='line_1_63' title="bbox 2415 1929 4353 2013; baseline 0.002 -19"><span class='ocrx_word' id='word_1_401' title='bbox 2415 1929 2646 1995; x_wconf 87' lang='lat' dir='ltr'><strong>multis</strong></span> <span class='ocrx_word' id='word_1_402' title='bbox 2701 1938 2918 1996; x_wconf 89' lang='lat' dir='ltr'><strong>tecum</strong></span> <span class='ocrx_word' id='word_1_403' title='bbox 2974 1950 3197 2013; x_wconf 87' lang='lat' dir='ltr'><strong>agere,</strong></span> <span class='ocrx_word' id='word_1_404' title='bbox 3255 1950 3375 1997; x_wconf 90' lang='lat' dir='ltr'><strong>nec</strong></span> <span class='ocrx_word' id='word_1_405' title='bbox 3417 1929 3613 1996; x_wconf 80' lang='lat' dir='ltr'><strong>valde</strong></span> <span class='ocrx_word' id='word_1_406' title='bbox 3670 1951 3932 1997; x_wconf 89' lang='lat' dir='ltr'><strong>necesse</strong></span> <span class='ocrx_word' id='word_1_407' title='bbox 3975 1944 4091 1997; x_wconf 89' lang='lat' dir='ltr'><strong>est.</strong></span> <span class='ocrx_word' id='word_1_408' title='bbox 4181 1932 4353 1998; x_wconf 90' lang='lat' dir='ltr'><strong>Nam</strong></span> 
     </span>
     <span class='ocr_line' id='line_1_64' title="bbox 2414 2015 4355 2097; baseline 0.002 -17"><span class='ocrx_word' id='word_1_409' title='bbox 2414 2015 2792 2081; x_wconf 90' lang='lat' dir='ltr'><strong>tabellarius</strong></span> <span class='ocrx_word' id='word_1_410' title='bbox 2833 2016 3072 2079; x_wconf 89' lang='lat' dir='ltr'><strong>referet</strong></span> <span class='ocrx_word' id='word_1_411' title='bbox 3106 2035 3233 2097; x_wconf 89' lang='lat' dir='ltr'><strong>quo</strong></span> <span class='ocrx_word' id='word_1_412' title='bbox 3276 2016 3349 2079; x_wconf 90' lang='lat' dir='ltr'><strong>in</strong></span> <span class='ocrx_word' id='word_1_413' title='bbox 3393 2024 3567 2080; x_wconf 85' lang='lat' dir='ltr'><strong>statu</strong></span> <span class='ocrx_word' id='word_1_414' title='bbox 3611 2037 3718 2081; x_wconf 88' lang='lat' dir='ltr'><strong>res</strong></span> <span class='ocrx_word' id='word_1_415' title='bbox 3754 2016 4239 2083; x_wconf 80' lang='lat' dir='ltr'><strong>Genevensium</strong></span> <span class='ocrx_word' id='word_1_416' title='bbox 4287 2028 4355 2083; x_wconf 86' lang='lat' dir='ltr'><strong>et</strong></span> 
     </span>
     <span class='ocr_line' id='line_1_65' title="bbox 2415 2099 4355 2184; baseline 0.001 -18"><span class='ocrx_word' id='word_1_417' title='bbox 2415 2114 2674 2166; x_wconf 86' lang='lat' dir='ltr'><strong>nostras</strong></span> <span class='ocrx_word' id='word_1_418' title='bbox 2717 2101 3046 2183; x_wconf 88' lang='lat' dir='ltr'><strong>relinquit.</strong></span> <span class='ocrx_word' id='word_1_419' title='bbox 3127 2099 3528 2167; x_wconf 86' lang='lat' dir='ltr'><strong>Laudandus</strong></span> <span class='ocrx_word' id='word_1_420' title='bbox 3562 2101 3748 2166; x_wconf 91' lang='lat' dir='ltr'><strong>Deus</strong></span> <span class='ocrx_word' id='word_1_421' title='bbox 3791 2104 3903 2184; x_wconf 89' lang='lat' dir='ltr'><strong>qui</strong></span> <span class='ocrx_word' id='word_1_422' title='bbox 3948 2102 4194 2168; x_wconf 86' lang='lat' dir='ltr'><strong>retudit</strong></span> <span class='ocrx_word' id='word_1_423' title='bbox 4233 2104 4355 2167; x_wconf 93' lang='lat' dir='ltr'><strong>im-</strong></span> 
     </span>
    </p>

    <p class='ocr_par' dir='ltr' id='par_1_20' title="bbox 2412 2184 4355 3195">
     <span class='ocr_line' id='line_1_66' title="bbox 2460 2184 4355 2270; baseline 0.002 -19"><span class='ocrx_word' id='word_1_424' title='bbox 2460 2188 2556 2251; x_wconf 91' lang='lat' dir='ltr'><strong>ios</strong></span> <span class='ocrx_word' id='word_1_425' title='bbox 2598 2186 2883 2251; x_wconf 88' lang='lat' dir='ltr'><strong>hostium</strong></span> <span class='ocrx_word' id='word_1_426' title='bbox 2923 2195 3193 2251; x_wconf 88' lang='lat' dir='ltr'><strong>conatus</strong></span> <span class='ocrx_word' id='word_1_427' title='bbox 3215 2184 3546 2252; x_wconf 80' lang='lat' dir='ltr'><strong>Genevae.</strong></span> <span class='ocrx_word' id='word_1_428' title='bbox 3576 2190 3625 2261; x_wconf 88' lang='lat'><strong>¹)</strong></span> <span class='ocrx_word' id='word_1_429' title='bbox 3691 2186 3909 2267; x_wconf 80' lang='lat' dir='ltr'><strong>Quum</strong></span> <span class='ocrx_word' id='word_1_430' title='bbox 3947 2208 4159 2270; x_wconf 89' lang='lat' dir='ltr'><strong>nuper</strong></span> <span class='ocrx_word' id='word_1_431' title='bbox 4192 2189 4355 2254; x_wconf 87' lang='lat' dir='ltr'><strong>meis</strong></span> 
     </span>
     <span class='ocr_line' id='line_1_67' title="bbox 2446 2271 4355 2354; baseline 0.002 -18"><span class='ocrx_word' id='word_1_432' title='bbox 2446 2272 2623 2336; x_wconf 86' lang='lat' dir='ltr'><strong>‘teris</strong></span> <span class='ocrx_word' id='word_1_433' title='bbox 2689 2271 3093 2354; x_wconf 87' lang='lat' dir='ltr'><strong>scripsissem</strong></span> <span class='ocrx_word' id='word_1_434' title='bbox 3152 2293 3256 2336; x_wconf 93' lang='lat' dir='ltr'><strong>me</strong></span> <span class='ocrx_word' id='word_1_435' title='bbox 3321 2272 3521 2337; x_wconf 86' lang='lat' dir='ltr'><strong>simul</strong></span> <span class='ocrx_word' id='word_1_436' title='bbox 3574 2274 3836 2339; x_wconf 88' lang='lat' dir='ltr'><strong>mittere</strong></span> <span class='ocrx_word' id='word_1_437' title='bbox 3897 2272 4147 2338; x_wconf 77' lang='lat' dir='ltr'><strong>Galm&#39;ni</strong></span> <span class='ocrx_word' id='word_1_438' title='bbox 4210 2274 4355 2339; x_wconf 85' lang='lat' dir='ltr'><strong>lite-</strong></span> 
     </span>
     <span class='ocr_line' id='line_1_68' title="bbox 2412 2356 4354 2441; baseline 0 -18"><span class='ocrx_word' id='word_1_439' title='bbox 2412 2378 2541 2435; x_wconf 88' lang='lat' dir='ltr'><strong>ras,</strong></span> <span class='ocrx_word' id='word_1_440' title='bbox 2562 2356 2618 2441; x_wconf 77' lang='lat'><strong>⁴²)</strong></span> <span class='ocrx_word' id='word_1_441' title='bbox 2676 2359 2803 2421; x_wconf 90' lang='lat' dir='ltr'><strong>mei</strong></span> <span class='ocrx_word' id='word_1_442' title='bbox 2864 2357 3168 2439; x_wconf 87' lang='lat' dir='ltr'><strong>promissi</strong></span> <span class='ocrx_word' id='word_1_443' title='bbox 3226 2356 3463 2423; x_wconf 89' lang='lat' dir='ltr'><strong>oblitus</strong></span> <span class='ocrx_word' id='word_1_444' title='bbox 3529 2379 3672 2423; x_wconf 88' lang='lat' dir='ltr'><strong>sum</strong></span> <span class='ocrx_word' id='word_1_445' title='bbox 3742 2380 3940 2441; x_wconf 88' lang='lat' dir='ltr'><strong>quum</strong></span> <span class='ocrx_word' id='word_1_446' title='bbox 4000 2379 4180 2424; x_wconf 87' lang='lat' dir='ltr'><strong>meas</strong></span> <span class='ocrx_word' id='word_1_447' title='bbox 4242 2359 4354 2424; x_wconf 90' lang='lat' dir='ltr'><strong>ob-</strong></span> 
     </span>
     <span class='ocr_line' id='line_1_69' title="bbox 2413 2441 4355 2527; baseline 0.001 -19"><span class='ocrx_word' id='word_1_448' title='bbox 2413 2445 2761 2527; x_wconf 88' lang='lat' dir='ltr'><strong>signarem.</strong></span> <span class='ocrx_word' id='word_1_449' title='bbox 2851 2441 2986 2508; x_wconf 79' lang='lat' dir='ltr'><strong>Sed</strong></span> <span class='ocrx_word' id='word_1_450' title='bbox 3044 2443 3206 2508; x_wconf 91' lang='lat' dir='ltr'><strong>bene</strong></span> <span class='ocrx_word' id='word_1_451' title='bbox 3262 2444 3459 2508; x_wconf 89' lang='lat' dir='ltr'><strong>habet</strong></span> <span class='ocrx_word' id='word_1_452' title='bbox 3514 2444 3681 2526; x_wconf 89' lang='lat' dir='ltr'><strong>quod</strong></span> <span class='ocrx_word' id='word_1_453' title='bbox 3741 2444 3946 2509; x_wconf 86' lang='lat' dir='ltr'><strong>literis</strong></span> <span class='ocrx_word' id='word_1_454' title='bbox 4002 2444 4355 2510; x_wconf 72' lang='lat' dir='ltr'><strong>Raimumii</strong></span> 
     </span>
     <span class='ocr_line' id='line_1_70' title="bbox 2413 2526 4355 2612; baseline 0 -18"><span class='ocrx_word' id='word_1_455' title='bbox 2413 2549 2640 2594; x_wconf 87' lang='lat' dir='ltr'><strong>eorum</strong></span> <span class='ocrx_word' id='word_1_456' title='bbox 2686 2528 2887 2593; x_wconf 88' lang='lat' dir='ltr'><strong>fueris</strong></span> <span class='ocrx_word' id='word_1_457' title='bbox 2930 2526 3301 2594; x_wconf 87' lang='lat' dir='ltr'><strong>admonitus</strong></span> <span class='ocrx_word' id='word_1_458' title='bbox 3335 2549 3501 2612; x_wconf 89' lang='lat' dir='ltr'><strong>quae</strong></span> <span class='ocrx_word' id='word_1_459' title='bbox 3544 2529 3749 2596; x_wconf 88' lang='lat' dir='ltr'><strong>literis</strong></span> <span class='ocrx_word' id='word_1_460' title='bbox 3776 2530 4026 2595; x_wconf 79' lang='lat' dir='ltr'><strong>Calvini</strong></span> <span class='ocrx_word' id='word_1_461' title='bbox 4064 2533 4355 2595; x_wconf 89' lang='lat' dir='ltr'><strong>contine-</strong></span> 
     </span>
     <span class='ocr_line' id='line_1_71' title="bbox 2415 2614 4354 2682; baseline 0.002 -3"><span class='ocrx_word' id='word_1_462' title='bbox 2415 2615 2655 2680; x_wconf 87' lang='lat' dir='ltr'><strong>bantur</strong></span> <span class='ocrx_word' id='word_1_463' title='bbox 2699 2614 2778 2678; x_wconf 90' lang='lat' dir='ltr'><strong>de</strong></span> <span class='ocrx_word' id='word_1_464' title='bbox 2821 2614 3280 2679; x_wconf 87' lang='lat' dir='ltr'><strong>constitutione</strong></span> <span class='ocrx_word' id='word_1_465' title='bbox 3324 2624 3391 2679; x_wconf 91' lang='lat' dir='ltr'><strong>et</strong></span> <span class='ocrx_word' id='word_1_466' title='bbox 3437 2617 3925 2680; x_wconf 85' lang='lat' dir='ltr'><strong>confirmatione</strong></span> <span class='ocrx_word' id='word_1_467' title='bbox 3968 2615 4354 2682; x_wconf 87' lang='lat' dir='ltr'><strong>consistorii.</strong></span> 
     </span>
     <span class='ocr_line' id='line_1_72' title="bbox 2416 2699 4355 2767; baseline -0.001 -2"><span class='ocrx_word' id='word_1_468' title='bbox 2416 2701 2608 2766; x_wconf 87' lang='lat' dir='ltr'><strong>Nunc</strong></span> <span class='ocrx_word' id='word_1_469' title='bbox 2651 2700 2871 2765; x_wconf 90' lang='lat' dir='ltr'><strong>omnia</strong></span> <span class='ocrx_word' id='word_1_470' title='bbox 2916 2701 3120 2764; x_wconf 88' lang='lat' dir='ltr'><strong>multo</strong></span> <span class='ocrx_word' id='word_1_471' title='bbox 3162 2700 3415 2766; x_wconf 89' lang='lat' dir='ltr'><strong>felicius</strong></span> <span class='ocrx_word' id='word_1_472' title='bbox 3460 2699 3675 2767; x_wconf 88' lang='lat' dir='ltr'><strong>adhuc</strong></span> <span class='ocrx_word' id='word_1_473' title='bbox 3719 2709 4186 2767; x_wconf 89' lang='lat' dir='ltr'><strong>successerunt.</strong></span> <span class='ocrx_word' id='word_1_474' title='bbox 4254 2699 4355 2764; x_wconf 90' lang='lat' dir='ltr'><strong>Pii</strong></span> 
     </span>
     <span class='ocr_line' id='line_1_73' title="bbox 2416 2783 4353 2869; baseline -0.001 -18"><span class='ocrx_word' id='word_1_475' title='bbox 2416 2797 2574 2851; x_wconf 91' lang='lat' dir='ltr'><strong>sunt</strong></span> <span class='ocrx_word' id='word_1_476' title='bbox 2617 2783 2891 2869; x_wconf 83' lang='lat' dir='ltr'><strong>syndici,</strong></span> <span class='ocrx_word' id='word_1_477' title='bbox 2917 2787 2969 2857; x_wconf 75' lang='lat'><strong>⁸)</strong></span> <span class='ocrx_word' id='word_1_478' title='bbox 3017 2784 3096 2850; x_wconf 91' lang='lat' dir='ltr'><strong>de</strong></span> <span class='ocrx_word' id='word_1_479' title='bbox 3140 2786 3375 2867; x_wconf 91' lang='lat' dir='ltr'><strong>quibus</strong></span> <span class='ocrx_word' id='word_1_480' title='bbox 3419 2787 3667 2868; x_wconf 90' lang='lat' dir='ltr'><strong>optima</strong></span> <span class='ocrx_word' id='word_1_481' title='bbox 3710 2807 3856 2868; x_wconf 89' lang='lat' dir='ltr'><strong>spes</strong></span> <span class='ocrx_word' id='word_1_482' title='bbox 3900 2796 4018 2865; x_wconf 90' lang='lat' dir='ltr'><strong>est,</strong></span> <span class='ocrx_word' id='word_1_483' title='bbox 4065 2808 4186 2852; x_wconf 88' lang='lat' dir='ltr'><strong>nec</strong></span> <span class='ocrx_word' id='word_1_484' title='bbox 4228 2785 4353 2849; x_wconf 89' lang='lat' dir='ltr'><strong>mi-</strong></span> 
     </span>
     <span class='ocr_line' id='line_1_74' title="bbox 2415 2869 4353 2955; baseline -0.001 -18"><span class='ocrx_word' id='word_1_485' title='bbox 2415 2892 2536 2937; x_wconf 96' lang='lat' dir='ltr'><strong>nor</strong></span> <span class='ocrx_word' id='word_1_486' title='bbox 2592 2870 2672 2937; x_wconf 92' lang='lat' dir='ltr'><strong>de</strong></span> <span class='ocrx_word' id='word_1_487' title='bbox 2715 2869 2963 2936; x_wconf 88' lang='lat' dir='ltr'><strong>duobus</strong></span> <span class='ocrx_word' id='word_1_488' title='bbox 3020 2870 3150 2935; x_wconf 89' lang='lat' dir='ltr'><strong>illis</strong></span> <span class='ocrx_word' id='word_1_489' title='bbox 3190 2872 3299 2954; x_wconf 87' lang='lat' dir='ltr'><strong>qui</strong></span> <span class='ocrx_word' id='word_1_490' title='bbox 3359 2872 3429 2935; x_wconf 89' lang='lat' dir='ltr'><strong>in</strong></span> <span class='ocrx_word' id='word_1_491' title='bbox 3482 2884 3782 2937; x_wconf 84' lang='lat' dir='ltr'><strong>senatum</strong></span> <span class='ocrx_word' id='word_1_492' title='bbox 3838 2872 4123 2955; x_wconf 89' lang='lat' dir='ltr'><strong>cooptati</strong></span> <span class='ocrx_word' id='word_1_493' title='bbox 4181 2880 4353 2936; x_wconf 86' lang='lat' dir='ltr'><strong>sunt.</strong></span> 
     </span>
     <span class='ocr_line' id='line_1_75' title="bbox 2415 2955 4355 3041; baseline -0.002 -18"><span class='ocrx_word' id='word_1_494' title='bbox 2415 2955 2552 3023; x_wconf 80' lang='lat' dir='ltr'><strong>Sed</strong></span> <span class='ocrx_word' id='word_1_495' title='bbox 2595 2957 2747 3039; x_wconf 88' lang='lat' dir='ltr'><strong>quia</strong></span> <span class='ocrx_word' id='word_1_496' title='bbox 2800 2957 2963 3022; x_wconf 85' lang='lat' dir='ltr'><strong>haec</strong></span> <span class='ocrx_word' id='word_1_497' title='bbox 3015 2958 3234 3021; x_wconf 88' lang='lat' dir='ltr'><strong>omnia</strong></span> <span class='ocrx_word' id='word_1_498' title='bbox 3290 2956 3525 3022; x_wconf 89' lang='lat' dir='ltr'><strong>melius</strong></span> <span class='ocrx_word' id='word_1_499' title='bbox 3580 2977 3931 3041; x_wconf 83' lang='lat' dir='ltr'><strong>cognosces</strong></span> <span class='ocrx_word' id='word_1_500' title='bbox 3974 2979 4055 3022; x_wconf 92' lang='lat' dir='ltr'><strong>ex</strong></span> <span class='ocrx_word' id='word_1_501' title='bbox 4107 2956 4355 3021; x_wconf 75' lang='lat' dir='ltr'><strong>Calvini</strong></span> 
     </span>
     <span class='ocr_line' id='line_1_76' title="bbox 2416 3041 4355 3195; baseline -0.001 -85"><span class='ocrx_word' id='word_1_502' title='bbox 2416 3043 2622 3195; x_wconf 56' lang='lat' dir='ltr'><strong>lliterig</strong></span> <span class='ocrx_word' id='word_1_503' title='bbox 2684 3052 2753 3108; x_wconf 91' lang='lat' dir='ltr'><strong>et</strong></span> <span class='ocrx_word' id='word_1_504' title='bbox 2815 3041 3136 3109; x_wconf 86' lang='lat' dir='ltr'><strong>tabellarii</strong></span> <span class='ocrx_word' id='word_1_505' title='bbox 3202 3044 3606 3122; x_wconf 86' lang='lat' dir='ltr'><strong>narratione,</strong></span> <span class='ocrx_word' id='word_1_506' title='bbox 3689 3065 3820 3109; x_wconf 92' lang='lat' dir='ltr'><strong>non</strong></span> <span class='ocrx_word' id='word_1_507' title='bbox 3893 3042 4101 3111; x_wconf 88' lang='lat' dir='ltr'><strong>scribo</strong></span> <span class='ocrx_word' id='word_1_508' title='bbox 4165 3042 4355 3125; x_wconf 84' lang='lat' dir='ltr'><strong>plura</strong></span> 
     </span>
     <span class='ocr_line' id='line_1_77' title="bbox 2466 3150 2795 3195; baseline -0.003 0"><span class='ocrx_word' id='word_1_509' title='bbox 2466 3153 2540 3195; x_wconf 86' lang='lat' dir='ltr'><strong>ac</strong></span> <span class='ocrx_word' id='word_1_510' title='bbox 2629 3150 2665 3194; x_wconf 94' lang='lat' dir='ltr'><strong>e</strong></span> <span class='ocrx_word' id='word_1_511' title='bbox 2705 3150 2795 3194; x_wconf 90' lang='lat' dir='ltr'><strong>re.</strong></span> 
     </span>
    </p>

    <p class='ocr_par' dir='ltr' id='par_1_21' title="bbox 2414 3214 4358 3880">
     <span class='ocr_line' id='line_1_78' title="bbox 2589 3214 4356 3298; baseline -0.001 -18"><span class='ocrx_word' id='word_1_512' title='bbox 2589 3215 2784 3280; x_wconf 82' lang='lat' dir='ltr'><strong>Mitto</strong></span> <span class='ocrx_word' id='word_1_513' title='bbox 2819 3215 2899 3279; x_wconf 90' lang='lat' dir='ltr'><strong>ad</strong></span> <span class='ocrx_word' id='word_1_514' title='bbox 2942 3223 3007 3279; x_wconf 90' lang='lat' dir='ltr'><strong>te</strong></span> <span class='ocrx_word' id='word_1_515' title='bbox 3050 3216 3388 3298; x_wconf 89' lang='lat' dir='ltr'><strong>exemplar</strong></span> <span class='ocrx_word' id='word_1_516' title='bbox 3424 3214 3848 3281; x_wconf 88' lang='lat' dir='ltr'><strong>articulorum</strong></span> <span class='ocrx_word' id='word_1_517' title='bbox 3874 3219 3933 3292; x_wconf 80' lang='lat'><strong>⁴)</strong></span> <span class='ocrx_word' id='word_1_518' title='bbox 3976 3216 4089 3298; x_wconf 90' lang='lat' dir='ltr'><strong>qui</strong></span> <span class='ocrx_word' id='word_1_519' title='bbox 4133 3214 4356 3280; x_wconf 87' lang='lat' dir='ltr'><strong>dicun·</strong></span> 
     </span>
     <span class='ocr_line' id='line_1_79' title="bbox 2414 3300 4355 3385; baseline -0.001 -19"><span class='ocrx_word' id='word_1_520' title='bbox 2414 3311 2528 3366; x_wconf 90' lang='lat' dir='ltr'><strong>tur</strong></span> <span class='ocrx_word' id='word_1_521' title='bbox 2570 3301 2772 3366; x_wconf 89' lang='lat' dir='ltr'><strong>oblati</strong></span> <span class='ocrx_word' id='word_1_522' title='bbox 2816 3323 2855 3364; x_wconf 89' lang='lat' dir='ltr'><strong>a</strong></span> <span class='ocrx_word' id='word_1_523' title='bbox 2900 3300 3212 3367; x_wconf 81' lang='lat' dir='ltr'><strong>Zebedaeo</strong></span> <span class='ocrx_word' id='word_1_524' title='bbox 3255 3309 3321 3365; x_wconf 92' lang='lat' dir='ltr'><strong>et</strong></span> <span class='ocrx_word' id='word_1_525' title='bbox 3360 3301 3622 3385; x_wconf 75' lang='lat' dir='ltr'><strong>Anyelo,</strong></span> <span class='ocrx_word' id='word_1_526' title='bbox 3670 3304 3855 3367; x_wconf 86' lang='lat' dir='ltr'><strong>cuius</strong></span> <span class='ocrx_word' id='word_1_527' title='bbox 3897 3300 4061 3365; x_wconf 91' lang='lat' dir='ltr'><strong>mihi</strong></span> <span class='ocrx_word' id='word_1_528' title='bbox 4103 3301 4355 3383; x_wconf 82' lang='lat' dir='ltr'><strong>copiam</strong></span> 
     </span>
     <span class='ocr_line' id='line_1_80' title="bbox 2416 3386 4356 3470; baseline -0.001 -19"><span class='ocrx_word' id='word_1_529' title='bbox 2416 3388 2569 3453; x_wconf 88' lang='lat' dir='ltr'><strong>fecit</strong></span> <span class='ocrx_word' id='word_1_530' title='bbox 2612 3386 3041 3452; x_wconf 66' lang='lat' dir='ltr'><strong>Massam-ius:</strong></span> <span class='ocrx_word' id='word_1_531' title='bbox 3106 3407 3188 3451; x_wconf 84' lang='lat' dir='ltr'><strong>ex</strong></span> <span class='ocrx_word' id='word_1_532' title='bbox 3233 3388 3467 3469; x_wconf 89' lang='lat' dir='ltr'><strong>quibus</strong></span> <span class='ocrx_word' id='word_1_533' title='bbox 3507 3407 3859 3470; x_wconf 82' lang='lat' dir='ltr'><strong>cognosces</strong></span> <span class='ocrx_word' id='word_1_534' title='bbox 3902 3408 4029 3469; x_wconf 88' lang='lat' dir='ltr'><strong>qua</strong></span> <span class='ocrx_word' id='word_1_535' title='bbox 4074 3386 4201 3450; x_wconf 89' lang='lat' dir='ltr'><strong>fide</strong></span> <span class='ocrx_word' id='word_1_536' title='bbox 4244 3386 4356 3451; x_wconf 85' lang='lat' dir='ltr'><strong>isti</strong></span> 
     </span>
     <span class='ocr_line' id='line_1_81' title="bbox 2416 3470 4354 3555; baseline -0.001 -18"><span class='ocrx_word' id='word_1_537' title='bbox 2416 3473 2714 3538; x_wconf 90' lang='lat' dir='ltr'><strong>homines</strong></span> <span class='ocrx_word' id='word_1_538' title='bbox 2758 3481 2960 3555; x_wconf 88' lang='lat' dir='ltr'><strong>agant</strong></span> <span class='ocrx_word' id='word_1_539' title='bbox 3002 3493 3151 3537; x_wconf 93' lang='lat' dir='ltr'><strong>cum</strong></span> <span class='ocrx_word' id='word_1_540' title='bbox 3200 3472 3471 3536; x_wconf 67' lang='lat' dir='ltr'><strong>Calvina</strong></span> <span class='ocrx_word' id='word_1_541' title='bbox 3554 3473 3802 3537; x_wconf 82' lang='lat' dir='ltr'><strong>Audivi</strong></span> <span class='ocrx_word' id='word_1_542' title='bbox 3846 3473 4113 3536; x_wconf 88' lang='lat' dir='ltr'><strong>fratrem</strong></span> <span class='ocrx_word' id='word_1_543' title='bbox 4162 3470 4354 3536; x_wconf 71' lang='lat' dir='ltr'><strong>Glau-</strong></span> 
     </span>
     <span class='ocr_line' id='line_1_82' title="bbox 2415 3554 4354 3640; baseline -0.001 -16"><span class='ocrx_word' id='word_1_544' title='bbox 2415 3560 2597 3624; x_wconf 80' lang='lat' dir='ltr'><strong>dium</strong></span> <span class='ocrx_word' id='word_1_545' title='bbox 2628 3562 2679 3634; x_wconf 79' lang='lat'><strong>⁵)</strong></span> <span class='ocrx_word' id='word_1_546' title='bbox 2725 3559 3018 3622; x_wconf 87' lang='lat' dir='ltr'><strong>animum</strong></span> <span class='ocrx_word' id='word_1_547' title='bbox 3066 3556 3149 3621; x_wconf 87' lang='lat' dir='ltr'><strong>ad</strong></span> <span class='ocrx_word' id='word_1_548' title='bbox 3192 3577 3462 3621; x_wconf 85' lang='lat' dir='ltr'><strong>uxorem</strong></span> <span class='ocrx_word' id='word_1_549' title='bbox 3520 3558 3879 3639; x_wconf 87' lang='lat' dir='ltr'><strong>appulisse,</strong></span> <span class='ocrx_word' id='word_1_550' title='bbox 3941 3556 4109 3640; x_wconf 90' lang='lat' dir='ltr'><strong>quod</strong></span> <span class='ocrx_word' id='word_1_551' title='bbox 4166 3554 4354 3622; x_wconf 80' lang='lat' dir='ltr'><strong>vobis</strong></span> 
     </span>
     <span class='ocr_line' id='line_1_83' title="bbox 2417 3643 4354 3710; baseline -0.002 -1"><span class='ocrx_word' id='word_1_552' title='bbox 2417 3643 2720 3710; x_wconf 89' lang='lat' dir='ltr'><strong>omnibus</strong></span> <span class='ocrx_word' id='word_1_553' title='bbox 2775 3643 2931 3708; x_wconf 84' lang='lat' dir='ltr'><strong>felix</strong></span> <span class='ocrx_word' id='word_1_554' title='bbox 2975 3662 3050 3706; x_wconf 91' lang='lat' dir='ltr'><strong>ac</strong></span> <span class='ocrx_word' id='word_1_555' title='bbox 3104 3643 3391 3708; x_wconf 85' lang='lat' dir='ltr'><strong>faustum</strong></span> <span class='ocrx_word' id='word_1_556' title='bbox 3437 3643 3538 3708; x_wconf 90' lang='lat' dir='ltr'><strong>sit.</strong></span> <span class='ocrx_word' id='word_1_557' title='bbox 3626 3643 3816 3709; x_wconf 88' lang='lat' dir='ltr'><strong>Uxor</strong></span> <span class='ocrx_word' id='word_1_558' title='bbox 3859 3653 3925 3707; x_wconf 92' lang='lat' dir='ltr'><strong>et</strong></span> <span class='ocrx_word' id='word_1_559' title='bbox 3968 3643 4169 3706; x_wconf 87' lang='lat' dir='ltr'><strong>nostri</strong></span> <span class='ocrx_word' id='word_1_560' title='bbox 4215 3662 4354 3706; x_wconf 90' lang='lat' dir='ltr'><strong>om-</strong></span> 
     </span>
     <span class='ocr_line' id='line_1_84' title="bbox 2417 3728 4358 3795; baseline -0.001 -1"><span class='ocrx_word' id='word_1_561' title='bbox 2417 3752 2537 3795; x_wconf 86' lang='lat' dir='ltr'><strong>nes</strong></span> <span class='ocrx_word' id='word_1_562' title='bbox 2613 3737 2680 3794; x_wconf 89' lang='lat' dir='ltr'><strong>te</strong></span> <span class='ocrx_word' id='word_1_563' title='bbox 2757 3729 3200 3793; x_wconf 86' lang='lat' dir='ltr'><strong>amantissime</strong></span> <span class='ocrx_word' id='word_1_564' title='bbox 3277 3728 3579 3794; x_wconf 87' lang='lat' dir='ltr'><strong>salutant.</strong></span> <span class='ocrx_word' id='word_1_565' title='bbox 3680 3729 3866 3794; x_wconf 84' lang='lat' dir='ltr'><strong>Vale.</strong></span> <span class='ocrx_word' id='word_1_566' title='bbox 3968 3728 4358 3792; x_wconf 88' lang='lat' dir='ltr'><strong>Lausannae</strong></span> 
     </span>
     <span class='ocr_line' id='line_1_85' title="bbox 2416 3813 3417 3880; baseline -0.004 0"><span class='ocrx_word' id='word_1_567' title='bbox 2416 3816 2801 3880; x_wconf 84' lang='lat' dir='ltr'><strong>festinanter</strong></span> <span class='ocrx_word' id='word_1_568' title='bbox 2856 3819 2944 3879; x_wconf 88' lang='lat'><strong>10.</strong></span> <span class='ocrx_word' id='word_1_569' title='bbox 2990 3813 3184 3878; x_wconf 83' lang='lat' dir='ltr'><strong>Febr.</strong></span> <span class='ocrx_word' id='word_1_570' title='bbox 3241 3818 3417 3876; x_wconf 79' lang='lat'><strong>1555.</strong></span> 
     </span>
    </p>
   </div>
   <div class='ocr_carea' id='block_1_19' title="bbox 3393 3948 4190 4015">
    <p class='ocr_par' dir='ltr' id='par_1_22' title="bbox 3393 3948 4190 4015">
     <span class='ocr_line' id='line_1_86' title="bbox 3393 3948 4190 4015; baseline 0 -2"><span class='ocrx_word' id='word_1_571' title='bbox 3393 3949 3572 4014; x_wconf 79' lang='lat' dir='ltr'><strong>Tuus</strong></span> <span class='ocrx_word' id='word_1_572' title='bbox 3618 3949 3857 4015; x_wconf 86' lang='lat' dir='ltr'><strong>Pet-rus</strong></span> <span class='ocrx_word' id='word_1_573' title='bbox 3901 3948 4190 4014; x_wconf 87' lang='lat' dir='ltr'><strong>Viretus.</strong></span> 
     </span>
    </p>
   </div>
   <div class='ocr_carea' id='block_1_20' title="bbox 2947 4477 3830 4703">
    <p class='ocr_par' dir='ltr' id='par_1_23' title="bbox 2947 4477 3830 4703">
     <span class='ocr_line' id='line_1_87' title="bbox 3298 4477 3484 4547; baseline -0.011 0"><span class='ocrx_word' id='word_1_574' title='bbox 3298 4477 3484 4547; x_wconf 87' lang='grc'>2112.</span> 
     </span>
     <span class='ocr_line' id='line_1_88' title="bbox 2947 4630 3830 4703; baseline 0.001 -7"><span class='ocrx_word' id='word_1_575' title='bbox 2947 4633 3352 4703; x_wconf 79' lang='lat' dir='ltr'>VIRETUS</span> <span class='ocrx_word' id='word_1_576' title='bbox 3398 4630 3830 4700; x_wconf 83' lang='lat' dir='ltr'><strong>CALVINO.</strong></span> 
     </span>
    </p>
   </div>
   <div class='ocr_carea' id='block_1_21' title="bbox 2423 4798 4358 4974">
    <p class='ocr_par' dir='ltr' id='par_1_24' title="bbox 2423 4798 4358 4974">
     <span class='ocr_line' id='line_1_89' title="bbox 2596 4798 4358 4889; baseline -0.002 -19"><span class='ocrx_word' id='word_1_577' title='bbox 2596 4801 2848 4870; x_wconf 63' lang='lat' dir='ltr'><strong>Sonos-ii</strong></span> <span class='ocrx_word' id='word_1_578' title='bbox 2903 4807 3371 4889; x_wconf 73' lang='lat' dir='ltr'><strong>neyotiumquo</strong></span> <span class='ocrx_word' id='word_1_579' title='bbox 3426 4805 3496 4870; x_wconf 77' lang='lat' dir='ltr'><strong>in</strong></span> <span class='ocrx_word' id='word_1_580' title='bbox 3550 4808 3718 4869; x_wconf 74' lang='lat' dir='ltr'><strong>statu</strong></span> <span class='ocrx_word' id='word_1_581' title='bbox 3771 4803 3856 4868; x_wconf 73' lang='lat' dir='ltr'><strong>eit</strong></span> <span class='ocrx_word' id='word_1_582' title='bbox 3907 4798 4358 4883; x_wconf 53' lang='lat' dir='ltr'><strong>mititem</strong></span> 
     </span>
     <span class='ocr_line' id='line_1_90' title="bbox 2423 4889 3645 4974; baseline -0.003 -17"><span class='ocrx_word' id='word_1_583' title='bbox 2423 4889 2722 4957; x_wconf 80' lang='lat' dir='ltr'><strong>Zebedaei</strong></span> <span class='ocrx_word' id='word_1_584' title='bbox 2766 4891 3060 4957; x_wconf 73' lang='lat' dir='ltr'><strong>articulos</strong></span> <span class='ocrx_word' id='word_1_585' title='bbox 3101 4893 3400 4974; x_wconf 73' lang='lat' dir='ltr'><strong>quosdam</strong></span> <span class='ocrx_word' id='word_1_586' title='bbox 3442 4889 3645 4955; x_wconf 65' lang='lat' dir='ltr'><strong>mittit.</strong></span> 
     </span>
    </p>
   </div>
   <div class='ocr_carea' id='block_1_22' title="bbox 2427 5049 2819 5057">
    <p class='ocr_par' dir='ltr' id='par_1_25' title="bbox 2427 5049 2819 5057">
     <span class='ocr_line' id='line_1_91' title="bbox 2427 5049 2819 5057; baseline -0.005 -1"><span class='ocrx_word' id='word_1_587' title='bbox 2427 5050 2571 5057; x_wconf 64' lang='lat'><em>—-.-0</em></span> <span class='ocrx_word' id='word_1_588' title='bbox 2594 5049 2759 5056; x_wconf 34' lang='lat' dir='ltr'>k———b-</span> <span class='ocrx_word' id='word_1_589' title='bbox 2772 5049 2819 5054; x_wconf 73' lang='grc'><strong>.-.</strong></span> 
     </span>
    </p>
   </div>
   <div class='ocr_carea' id='block_1_23' title="bbox 2423 5113 4242 5341">
    <p class='ocr_par' dir='ltr' id='par_1_26' title="bbox 2423 5113 4242 5341">
     <span class='ocr_line' id='line_1_92' title="bbox 2423 5113 4242 5214; baseline -0.005 -10"><span class='ocrx_word' id='word_1_590' title='bbox 2423 5147 2588 5205; x_wconf 71' lang='lat' dir='ltr'><strong>am„</strong></span> <span class='ocrx_word' id='word_1_591' title='bbox 2640 5146 2699 5214; x_wconf 91' lang='lat'><strong>1)</strong></span> <span class='ocrx_word' id='word_1_592' title='bbox 2747 5113 4242 5202; x_wconf 60' lang='lat' dir='ltr'><strong>mammosaa&#39;aammaawamlm</strong></span> 
     </span>
     <span class='ocr_line' id='line_1_93' title="bbox 2626 5210 3881 5341; baseline -0.008 -66"><span class='ocrx_word' id='word_1_593' title='bbox 2626 5215 2690 5339; x_wconf 63' lang='grc' dir='ltr'><strong>Ξ)</strong></span> <span class='ocrx_word' id='word_1_594' title='bbox 2722 5215 3204 5341; x_wconf 39' lang='lat' dir='ltr'><strong>&amp;afflant-:W</strong></span> <span class='ocrx_word' id='word_1_595' title='bbox 3236 5228 3351 5271; x_wconf 75' lang='lat' dir='ltr'><strong>em</strong></span> <span class='ocrx_word' id='word_1_596' title='bbox 3382 5212 3543 5268; x_wconf 75' lang='lat' dir='ltr'><strong>valde</strong></span> <span class='ocrx_word' id='word_1_597' title='bbox 3577 5210 3881 5268; x_wconf 67' lang='lat' dir='ltr'><strong>dolendum.</strong></span> 
     </span>
    </p>
   </div>
   <div class='ocr_carea' id='block_1_24' title="bbox 2624 5288 3536 5492">
    <p class='ocr_par' dir='ltr' id='par_1_27' title="bbox 2624 5288 3536 5492">
     <span class='ocr_line' id='line_1_94' title="bbox 2624 5288 3536 5492; baseline -0.005 -14"><span class='ocrx_word' id='word_1_598' title='bbox 2624 5288 2690 5492; x_wconf 56' lang='lat' dir='ltr'><strong>i}</strong></span> <span class='ocrx_word' id='word_1_599' title='bbox 2721 5352 3242 5490; x_wconf 49' lang='grc' dir='ltr'><strong>οἶὶωῑῗιῦνᾶἶῗκῗι</strong></span> <span class='ocrx_word' id='word_1_600' title='bbox 3272 5421 3536 5487; x_wconf 60' lang='lat' dir='ltr'><strong>ranem-r.</strong></span> 
     </span>
    </p>
   </div>
  </div>
 </body>
</html>
