4850 6200
330 442 454 508 813
2067 448 2228 509 1555
2274 441 2595 510 ΟΟΤΟΒ.
4194 451 4322 515 814

330 637 446 716 gat
468 652 544 698 ac
579 638 917 699 sustentet.
978 633 1247 701 Fratres
1274 643 1340 700 et
1374 634 1567 700 amici
1601 641 1668 699 te
1701 632 2058 718 plurimum
2094 632 2270 698 salu-

329 725 492 793 tant,
561 727 758 800 atque
817 719 888 783 in
951 720 1056 784 his
1121 719 1300 786 Beea
1365 728 1603 796 noster,
1647 721 1759 803 qui
1804 741 1976 786 nunc
2012 738 2269 784 mecum

332 811 446 869 est.
538 804 871 883 Genevae,
925 810 1018 871 10.
1057 804 1288 873 Octob.
1341 810 1523 871 1555.

1234 942 1517 1008 Ioannes
1561 941 1881 1009 Calvinus
1925 952 2097 1008 tuus.

1097 1237 1497 1248 ..-—.—————

1204 1454 1401 1526 2319.

780 1591 1308 1660 SLEIDANUS
1368 1591 1804 1658 CALVINO.

501 1765 658 1848 Aqit
703 1765 779 1830 de
834 1764 1100 1831 historia
1133 1786 1253 1831 sua
1287 1785 1492 1845 nuper
1534 1764 1734 1828 amico
1777 1765 1977 1828 missa
2020 1764 2275 1846 eiusque

328 1851 640 1917 iudicium
681 1851 756 1915 de
797 1850 905 1916 hoc
947 1872 1125 1932 opere
1166 1851 1391 1916 recolit.
1460 1850 1663 1916 Addit
1693 1850 2041 1915 novissima
2083 1870 2270 1931 quae-

329 1938 476 2003 dam
520 1958 596 2001 ex
645 1936 993 2002 Germania
1036 1938 1248 2004 allata.

641 2109 752 2173 (Ex
786 2109 1123 2179 autographo
1158 2107 1288 2164 Cod.
1326 2107 1530 2161 Gener.
1567 2105 1683 2173 113,
1720 2107 1807 2160 fol.
1848 2105 1958 2173 97.)

327 2279 716 2346 Clarissimo
751 2280 888 2345 viro
917 2280 1000 2344 D.
1027 2278 1260 2344 Ioanni
1296 2277 1578 2345 Calvino
1615 2279 2023 2344 ecclesiastae
2051 2279 2274 2345 Gene-

325 2367 516 2435 vensi
561 2366 825 2431 domino
868 2373 935 2429 et
969 2367 1176 2431 amico
1212 2365 1566 2465 plurimum
1604 2364 1874 2430 colendo
1915 2365 1998 2430 ad
2033 2387 2273 2431 manus

1149 2472 1458 2534 proprias.

501 2588 637 2656 881.
700 2590 877 2655 Tuas
903 2593 951 2666 ι)
1017 2589 1179 2653 1111111
1247 2588 1530 2653 reddidit
1597 2587 1986 2654 Hotomanus
2047 2598 2272 2653 noster

325 2674 524 2741 huius
565 2677 811 2741 mensis
854 2674 960 2741 die
1003 2684 1250 2757 quarta.
1270 2677 1324 2753 2)
1371 2676 1674 2741 Gratiam
1717 2673 1925 2739 1181180
1971 2694 2270 2756 permag-

325 2783 484 2828 nam
528 2761 702 2845 quod
747 2772 884 2825 tam
918 2772 1215 2826 amanter
1259 2770 1518 2843 tamque
1559 2761 1871 2825 benevole
1915 2759 1995 2825 de
2043 2769 2273 2824 nostro

324 2847 639 2932 labore.⁸)
725 2848 922 2912 Tanti
967 2848 1142 2912 enim
1179 2848 1302 2913 viri
1361 2847 1806 2912 testimonium
1865 2854 2060 2929 atque
2104 2844 2272 2910 iudi-

324 2935 501 3000 cium
565 2942 666 2998 est
731 2933 903 3016 apud
961 2955 1066 2998 me
1131 2933 1312 2997 velut
1373 2934 1584 2998 instar
1616 2932 1989 2997 multorum.
2079 2929 2274 3011 Quod

324 3041 483 3085 vero
529 3041 660 3083 non
698 3019 1070 3084 dissimulas
1113 3021 1310 3083 etiam
1334 3018 1490 3102 quid
1537 3020 1851 3101 requiras,
1890 3028 2271 3102 pergratum

325 3127 482 3172 sane
530 3107 696 3170 mihi
729 3107 956 3171 fecisti.
1038 3107 1126 3170 Et
1171 3108 1378 3190 primo
1423 3106 1688 3188 quidem
1725 3105 1804 3170 de
1849 3115 2069 3169 vestra
2113 3104 2271 3168 civi-

328 3201 461 3258 tate
529 3190 736 3274 deque
799 3192 1044 3257 Farello
1062 3198 1116 3270 ⁴)
1177 3191 1346 3274 quod
1414 3192 1641 3257 scribis
1702 3191 2156 3256 emendabitur
2201 3191 2270 3253 in

329 3279 534 3343 altera
593 3276 895 3354 editione,
951 3281 1005 3342 si
1058 3301 1251 3361 quam
1290 3278 1740 3361 typographus
1778 3275 2159 3341 adornabit:
2206 3285 2273 3340 et

327 3364 514 3429 facile
580 3365 705 3429 erit
769 3365 1093 3448 corrigere
1198 3364 1366 3428 Nam
1434 3364 1513 3427 de
1579 3366 1779 3428 missa
1843 3384 1977 3427 non
2037 3363 2116 3426 fit
2182 3360 2272 3424 ibi

327 3452 575 3514 mentio
645 3450 904 3532 quando
967 3451 1051 3514 sit
1101 3451 1429 3533 abrogata.
1521 3449 1859 3530 Quantum
1917 3445 2001 3512 ad
2064 3468 2269 3511 anna-

331 3543 430 3601 tas
451 3540 507 3612 ⁸)
563 3537 870 3619 pertinet,
930 3547 998 3601 et
1047 3536 1582 3601 nundinationem
1630 3536 1815 3600 illam
1858 3534 2270 3618 gallicanam,

327 3642 570 3707 magna
633 3642 717 3686 ex
761 3632 945 3705 parte
989 3621 1322 3705 desumpsi
1366 3644 1450 3687 ex
1491 3621 1844 3687 Francisco
1888 3619 2190 3685 Duareno
2218 3622 2268 3697 ⁸)

327 3708 771 3774 iureconsulto
821 3708 1222 3774 Bituricensi.
1313 3708 1421 3773 Ad
1477 3707 1664 3771 illum
1709 3727 1867 3772 vero
1911 3704 2082 3788 quod
2126 3704 2271 3768 atti-

327 3803 458 3873 net,
505 3795 610 3861 cui
633 3816 738 3860 me
762 3795 957 3859 nimis
980 3793 1315 3859 credulum
1359 3795 1556 3858 fuisse
1601 3793 1780 3870 dicis,
1820 3813 1948 3857 non
1989 3810 2270 3872 parvum

329 3881 491 3946 mihi
548 3881 926 3962 scrupulum
985 3880 1217 3944 iniicis.
1306 3880 1463 3943 Fuit
1506 3878 1612 3943 hic
1657 3878 1990 3944 nobiscum
2037 3877 2272 3961 hyeme

328 4119 510 4174 8810.
533 4119 594 4183 1)
794 4119 954 4173 ditas.

535 4187 598 4251 2)
695 4195 786 4243 ine
819 4189 1086 4242 adventus
1120 4188 1235 4241 eius
1267 4187 1384 4240 dies
1419 4187 1692 4252 definitur.

534 4256 595 4316 3)
638 4255 861 4312 Caluini
891 4256 1158 4310 iudicium
1195 4256 1262 4310 de
1300 4256 1551 4310 Sleidani
1584 4253 1997 4310 Commentariis
2030 4251 2270 4320 cupidis·

328 4326 462 4379 sinte
511 4326 799 4394 haeremus
848 4328 901 4378 si
949 4331 1175 4381 aetatem
1225 4325 1457 4392 udisset,
1507 4329 1706 4393 quippe
1749 4324 1848 4394 qui
1895 4338 2025 4391 eroa
2067 4323 2272 4375 amicos

327 4396 551 4449 nion'me
584 4395 900 4449 adulatorio
935 4410 1175 4448 sermone
1208 4396 1294 4449 uti
1327 4395 1519 4448 solitus
1551 4394 1733 4459 fuerit.

535 4462 596 4528 4)
639 4463 972 4518 Genevenses
1015 4479 1105 4518 res
1139 4465 1358 4531 attinqit
1405 4464 1579 4516 tribus
1612 4463 1773 4517 locis:
1822 4461 1867 4514 1.
1903 4458 2005 4513 352
2039 4458 2272 4513 breviter

327 4532 784 4598 reformationem,
835 4532 903 4586 11.
937 4531 1004 4586 31
1052 4533 1241 4587 bellum
1281 4532 1666 4596 Sabaudicuvn,
1710 4536 1760 4584 et
1795 4529 1891 4582 111.
1927 4526 2031 4581 504
2075 4528 2269 4581 tumul-

326 4606 443 4656 tun
495 4616 547 4653 a.
584 4599 719 4654 1555
773 4601 918 4656 Idib.
964 4602 1138 4655 Maiis
1187 4607 1448 4656 exortu-i.
1537 4599 1817 4653 Farellutn
1868 4599 1953 4652 bis
2000 4597 2274 4665 producit,

325 4669 398 4724 11.
432 4668 538 4723 276
573 4677 698 4725 acta
731 4672 849 4724 eius
887 4670 1174 4736 Metensia,
1209 4677 1259 4723 et
1294 4670 1393 4724 111.
1427 4667 1532 4721 446
1566 4669 1846 4723 occasione
1885 4665 2105 4719 Serveei.

535 4737 600 4804 5)
637 4739 821 4808 Loqui
851 4740 1066 4793 videtur
1084 4740 1149 4792 de
1181 4739 1295 4794 loco
1327 4736 1511 4793 1.207.
1555 4765 1612 4776 -—
1655 4736 1933 4790 Caeterum
1961 4734 2026 4787 de
2049 4736 2271 4787 varian-

328 4809 477 4863 tibus
511 4815 561 4861 et
596 4810 992 4862 mercationibus
1036 4809 1225 4862 horum
1270 4810 1507 4862 Iocorum
1542 4805 1686 4859 nihil
1727 4805 1929 4859 dicitur
1963 4804 2033 4857 ab
2068 4804 2273 4858 editore

329 4879 460 4930 Arn-
469 4876 658 4931 Endio
709 4892 866 4947 quem
910 4881 1184 4947 sequimur
1232 4877 1325 4942 (cf.
1368 4875 1685 4940 Sebethorn,
1734 4873 1974 4942 Eryotsl.
2024 4872 2092 4925 11.
2148 4869 2270 4928 414.

328 4943 460 5011 653)
499 4961 684 5000 verunt
719 4945 859 4998 nulli
893 4945 1207 5001 dubitamus
1247 4947 1380 5016 quin
1415 4951 1577 4999 autor
1619 4945 1804 4998 statim
1837 4960 1874 4997 a
1915 4941 2141 4996 Calvino
2177 4957 2271 4995 no·

328 5021 448 5071 tata
481 5014 860 5070 emendaverit.

538 5081 601 5149 6)
637 5083 806 5136 Hunc
849 5084 961 5136 iam
999 5082 1249 5136 Lutetiae
1292 5081 1472 5134 videre
1514 5086 1769 5149 potuerat
1814 5077 2131 5144 Skidanus,
2179 5078 2275 5134 ubi

330 5170 384 5206 a.
429 5151 562 5206 1536
593 5153 656 5205 in
692 5151 1003 5207 Pandectas
1035 5151 1253 5219 leqebat,
1300 5155 1588 5220 antequam
1622 5149 1700 5203 ad
1735 5149 2015 5217 Bituriges
2057 5164 2114 5201 se
2146 5164 2271 5201 con·

323 5222 516 5291 ferret.
588 5220 734 5275 Eius
766 5222 871 5275 iter
888 5220 1345 5289 Argentoratense
1378 5226 1506 5273 ante
1527 5219 1803 5274 Balduini
1834 5217 2125 5271 adamum
2153 5216 2273 5281 fac-

332 5296 448 5415 2:2⁸
485 5290 661 5416 fui-ix
693 5291 1046 5413 &inficimus-3,
1090 5302 1315 5359 quocum
1361 5289 1474 5342 ian·
1518 5290 1779 5344 acerrune‘
1809 5287 2125 5341 altercatum
2157 5299 2273 5338 esse

382 5361 394 5374 '
429 5361 528 5415 isti
557 5363 580 5428 (
647 5398 661 5414 ·
836 5366 871 5420 ).

2375 631 2697 714 superiori
2730 652 2929 714 prope
2964 653 3081 713 per
3102 630 3426 697 bimestre.
3502 631 4073 699 Commemorabat
4111 634 4321 704 multa

2375 727 2441 782 et
2507 719 2707 783 varia.
2801 718 3195 801 Legationes
3258 719 3463 800 ipsius
3529 719 3608 783 ad
3669 726 3927 784 nostros
3990 719 4318 804 principes

2376 802 2723 886 evulgatae
2780 816 2937 868 sunt
2993 804 3220 885 lingua
3322 804 3580 886 cpulari
3641 812 3707 868 et
3750 806 3926 888 typis
3964 826 4239 871 excusae
4260 810 4317 891 ⁷)

2375 910 2526 954 cum
2549 889 2914 971 insignibus
2937 888 3203 953 Ioannis
3286 891 3541 956 riderici
3583 899 3647 955 et
3672 890 3837 955 Lan!
3911 892 4060 957 avii.
4128 892 4322 960 Hanc

2376 996 2498 1058 ego
2562 995 2706 1038 sum
2758 973 2825 1038 in
2873 994 2948 1039 80
2990 982 3305 1056 sequutus
3350 975 3711 1039 formulam.
3868 998 3989 1041 nus
4032 987 4131 1041 est
4174 986 4320 1043 tan-

2376 1068 2518 1124 tum
2574 1059 2757 1125 locus
2823 1080 3012 1142 quem
3075 1068 3149 1124 tu
3216 1060 3455 1125 videris
3514 1060 3887 1145 designare:
3934 1084 4169 1146 nempe
4205 1064 4321 1130 ubi

2375 1146 2687 1212 recitatur
2750 1167 2877 1228 qua
2924 1144 3187 1211 demum
3232 1146 3565 1212 occasione
3609 1147 3815 1211 frater
3859 1148 4099 1231 etipse
4143 1146 4317 1216 defe-

2376 1233 2585 1297 cerint
2631 1255 2668 1295 a
2711 1233 3114 1313 pontificatu.
3203 1232 3443 1297 Fateor
3487 1253 3666 1309 sane,
3713 1255 3857 1297 sum
3902 1234 4008 1299 1118
4053 1236 4318 1302 0111111110

2377 1326 2688 1400 sequutus
2736 1317 2931 1382 fidem
2989 1317 3180 1380 illius.
3271 1316 3465 1397 Quod
3508 1319 3568 1383 si
3610 1339 3950 1400 perperam
3995 1321 4315 1402 recitavit,

2377 1424 2513 1467 11011
2576 1403 2730 1467 fecit
2796 1402 3083 1468 officium
3151 1403 3273 1467 viri
3340 1402 3513 1484 boni,
3566 1403 3777 1468 multo
3842 1405 4062 1470 minus
4106 1407 4316 1473 amici.

2377 1489 2549 1553 Nam
2603 1510 2684 1553 ex
2746 1510 2849 1553 me
2903 1509 3097 1571 saepe
3139 1498 3275 1552 tum
3324 1488 3596 1566 audivit,
3641 1512 3747 1554 1118
3791 1490 3956 1555 velle
3990 1491 4163 1555 mori
4206 1513 4319 1575 po-

2378 1576 2512 1639 tius
2582 1595 2777 1656 quam
2835 1575 3116 1640 scienter
3178 1575 3376 1638 ullam
3446 1596 3582 1639 rem
3642 1575 3872 1639 falsam
3931 1577 4236 1643 inserere.
4261 1579 4317 1661 ⁸)

2379 1659 2794 1743 Quapropter
2850 1669 2917 1724 te
2982 1660 3339 1743 plurimum
3384 1682 3514 1740 oro,
3550 1660 3655 1725 vir
3696 1662 4070 1741 clarissime,
4115 1664 4319 1746 signi-

2377 1748 2532 1812 fices
2572 1746 2735 1810 mihi
2780 1745 2933 1828 quid
2980 1746 3067 1810 sit
3103 1746 3172 1809 in
3216 1767 3342 1828 quo
3386 1756 3578 1828 putes
3601 1767 3889 1811 errorem
3934 1757 4050 1811 aut
4085 1750 4318 1816 vitium

2377 1833 2610 1898 inesse.
2696 1830 2864 1896 Tuto
2905 1842 3108 1915 potes,
3169 1853 3243 1896 ac
3280 1831 3615 1896 silentium
3661 1832 3779 1898 tibi
3807 1832 4126 1915 fidemque
4168 1855 4319 1918 pro-

2377 1918 2585 1994 mitto,
2633 1937 2753 1982 nec
2796 1928 2897 1982 est
2937 1915 3105 2000 quod
3148 1938 3431 1981 vereare.

2550 2004 2758 2068 Porro
2803 2003 2884 2068 de
2918 2002 3195 2068 comitiis
3241 2005 3578 2086 Augustae
3595 2005 3652 2084 ⁹)
3697 2011 3859 2086 puto
3906 2004 4034 2068 iam
4082 2006 4163 2069 ad
4202 2027 4320 2072 vos

2378 2110 2522 2154 esse
2566 2089 2908 2172 perlatum.
2974 2088 3211 2153 Finem
3272 2088 3639 2153 habuerunt
3673 2111 3831 2156 xxv,
3871 2088 4199 2173 Septemb.
4246 2113 4322 2159 ac

2380 2188 2537 2242 tunc
2581 2175 2707 2241 fuit
2751 2178 3093 2239 recitatum
3138 2174 3489 2238 decretum.
3562 2172 3754 2254 Quod
3800 2176 3990 2256 quale
4035 2177 4123 2242 sit
4158 2198 4321 2242 non-

2381 2260 2539 2325 dum
2583 2260 2792 2325 habeo
2834 2260 3028 2342 plane
3052 2268 3475 2343 compertum.
3536 2260 3832 2343 Legatus
3877 2262 4053 2325 enim
4102 2272 4319 2328 noster

2379 2348 2663 2429 primum
2710 2345 2902 2411 rediit
2937 2356 3088 2410 ante
3123 2343 3261 2410 dies
3306 2347 3462 2409 treis
3508 2366 3717 2429 neque
3741 2347 4059 2412 curiosius
4105 2348 4320 2416 adhuc

2380 2432 2559 2498 volui
2637 2434 2982 2514 inquirere.
3073 2429 3207 2496 Sed
3286 2433 3518 2513 opinor
3582 2431 3847 2495 subesse
3915 2434 4317 2515 mysterium.

2521 2519 2543 2583 i
2600 2518 2761 2584 certi
2825 2516 2977 2600 quid
3039 2538 3421 2599 cognoverO,
3488 2516 3882 2599 perscribam
3945 2517 4026 2581 ad
4088 2517 4204 2606 te.]
4234 2523 4316 2601 ¹⁰)

2486 2627 2532 2668 x
2600 2602 3047 2668 Ferdinandus
3117 2601 3427 2684 postridie
3498 2602 3795 2666 discessit
3860 2601 4317 2687 Oenipontem.

2381 2691 2485 2754 Ad
2544 2689 2870 2754 Calendas
2929 2688 3205 2753 Martias
3260 2688 3509 2753 indicta
3565 2696 3719 2754 sunt
3784 2688 3991 2753 altera
4054 2691 4317 2757 comitia

2380 2777 2794 2858 Ratisponae.
2884 2772 3133 2852 Caesar,
3174 2771 3346 2856 apud
3389 2795 3579 2856 quem
3604 2773 3775 2837 filius
3821 2774 3950 2837 iam
3998 2775 4316 2858 aliquam-

2382 2862 2491 2926 diu
2547 2862 2672 2925 fuit
2735 2882 2882 2926 cum
2941 2870 3215 2943 utraque
3280 2880 3516 2937 sorore,
3584 2858 3821 2924 dicitur
3893 2861 3964 2923 in
4010 2860 4317 2944 Angliam

2380 2969 2521 3012 esse
2574 2948 2992 3030 profecturus.
3102 2946 3320 3009 Erunt
3390 2944 3475 3009 ibi
3546 2946 3809 3010 comitia
3882 2947 4001 3009 sub
4069 2948 4318 3012 exitum

2377 3034 2574 3097 huius
2598 3033 2856 3097 mensis.
2928 3032 3207 3096 Putatur
3243 3031 3324 3094 ibi
3352 3052 3492 3095 esse
3513 3030 3941 3114 hyematurus
3979 3052 4052 3095 88
4086 3032 4320 3100 deinde

2376 3119 2707 3184 rediturus
2767 3121 2837 3183 in
2896 3119 3321 3202 Hispaniam:
3382 3118 3638 3182 tametsi
3677 3118 3970 3200 plerique
4007 3119 4319 3184 subdubi-

2377 3217 2523 3270 tant
2576 3215 2640 3269 et
2698 3205 2873 3269 aliud
2910 3205 3015 3288 agi
3060 3214 3313 3287 putant.
3402 3204 3651 3268 Filium
3693 3205 4031 3268 constituit
4075 3205 4317 3287 princi-

2374 3313 2522 3374 pem
2570 3291 2770 3355 totius
2791 3290 3112 3373 Belgicae,
3143 3292 3225 3366 ¹¹)
3272 3311 3510 3372 perque
3545 3289 3684 3354 eius
3729 3289 4090 3353 absentiam
4136 3311 4318 3372 prae-

2377 3379 2504 3441 erit
2546 3377 2635 3441 ibi
2680 3376 3047 3442 Sabaudiae
3090 3374 3244 3440 dux.
3325 3375 3581 3440 Galliae
3626 3396 3745 3439 rex
3792 3375 4032 3439 dicitnr
4074 3374 4319 3458 aliquid

2377 3464 2598 3547 magni
2664 3463 2897 3527 moliri.
2993 3462 3474 3545 Cognoscemus
3541 3459 3740 3524 brevi.
3844 3462 4131 3527 Tametsi
4197 3482 4318 3527 vos

2377 3551 2504 3613 ista
2542 3570 2668 3613 non
2706 3549 2930 3613 latent.

2550 3636 2653 3699 De
2711 3644 2823 3698 tua
2870 3632 3242 3698 valetudine
3288 3632 3503 3696 minus
3549 3630 3888 3695 commoda
3933 3651 4064 3695 non
4112 3632 4317 3696 liben-

2376 3729 2480 3785 ter
2522 3720 2756 3803 accepi,
2781 3722 2866 3788 12)
2904 3719 3249 3801 Deumque
3287 3738 3510 3800 precor
3553 3727 3628 3780 ut
3671 3725 3735 3781 te
3781 3717 3965 3782 nobis
4024 3717 4135 3781 diu
4181 3738 4318 3783 ser-

2375 3817 2491 3870 vet
2545 3805 2953 3871 incolumem.
3045 3803 3231 3881 Vale,
3293 3804 3394 3867 vir
3447 3803 3707 3878 eximie,
3755 3815 3818 3866 et
3876 3801 3984 3867 ubi
4030 3805 4318 3885 primum

2373 3891 2597 3957 licebit
2639 3892 2937 3957 rescribe.
3013 3891 3369 3955 Garnerius
3413 3890 3535 3952 ivit
3577 3888 3646 3951 in
3673 3888 3997 3952 Hessiam.
4034 3892 4113 3967 ¹³)
4167 3888 4319 3955 Dis-

2376 3976 2640 4063 cede[ns
2695 3974 2968 4064 dioe]bat
3024 3998 3092 4041 88
3137 3975 3392 4041 cuidam
3437 3972 3692 4038 dedisse
3738 3975 4073 4058 negotium
4113 3976 4318 4040 Losa-

2377 4084 2519 4143 nae‚
2564 4064 2686 4128 nisi
2713 4063 2914 4139 fallor,
2962 4070 3035 4126 ut
3077 4082 3194 4126 vos
3237 4062 3337 4144 ips
3363 4111 3376 4124 .
3409 4111 3421 4124 .
3452 4111 3465 4123 .
3488 4109 3501 4122 .
3522 4109 3536 4121 .
3564 4109 3577 4122 .
3608 4110 3621 4123 .
3652 4109 3665 4123 .
3693 4061 3822 4123 riat
3865 4069 3932 4124 et
3978 4059 4315 4124 historiam

2377 4159 2666 4215 nostram
2703 4151 2821 4214 tibi
2858 4148 3090 4212 tradat.
3179 4146 3329 4211 Dat.
3381 4148 3465 4229 xj.
3513 4143 3740 4210 Octob.
3798 4151 3975 4209 .555.

3909 4281 4003 4347 Io.
4050 4281 4144 4347 81.

2581 4474 2640 4539 ’1)
2681 4476 2832 4529 Haec
2875 4474 2979 4528 alii
3018 4475 3207 4526 melius
3254 4474 3454 4525 norint.
3526 4468 3787 4522 Duareni
3819 4483 3987 4536 opera
4032 4470 4144 4523 iam
4185 4468 4315 4524 1554

2373 4547 2600 4625 iunctim
2646 4545 2796 4599 edita
2830 4549 2959 4597 sunt
2993 4542 3256 4611 Luqduni
3298 4542 3459 4605 form.
3494 4553 3637 4591 max.
3683 4545 3796 4590 tun·
3842 4540 4061 4591 auctius
4096 4536 4230 4591 1579
4264 4544 4314 4594 et

2511 4627 2613 4668 tus.

2580 4680 2637 4744 8)
2681 4680 2858 4750 Quum
2887 4680 2952 4733 de
2987 4679 3296 4733 sinceritate
3318 4677 3530 4730 autoris
3546 4673 3801 4728 dubitare
3834 4673 4087 4741 reliqioni
4118 4675 4314 4729 habea·

2373 4766 2509 4816 mus,
2546 4766 2657 4804 non
2686 4763 2980 4818 possumus
3014 4764 3125 4801 non
3157 4763 3276 4800 eum
3310 4746 3380 4799 ab
3414 4745 3620 4798 iniusto
3653 4748 3704 4797 et
3734 4741 4025 4806 fastidioso
4054 4743 4319 4812 Leopoldi

2384 4819 2580 4875 Ranke
2614 4821 2727 4872 viri
2758 4819 2890 4873 clar.
2927 4816 3134 4870 iudicio
3167 4815 3464 4869 vindicare.

2582 4888 2642 4951 9)
2679 4889 2744 4942 de
2775 4901 2909 4956 pace
2940 4887 3196 4952 reliqiosa
3229 4885 3443 4950 habitis,
3478 4880 3639 4935 Steid.
3674 4879 3765 4934 111.
3803 4877 3926 4934 527.

2549 4956 2641 5024 10)
2678 4958 2753 5011 In
2786 4958 3049 5023 maraine.

2548 5026 2638 5091 11)
2679 5025 2840 5080 Sleid.
2879 5024 2984 5078 111.
3019 5022 3137 5075 513.

2548 5095 2643 5158 12)
2677 5110 2776 5162 per
2812 5094 3182 5146 Hotomanum
3213 5094 3364 5157 puta,
3399 5087 3468 5154 cf.
3507 5087 3586 5144 N.
3622 5086 3776 5142 2309.

2549 5165 2643 5230 13)
2681 5163 2752 5217 N.
2789 5160 2942 5216 2271.
2979 5158 3130 5213 2301.
