4850 6200
327 391 449 454 ⁷49

494 579 582 645 D.
608 578 939 647 Martinus
958 585 1012 654 θ)
1037 580 1329 647 nondum
1353 579 1551 646 rediit
1573 602 1613 646 a
1654 583 1905 666 nuptiis
1932 582 2204 668 θεον-φῆ.
2225 582 2279 670 ⁷)

325 666 603 733 Utinam
638 664 884 749 aliquid
927 667 1195 734 efficiat:
1241 667 1434 750 quod,
1478 678 1797 751 quantum
1840 670 2157 736 coniicere
2200 669 2278 734 li·

326 759 444 829 cet,
509 772 649 817 non
716 760 1007 836 apparet.
1116 753 1446 819 Tot-sanus
1506 753 1739 820 callide
1794 755 1968 840 quod
2034 757 2173 841 agit
2216 764 2284 822 et

326 839 463 924 egit
515 859 652 904 non
708 839 1025 924 cogitavit
1076 860 1405 923 unquam:
1464 847 1727 907 coactus
1771 864 1812 906 a
1854 842 2171 926 Principe
2215 850 2283 907 et

323 926 558 1004 iussus,
603 925 943 1005 innocens,
987 946 1216 1009 purus,
1253 925 1600 993 calumniis
1643 927 2004 1012 impetitur.
2067 928 2280 994 Eiecti

323 1032 526 1095 quum
579 1010 740 1076 ferri
794 1031 929 1076 non
985 1019 1275 1096 possent,
1326 1011 1582 1079 dimissi
1626 1013 1981 1080 clementer
2014 1023 2282 1098 propter

322 1097 765 1163 ministerium
781 1146 797 1176 ,
870 1119 1076 1181 quum
1134 1099 1506 1183 receperint
1561 1120 1791 1183 pacem
1858 1101 2278 1167 ecclesiarum

321 1182 588 1249 illarum
636 1205 707 1250 se
770 1204 906 1249 non
962 1185 1537 1265 interturbaturos,
1595 1205 1719 1251 nec
1759 1187 2108 1271 quiescunt
2163 1207 2283 1253 nec

322 1280 584 1337 cessant
673 1270 897 1336 omnia
983 1292 1179 1356 agere
1268 1292 1457 1338 secus
1554 1293 1752 1355 quam
1838 1274 2279 1355 promiserint.

321 1356 721 1439 'triumphat
773 1358 909 1422 iam
961 1358 1132 1423 serio
1196 1356 1538 1436 Tossanus,
1607 1368 1676 1423 et
1716 1359 2103 1425 innocentes
2147 1379 2281 1425 om-

322 1443 507 1508 nium
552 1450 713 1508 sunt
754 1444 1217 1509 nocentissimi.
1304 1442 1509 1508 Dabit
1541 1443 1807 1510 tandem
1853 1444 2161 1511 Christus
2203 1446 2281 1510 fi-

318 1549 475 1594 nem
541 1537 639 1595 tot
694 1536 762 1594 et
827 1529 1032 1595 tantis
1074 1530 1285 1595 malis.
1367 1531 1514 1615 Ego
1556 1531 1628 1594 in
1672 1531 1800 1596 ista
1840 1551 2039 1597 causa
2082 1550 2282 1614 supra

320 1635 551 1681 omnes
606 1614 944 1682 traducor:
1004 1622 1073 1681 et
1118 1617 1419 1700 quamvis
1463 1615 1636 1681 bona
1678 1617 1843 1683 mihi
1888 1617 2283 1702 respondeat

319 1702 739 1782 conscientia,
778 1710 847 1766 et
893 1702 1173 1787 gestiam
1210 1701 1372 1768 haec
1414 1702 1584 1767 mihi
1625 1712 1893 1787 propter
1937 1703 2279 1770 Christum

320 1787 722 1873 contingere,
758 1798 983 1854 tamen
1019 1810 1206 1854 meae
1243 1787 1410 1853 mihi
1458 1790 1760 1856 conscius
1794 1789 2281 1874 imprudentiae

320 1881 387 1939 et
426 1875 669 1953 carnis,
715 1896 885 1959 quae
938 1875 1201 1959 spiritui
1245 1894 1506 1959 semper
1549 1874 1954 1955 adversatur,
2001 1884 2136 1940 tam
2181 1878 2280 1941 in-

317 1961 570 2039 firmus,
629 1970 768 2026 tam
812 1961 1040 2044 procul
1095 1959 1178 2026 ab
1220 1961 1303 2025 iis
1347 1982 1514 2045 quae
1557 1961 1785 2027 adesse
1829 1962 2086 2041 debent,
2131 1981 2279 2027 cum

318 2046 614 2133 apostolo
670 2048 1049 2132 ingemisco,
1109 2058 1176 2112 et
1232 2048 1501 2114 veniam
1552 2057 1704 2132 peto
1747 2047 1818 2112 in
1866 2048 1989 2115 hoc
2039 2048 2279 2133 gaudio

319 2144 385 2199 et
436 2142 821 2218 exspectata
870 2134 1202 2213 mercede,
1264 2155 1459 2217 quam
1506 2133 1622 2199 dat
1665 2144 1735 2199 et
1778 2134 1962 2199 dabit
2004 2135 2116 2218 qui
2159 2156 2278 2218 pro

317 2219 509 2285 nobis
573 2228 877 2285 mortuus
933 2228 1051 2286 est.
1155 2218 1560 2285 Commendo
1618 2220 1740 2287 tibi
1785 2221 2065 2287 miseros
2109 2241 2275 2305 quos

318 2304 605 2373 Satanas
647 2313 845 2390 urget
886 2307 957 2371 in
1004 2328 1091 2371 re.
1180 2307 1365 2372 Bene
1408 2307 1696 2389 preceris
1739 2307 1904 2371 illis:
1951 2315 2017 2371 et
2069 2327 2277 2390 quan-

316 2400 461 2458 tum
519 2393 666 2458 fieri
723 2402 955 2477 potest,
1014 2393 1336 2459 bonorum
1392 2393 1774 2460 memineris
1830 2403 1896 2458 et
1950 2393 2276 2458 malorum

317 2479 744 2546 obliviscaris.
834 2476 1006 2543 Vide
1049 2480 1198 2562 quis
1242 2480 1521 2555 veneris,
1568 2487 1636 2544 et
1688 2486 1944 2562 quotus,
1989 2488 2056 2544 et
2097 2501 2276 2545 nunc

313 2566 429 2631 ubi
487 2565 596 2642 sis,
660 2573 734 2630 ut
790 2586 1027 2650 pergas
1087 2586 1345 2649 semper
1399 2573 1666 2631 strenue
1726 2567 1968 2648 magis:
2016 2573 2084 2630 et
2125 2565 2275 2630 vide

357 2650 472 2717 uid
530 2652 798 2716 Iacobus
850 2650 961 2716 ille
1020 2650 1196 2715 dicat
1253 2652 1346 2716 ita
1389 2651 1670 2735 stipatus
1725 2649 2001 2718 rediens.
2092 2649 2275 2732 Quid

312 2673 430 2803 312
474 2737 558 2803 ad
601 2737 801 2804 istam
845 2737 1147 2822 gratiam,
1194 2745 1269 2803 ut
1311 2738 1549 2805 merito
1594 2737 1770 2803 ferre
1815 2736 2050 2803 debeas
2092 2738 2273 2802 furo-

313 2845 421 2891 res
465 2822 771 2900 Satanae,
818 2824 949 2888 imo
993 2823 1253 2889 ridere?
1314 2824 1551 2889 Finem
1597 2846 1727 2889 non
1772 2822 2011 2889 faciam
2054 2831 2272 2890 tecum

315 2930 520 2995 agens
554 2908 843 2995 indigne,
884 2908 1047 2974 mihi
1097 2929 1416 2995 arrogans
1459 2909 1630 2993 quod
1671 2932 1805 2975 non
1847 2909 2013 2974 licet.
2101 2909 2274 2975 Pue-

314 2997 407 3063 ris
450 3004 527 3062 ut
569 2994 767 3061 datur
801 2997 1103 3079 ineptire,
1139 2996 1295 3080 quid
1339 2996 1471 3061 iam
1516 2996 1618 3064 bis
1660 3017 1864 3080 puero
1907 3016 2041 3061 non
2088 2993 2272 3060 dabi-

314 3090 425 3150 tur
468 3080 737 3167 aliquid,
773 3081 886 3166 qui
928 3105 1268 3166 nunquam
1303 3083 1565 3166 sapiens
1607 3082 1774 3149 fuit?
1843 3081 2011 3148 Vale
2046 3082 2269 3167 igitur,

314 3179 382 3234 et
423 3190 655 3236 omnes
699 3178 930 3237 vorato
972 3169 1307 3236 molestias
1349 3179 1620 3253 propter
1662 3169 2022 3236 Christum.
2093 3167 2272 3254 Opto

314 3255 598 3341 collegas
662 3255 900 3335 salvos,
966 3276 1102 3320 non
1180 3257 1535 3339 praeterito
1605 3255 1915 3333 Gallus-2⁸0,
1983 3254 2271 3336 Budaeo,

316 3340 732 3422 NomandiO,
776 3342 1015 3425 ,fr-atre,
1068 3341 1337 3420 Triario,
1364 3343 1422 3420 5)
1479 3342 1801 3409 omnibus.
1891 3340 2163 3427 Collega
2206 3348 2274 3407 et

312 3428 431 3494 reli
474 3429 545 3494 ui
590 3429 828 3495 fratres
871 3438 940 3493 te
984 3428 1241 3494 salvum
1285 3437 1535 3512 optant.
1621 3428 1952 3508 Neocomi,
2000 3434 2057 3495 7.
2104 3427 2271 3512 Sep-

312 3521 447 3581 tem
493 3515 587 3581 ris
630 3519 813 3580 1655.

1327 3655 1509 3720 Tuus
1553 3660 1730 3720 totus
1771 3651 2095 3719 Farellus.

1104 3948 1511 3956 ——-—-———-——-—-

1187 4166 1389 4239 2288.

823 4320 1325 4391 FARELLUS
1371 4321 1746 4390 VIRE'PO.

484 4494 766 4563 Satanas
804 4515 961 4562 suas
990 4501 1219 4578 partes
1258 4496 1411 4581 ⁰9⁸3,
1456 4494 1732 4562 homines
1773 4495 2121 4574 insaniunt,
2155 4494 2266 4576 pii

311 4580 2267 4666 Mammam-‚etquodmultomaqisdokndum,ipse

310 4667 529 4735 dehis
586 4669 868 4736 omnam·
912 4688 1037 4752 pro
1090 4666 2266 4752 moreitasoribitutpraeobswi-

311 4760 433 4822 tate
473 4760 825 4837 συμπαθεῖν
861 4774 1150 4838 nequeas.

315 4927 424 4993 (Ex
458 4927 798 4999 autographo
833 4926 963 4983 Cod.
989 4926 1195 4982 Gener.
1217 4925 1336 4995 115,
1369 4927 1463 4982 sol.
1501 4924 1627 4996 1223
1665 4927 1785 5010 0011.
1821 4942 1944 5008 cum
1977 4924 2109 4981 Cod.
2144 4923 2261 4992 116,

387 4997 482 5052 sol.
516 4995 603 5063 40,
639 4998 781 5068 Epp.
817 4996 978 5052 Bern.
1015 4996 1170 5053 Tem.
1204 4997 1305 5051 VI.
1343 5014 1395 5068 p.
1429 4995 1534 5051 482
1570 5001 1628 5051 et
1661 4996 1878 5052 Sunlen
1911 4994 2032 5051 Vol.
2068 4991 2181 5061 85.)

536 5121 718 5129 ⁶——

515 5201 576 5269 6)
611 5201 1033 5259 Dounon-‘mu
1048 5201 1080 5257 ?

515 5271 578 5337 7)
617 5272 845 5329 Comitia
880 5271 1418 5342 Monbelqardeum's.

512 5340 576 5411 8)
610 5343 706 5398 εἰσ.
773 5341 932 5399 Alibi
973 5340 1199 5397 Τνίοοίο.

2009 398 2174 459 1556
2216 393 2676 464 SEPTEMB.

2359 5140 2529 5190 uam

4219 404 4345 465 750

2556 585 2816 670 Insigni
2891 605 3081 651 servo
3126 583 3400 650 Domini
3455 583 3613 650 Iesu
3655 586 3857 651 Petro
3903 587 4136 653 Vireto
4192 610 4342 672 pas-

2384 672 2512 737 tori
2572 670 2882 738 eoclesiae
2940 672 3440 737 Lausannensis
3482 672 3591 755 pio
3634 672 3826 738 valde
3872 673 3964 737 ita
4006 673 4340 739 studiosis-

2382 760 2549 823 sime
2606 758 3016 823 incumbenti
3074 765 3210 821 tam
3266 778 3453 823 sacro
3510 760 3774 823 muneri
3818 760 4006 824 fratri
4051 770 4118 824 et
4161 783 4340 846 sym-

2383 852 2641 930 mystae
2684 865 2879 928 quam
2918 844 3270 909 carissimo.

3751 931 4168 997 Lausannae.

2556 1101 2627 1169 S.
2693 1103 3134 1185 Posteaquam
3192 1101 3323 1165 huc
3378 1108 3647 1166 ventum
3713 1110 3814 1167 est
3855 1102 4028 1185 quod
4069 1114 4343 1187 propter

2385 1188 2727 1254 Christum
2773 1196 2910 1253 tam
2950 1187 3125 1252 male
3159 1184 3495 1265 audimus,
3558 1186 3717 1252 diris
3752 1198 3818 1252 et
3875 1191 4338 1255 exsecrationi-

2382 1277 2507 1341 bus
2567 1273 2965 1341 devovemur
3021 1274 3286 1357 passim,
3334 1292 3536 1355 quum
3583 1272 3680 1338 ita
3723 1294 3876 1339 suas
3922 1285 4143 1358 partes
4185 1284 4340 1361 agat

2384 1359 2670 1428 Satanas
2705 1372 2773 1425 et
2816 1361 2918 1426 sui
2961 1358 3290 1426 excaecati
3323 1380 3568 1437 omnes,
3616 1367 3918 1442 superest
3958 1370 4035 1425 ut
4078 1382 4199 1426 nos
4241 1372 4341 1426 to-

2382 1455 2486 1512 tos
2539 1447 3020 1513 committentes
3076 1446 3249 1529 patri
3307 1445 3588 1524 coelesti,
3649 1447 4023 1529 gratiasque
4067 1455 4339 1531 agentes

2384 1534 2622 1618 gaudio
2689 1534 2953 1616 perfusi,
3021 1553 3154 1597 non
3220 1530 3415 1596 modo
3473 1531 3761 1597 feramus
3821 1552 4028 1616 aequo
4095 1534 4336 1613 animo,

2383 1641 2615 1685 verum
2660 1621 2859 1684 etiam
2897 1618 3323 1695 exsultemus,
3361 1627 3430 1682 et
3470 1616 3642 1682 docti
3685 1637 3724 1681 a
3765 1628 4100 1683 servatore
4135 1639 4337 1703 quum

2381 1705 2587 1771 verbo
2647 1713 2791 1770 tum
2839 1704 3144 1787 exemplo
3199 1704 3474 1768 miseros
3530 1704 3640 1787 qui
3702 1711 3834 1766 tam
3875 1704 4116 1770 misere
4159 1706 4337 1770 insa-

2382 1792 2578 1856 niunt
2633 1790 2780 1856 Deo
2838 1789 3387 1869 commendemus,
3445 1789 3823 1873 flagitantes
3880 1798 3957 1854 ut
4013 1791 4338 1874 propitius

2381 1897 2494 1943 eos
2547 1878 2902 1956 intueatur,
2962 1875 3186 1942 oculos
3240 1876 3490 1959 aperiat
3533 1877 3627 1939 ita
3667 1876 3906 1939 misere
3949 1878 4333 1955 excaecatis,

2380 1973 2461 2027 ut
2483 1964 2753 2028 videant
2795 1972 2861 2028 et
2884 1970 3370 2039 convertantur,
3408 1973 3476 2025 et
3509 1962 3564 2026 si
3600 1961 3757 2044 quid
3794 1961 3973 2027 aliud
4008 1967 4334 2047 possimus

2379 2051 2454 2114 in
2490 2050 2768 2114 salutem
2812 2050 3109 2132 ipsorum
3144 2046 3536 2129 adnitamur,
3583 2049 3745 2131 quin
3789 2048 3987 2112 etiam
4031 2070 4150 2132 per
4193 2048 4333 2133 gla-

2380 2133 2582 2212 dium,
2625 2136 2683 2199 si
2727 2135 2915 2200 bonis
2961 2134 3187 2200 adesse
3233 2143 3300 2198 et
3343 2134 3549 2198 malos
3593 2155 4002 2217 compescere
4047 2155 4180 2200 non
4229 2155 4334 2200 re-

2378 2222 2610 2307 fugiat,
2636 2224 2685 2297 ¹)
2744 2241 3049 2287 curemus
3110 2222 3179 2284 in
3237 2219 3536 2285 ordinem
3603 2219 3767 2303 cogi,
3814 2240 4048 2285 verum
4092 2222 4204 2295 ita,
4251 2242 4335 2286 ne

2379 2308 2527 2391 plus
2576 2306 2860 2373 audeant
2912 2304 3189 2390 improbi
3257 2307 3512 2371 animos
3554 2304 3711 2370 inde
3756 2314 4093 2373 sumentes
4135 2308 4337 2372 maio-

2377 2415 2504 2473 reS,
2544 2393 2722 2458 unde
2768 2393 2958 2459 deiici
3002 2391 3258 2457 debent.

2571 2480 2891 2546 Vandelus
2907 2480 2962 2560 ²)
3017 2478 3175 2562 quid
3236 2478 3402 2543 liber
3464 2485 3530 2542 et
3564 2479 3788 2543 omnia
3831 2499 4038 2562 paene
4082 2478 4335 2544 habens

2379 2565 2462 2632 ad
2507 2576 2741 2631 nutum
2785 2587 2921 2630 non
2957 2565 3147 2645 dicet,
3195 2584 3400 2647 quum
3444 2571 3545 2628 tot
3578 2564 3932 2630 adstrictus
3972 2564 4225 2648 legibus
4270 2572 4337 2629 et

2378 2652 2729 2737 repagulis,
2764 2652 2875 2716 ubi
2911 2651 3133 2718 omnia
3167 2658 3394 2717 contra
3417 2658 3642 2715 votum
3667 2651 3968 2729 habebat,
4007 2650 4175 2715 nihil
4199 2672 4332 2715 non

2377 2737 2716 2804 vomeret?
2777 2740 2872 2803 At
2913 2738 3115 2802 miser
3157 2736 3229 2800 in
3272 2757 3467 2820 quem
3511 2737 3684 2820 gerit
3726 2735 4017 2802 bellum?

2552 2826 2617 2890 A
2676 2823 2966 2890 Francia
2988 2823 3041 2905 ³)
3108 2822 3216 2889 hic
3270 2823 3412 2901 fuit,
3473 2830 3542 2888 et
3580 2844 3691 2888 me
3734 2823 4067 2888 nolentem
4108 2841 4332 2907 coege-

2380 2918 2539 2976 runt
2582 2907 2819 2975 fratres
2873 2919 2949 2974 ut
3004 2930 3156 2974 eum
3211 2909 3528 2974 audirem.
3629 2909 3815 2975 Bone
3873 2908 4078 2985 Deus,
4137 2929 4332 2990 quam

2379 3005 2482 3063 est
2523 2996 2765 3063 iustus!
2828 2994 3007 3077 Quid
3053 3015 3186 3059 non
3221 3016 3455 3079 passus
3497 3016 3617 3080 pro
3661 2994 3962 3061 Christo!
4032 2994 4149 3059 Ait
4192 3015 4331 3058 om-

2377 3084 2492 3148 nia
2536 3106 2686 3151 cum
2744 3081 3080 3148 Eustathio
3134 3082 3336 3147 fuisse
3395 3081 3777 3167 composita,
3800 3086 3857 3159 ⁴)
3909 3079 4022 3147 sed
4070 3089 4330 3147 servato

2377 3192 2558 3235 more
2630 3169 2864 3255 patrio,
2922 3169 3237 3234 nimirum
3281 3174 3356 3233 ut
3398 3168 3797 3247 EustathiuS,
3842 3188 4044 3252 quum
4086 3167 4332 3232 iniuria

2377 3256 2672 3323 affecerit
2712 3255 2957 3321 bonum
2999 3255 3239 3330 virum,
3285 3253 3466 3336 prior
3500 3254 3759 3319 veniam
3803 3254 4065 3339 petierit
4109 3261 4174 3318 et
4215 3254 4330 3318 bo—

2376 3363 2503 3408 nus
2546 3363 2664 3426 pro
2710 3363 2831 3407 suo
2864 3340 3147 3407 candore
3189 3338 3345 3405 data
3372 3360 3578 3405 manu
3619 3341 3691 3405 in
3736 3340 4019 3425 gratiam
4065 3359 4329 3423 recepe-

2374 3429 2481 3493 rit.
2568 3428 2809 3495 Paucis
2873 3428 3132 3512 egimus
3181 3424 3263 3490 de
3328 3427 3630 3510 ingressu
3694 3446 3831 3491 non
3887 3425 4203 3510 legitime,
4262 3432 4329 3490 et

2375 3514 2549 3599 quod
2572 3521 2716 3580 erat
2736 3535 2889 3581 cum
2921 3511 3240 3577 fratribus
3263 3512 3455 3576 aliter
3480 3512 3830 3596 agendum,
3860 3512 4097 3595 quibus
4120 3532 4327 3595 quum

2372 3600 2766 3667 satisfecerit
2822 3606 2890 3664 et
2933 3599 3119 3665 nobis
3184 3599 3313 3662 erit
3376 3597 3619 3662 factum
3676 3608 3877 3664 satus.
3964 3596 4183 3678 Quam
4241 3597 4329 3662 sit

2371 3694 2829 3772 reportaturus
2851 3685 3229 3751 Benedictus
3249 3682 3764 3749 benedictionem
3801 3703 4001 3767 super
4039 3684 4123 3747 iis
4159 3703 4326 3766 quae

2373 3775 2527 3858 egit,
2572 3771 2831 3838 abunde
2875 3770 3067 3837 docet
3108 3770 3454 3853 scriptura.
3531 3769 3775 3854 Frangi
3820 3789 3953 3834 non
3996 3770 4322 3848 convenit,

2371 3861 2429 3925 si
2483 3879 2617 3924 non
2677 3856 2849 3942 quod
2893 3857 3218 3934 volumuS,
3266 3855 3382 3921 sed
3425 3855 3595 3939 quod
3640 3855 3786 3922 vult
3818 3855 4147 3920 Dominus
4190 3856 4321 3919 fiat.

2371 3944 2446 4012 Si
2494 3954 2564 4010 tu
2609 3966 2786 4011 esses
2821 3944 3218 4009 Franciscus
3252 3941 3486 4025 aliquis
3530 3942 3643 4025 qui
3684 3942 3878 4007 malis
3920 3950 4181 4006 tautum
4223 3940 4322 4006 fa-

2369 4052 2578 4109 veres,
2615 4053 2690 4097 ac
2724 4030 2900 4094 mala
2938 4029 3080 4095 sola
3119 4047 3526 4112 procurares,
3572 4035 3649 4091 ut
3690 4037 3939 4094 taceam
3977 4028 4345 4105 '1⁸0ssanos,⁴

2371 4116 2824 4193 Castalliones,
2861 4115 3129 4194 Bellios,
3181 4122 3249 4179 et
3289 4112 3359 4179 id
3396 4135 3623 4198 genus,
3658 4134 3792 4178 non
3837 4122 3902 4178 te
3947 4113 4320 4196 praeteriis-

2368 4214 2472 4269 set
2527 4202 2604 4282 is,
2664 4204 2735 4267 in
2794 4203 2983 4269 cuius
3041 4199 3325 4286 gratiam
3384 4209 3649 4264 tantum
3690 4199 4000 4264 laborasti
4044 4200 4320 4263 laterem

2367 4289 2633 4356 lavans:
2681 4288 2796 4354 sed
2838 4286 3041 4372 quum
3085 4287 3308 4352 omnia
3352 4286 3562 4371 egerit
3614 4295 3876 4369 praeter
3920 4283 4125 4349 animi
4168 4304 4319 4348 sen-

2369 4375 2664 4455 tentiam,
2718 4383 2789 4439 et
2842 4381 3062 4458 speret
3118 4373 3301 4439 hisce
3347 4370 3562 4437 turbis
3621 4392 3742 4437 nos
3785 4391 4058 4456 prorsus
4099 4369 4318 4453 oppri-

2367 4461 2662 4542 mendos,
2716 4460 2891 4545 quod
2949 4466 3294 4545 supererat
3350 4457 3614 4524 videtur
3669 4455 4000 4522 excussise
4061 4455 4315 4520 frontis.

2365 4548 2619 4614 Fassus
2661 4547 2787 4613 fuit
2806 4546 3124 4612 fratribus
3167 4553 3234 4610 te
3257 4543 3611 4628 scripsisse,
3657 4543 3773 4608 sed
3814 4544 3886 4607 in
3923 4562 4066 4607 eam
4109 4561 4318 4625 paene

2366 4634 2759 4700 sententiam
2795 4654 2925 4716 qua
2958 4633 3174 4717 prius:
3212 4640 3278 4696 et
3312 4630 3522 4697 veluti
3558 4650 3706 4694 cum
3751 4627 4083 4694 stomacho
4129 4626 4316 4705 dixit,

2364 4719 2468 4786 ira
2509 4718 2890 4785 conclusum
2927 4718 3131 4786 fuisse
3175 4725 3251 4782 ut
3293 4725 3367 4782 tu
3411 4712 3729 4782 scriberes
3768 4713 4051 4779 formam
4086 4733 4314 4779 recan-

2362 4996 2552 5051 2288.
2574 4994 2631 5059 1)
2668 4992 2836 5065 quis?
2905 4992 3073 5047 Deus.
4030 5057 4040 5068 ι
4072 5053 4083 5068 .

2568 5063 2630 5131 2)
2663 5061 2932 5133 postridie
2987 5062 3135 5118 Non.
3171 5058 3318 5128 Any.
3368 5059 3565 5114 ahma
3613 5056 3862 5113 Gmevae
3910 5061 4111 5126 capum
4160 5055 4312 5110 daus-

2531 5173 2632 5285 ⁶³.)
2683 5200 2782 5257 vir
2831 5201 3068 5270 cauom,
3112 5198 3355 5267 fortasse
3417 5195 3479 5250 V.
3531 5193 3613 5250 D.
3669 5193 3753 5248 M.
3809 5194 4012 5264 amuis
4062 5195 4126 5249 aa
4176 5209 4314 5264 am

2376 5270 2635 5403 γωωῗ).
2664 5336 2755 5393 Do
2786 5338 2886 5393 hoc
2918 5336 3132 5405 motio
3167 5334 3303 5390 alibi
3332 5333 3489 5390 nmil-
