4850 6200
539 395 668 461 859

541 584 798 650 tionum
872 588 940 647 et
1001 578 1551 646 obtrectationum
1607 578 1867 645 vanitas
1933 597 2093 662 erga
2160 575 2498 643 Calvinum

542 676 842 736 nostrum
885 687 957 732 se
1001 667 1212 748 ipsam
1252 672 1581 750 coarguat,
1606 663 1967 748 optimique
2008 663 2136 729 viri
2181 663 2496 729 innocen-

542 757 637 820 tia
676 753 955 820 lucidior
1009 754 1127 817 fiat
1166 751 1238 817 in
1286 749 1443 816 dies.
1522 749 1709 816 Adeo
1752 758 2059 816 servatur
2101 769 2181 814 66
2223 748 2499 816 66616616

544 840 870 925 singulari
897 837 1298 923 protectione
1325 837 1454 902 Dei
1481 836 1658 902 inter
1690 836 1936 903 fluctus
1971 844 2037 901 et
2072 842 2497 918 tempestates

543 924 820 993 subinde
885 945 1122 1009 graves
1184 924 1527 989 fluctuans.
1618 959 1694 969 —
1755 958 1837 970 —
1890 958 1977 969 —
2017 957 2097 971 -—
2146 921 2351 987 Basil.
2397 927 2497 984 14.

542 1012 898 1079 Novembr.
938 1013 1139 1076 Anno
1183 1013 1364 1075 1555.

1867 1143 1941 1212 Τ.
1987 1144 2321 1211 Sulcerus.

1327 1440 1725 1452 ————-

1404 1658 1607 1731 2344.

1025 1813 1525 1882 PARELLUS
1572 1813 2010 1882 CALVINO.

728 1988 971 2072 Cupide
1007 1987 1242 2070 arripit
1281 1986 1614 2053 consilium
1657 1985 2022 2070 Bullinyeri
2064 2007 2293 2053 novam
2338 1988 2505 2053 inter

551 2097 760 2144 omnes
823 2074 1107 2141 ecclesias
1168 2073 1624 2140 consensionem
1690 2073 1858 2138 edita
1917 2074 2199 2155 formula
2261 2073 2507 2140 concili-

551 2164 726 2230 andi.
799 2161 1131 2228 Gaesarem
1172 2157 1537 2225 mcmachum
1571 2158 1716 2239 fieri
1757 2158 1908 2224 velle
1964 2160 2240 2237 nunciat,
2286 2165 2342 2225 et
2386 2158 2505 2225 Sa-

553 2250 783 2315 :coniae
838 2246 1185 2313 Electorem
1237 2265 1447 2311 omnes
1510 2245 1893 2328 evanyelicos
1950 2265 2340 2330 conyreqare,
2387 2264 2506 2327 quo

549 2336 715 2418 facto
773 2332 1196 2417 Westphalum
1238 2332 1372 2397 iam
1412 2331 1718 2397 devictum
1761 2330 1888 2396 sibi
1922 2330 2121 2415 finyit.

550 2506 661 2573 (Ex
696 2504 1032 2575 autographo
1068 2503 1199 2558 Cod.
1235 2505 1438 2556 (166617.
1477 2499 1593 2565 115,
1630 2503 1721 2556 fol.
1759 2499 1877 2557 125.
1949 2502 2291 2570 Inspeximus
2326 2519 2506 2557 exem-

550 2575 728 2645 plaria
761 2575 1037 2628 Turretini
1076 2570 1948 2707 Cod.0{Og,ilg‹l)‘l'.¹-ib‡ol·ngn)onse
1983 2572 2124 2641 Epp.
2163 2573 2263 2628 VI.
2299 2590 2351 2641 p.
2386 2570 2506 2638 506,

551 2814 1130 2882 Praestantissimo
1188 2811 1440 2878 Christi
1499 2832 1693 2877 servo
1751 2810 1990 2876 Ioanni
2034 2811 2312 2878 Calvino
2355 2834 2509 2896 pas-

550 2903 679 2968 tori
723 2900 1030 2969 ecclesiae
1075 2899 1485 2965 Genevensis
1530 2918 1730 2981 quam
1785 2897 2163 2964 fidelissimo
2205 2899 2509 2985 theologo

700 2986 952 3073 puriori
995 2986 1187 3051 fratri
1223 2993 1292 3050 et
1336 2991 1742 3070 symmystae
1786 3005 1978 3067 quam
2023 2986 2375 3051 carissime.

726 3159 797 3226 S.
861 3156 1078 3224 Valde
1119 3157 1338 3241 placet
1380 3156 1675 3222 studium
1717 3155 2104 3240 Buzzinqeri,
2130 3162 2181 3235 ¹)
2226 3167 2295 3223 et
2337 3159 2507 3241 quod

557 3247 643 3313 ad
704 3265 933 3328 pacem
998 3241 1480 3327 procurandam
1544 3243 1863 3308 hortatur.
1955 3242 2227 3309 Utinam
2272 3245 2509 3311 melius

557 3331 961 3414 intelligeret
1004 3329 1116 3413 qui
1160 3329 1296 3394 sint
1337 3349 1455 3411 per
1498 3348 1662 3411 quos
1704 3336 1840 3394 stat
1888 3331 2235 3412 quominus
2278 3342 2510 3413 pacata

553 3419 690 3484 sint
750 3415 989 3496 omnia,
1051 3423 1119 3480 et
1186 3414 1360 3500 apud
1423 3413 1575 3481 illos
1636 3415 1933 3481 instaret.
2022 3414 2217 3496 Quod
2274 3425 2349 3482 ut
2389 3420 2510 3483 fiat

553 3525 690 3571 non
723 3500 948 3568 dubito
991 3501 1151 3583 quin
1193 3501 1546 3580 curaveris,
1592 3510 1671 3566 ut
1705 3510 1883 3568 recte
1924 3503 2095 3584 petis
2138 3502 2310 3585 quod
2356 3503 2506 3569 doc-

553 3590 759 3655 tiores
802 3594 869 3654 et
901 3587 1195 3653 saniores
1240 3584 1410 3669 apud
1437 3585 1737 3653 Saxones
1773 3594 2041 3671 petunt:
2089 3589 2253 3653 faxit
2275 3589 2505 3656 Chris-

553 3682 663 3741 tus
715 3681 792 3739 ut
847 3673 1157 3739 obtineas.
1245 3673 1718 3739 Gratissimum
1774 3674 1901 3737 fuit
1956 3673 2181 3739 audire
2241 3675 2505 3741 eosdem

554 3759 884 3829 cordatius
945 3780 1126 3824 nunc
1191 3778 1405 3842 agere,
1467 3757 1579 3823 ubi
1623 3758 2010 3824 tumultuosi
2077 3761 2506 3843 impotentius

554 3846 876 3912 feruntur.
957 3845 1140 3910 Bene
1201 3844 1383 3910 vides
1449 3866 1597 3910 cum
1649 3844 1799 3922 illis,
1869 3847 1922 3910 si
1969 3866 2195 3911 omnes
2240 3855 2505 3913 nostrae

552 3932 864 3999 ecclesiae
903 3932 971 3995 in
1011 3951 1210 3996 unam
1232 3929 1716 3996 subscriberent
1738 3932 2131 3997 sententiam
2177 3931 2257 3997 de
2280 3954 2503 4010 coena,

554 4016 943 4085 conducere:
1002 4017 1074 4081 in
1137 4015 1509 4101 pastoribus
1575 4018 1742 4082 forte
1808 4039 1935 4081 non
2004 4017 2164 4082 adeo
2221 4018 2504 4098 difficile,

554 4103 670 4171 sed
727 4106 836 4187 qui
896 4116 1208 4187 praesunt
1265 4103 1482 4168 nescio
1542 4125 1626 4167 an
1685 4103 1917 4168 adduci
1965 4115 2292 4186 poterunt.
2384 4106 2503 4169 Vi-

556 4190 706 4257 disti
744 4190 920 4254 enim
958 4203 1358 4272 quantopere
1412 4191 1482 4253 in
1530 4189 1867 4253 nonnullis
1909 4189 2296 4273 refugerunt
2339 4192 2503 4255 Arc·

553 4276 914 4361 topolitani.
1007 4275 1150 4341 Hoc
1208 4275 1499 4358 plerique
1572 4285 1810 4357 putant
1889 4275 2247 4358 plurimum
2305 4276 2372 4340 in
2434 4296 2504 4340 66

553 4361 977 4436 laudandum,
1037 4363 1092 4425 si
1136 4361 1300 4425 nihil
1349 4360 1873 4444 progrediantur,
1912 4360 2204 4444 nihilque
2247 4362 2318 4426 in
2365 4382 2502 4425 me-

552 4449 686 4514 lius
745 4456 1021 4524 mutent,
1088 4447 1416 4529 antiquari
1485 4448 1657 4512 bona
1701 4446 1952 4512 facilius
1998 4448 2203 4512 multo
2249 4448 2503 4529 passuri

555 4556 751 4618 quam
794 4533 1034 4617 corrigi
1077 4542 1144 4597 et
1188 4533 1457 4597 meliora
1500 4533 1641 4597 fieri
1699 4534 1898 4597 semel
1944 4531 2243 4598 admissa.

727 4620 859 4685 Hic
916 4640 1220 4702 sparsum
1283 4618 1428 4696 fuit,
1479 4617 1754 4683 Sasconis
1809 4618 2017 4683 filium
2065 4640 2338 4686 uxorem
2383 4618 2505 4684 du·

557 4708 753 4785 111666,
819 4724 896 4769 66
950 4725 1195 4776 omnes,
1265 4703 1382 4770 sed
1447 4704 1621 4770 solos
1682 4725 1847 4768 evan
1898 4705 2116 4783 elicos,
2183 4705 2506 4770 invitasse

557 4793 888 4876 principes
933 4798 1000 4854 et
1042 4789 1256 4864 urbes,
1303 4792 1369 4854 in
1414 4790 1653 4873 quibus
1690 4800 1756 4854 et
1872 4790 2160 4856 elvetios.
2258 4792 2506 4857 Verum

558 4879 678 4944 soli
739 4876 1111 4941 Beruenses
1169 4896 1297 4940 666
1343 4876 1627 4953 iverunt,
1664 4872 1780 4940 sed
1821 4875 1934 4941 alii
1976 4897 2202 4943 omnes
2247 4887 2509 4959 praeter

557 4984 686 5029 eos.
778 4962 861 5025 At
899 4961 1099 5026 verba
1131 4981 1273 5026 esse
1317 4969 1494 5045 puto.
1564 4959 1638 5026 Si
1685 4982 1915 5026 verum
1960 4972 2133 5027 esset
2177 4964 2322 5046 plus
2357 4983 2505 5045 spe-

558 5069 775 5114 rarem
835 5044 916 5110 de
973 5047 1182 5111 amico
1244 5046 1560 5130 colloquio
1609 5047 2038 5129 impetrando.
2127 5051 2224 5113 At
2276 5057 2509 5113 utcun-

559 5319 828 5384 23441)
860 5321 1019 5389 pacis
1050 5319 1196 5374 inter
1234 5318 1571 5377 Geneoenees
1601 5328 1653 5378 et
1691 5322 1994 5379 Bou-nmen
2018 5322 2429 5392 procurandae.

2049 384 2577 455 EPISTOLAE
2620 388 3046 454 2343-2346

4408 396 4525 462 860

2599 597 2725 661 que
2778 577 2867 643 sit
2922 595 3118 660 spero
3166 583 3233 643 te
3298 575 3474 660 apud
3528 576 3903 661 Philippum
3958 587 4026 643 et
4066 578 4226 643 alios
4268 580 4374 663 qui
4415 580 4526 646 ali-

2600 661 2758 746 quid
2813 671 3092 747 possunt
3152 671 3472 741 acturum,
3534 664 3670 729 imo
3711 677 4135 748 peracturum
4179 674 4251 729 ut
4290 667 4426 730 fiat:
4468 677 4530 733 et

2597 751 2853 814 interea
2912 750 2968 815 si
3028 748 3423 830 Westphalas
3479 749 3805 835 intelligat
3860 771 4056 833 quam
4117 751 4387 816 infirmis
4438 754 4530 818 ni·

2602 843 2787 900 tatur
2844 835 3069 913 armis,
3134 842 3203 899 et
3265 855 3464 918 quam
3519 847 3595 900 tu
3651 835 4048 902 firmioribus
4103 838 4194 902 sis
4237 848 4532 919 armatus,

2601 941 2793 1003 spero
2858 922 3151 985 futurum
3209 923 3277 985 in
3338 921 3462 988 hoc
3505 935 3584 987 ut
3626 923 3817 988 citius
3857 924 4212 988 conveniat
4252 933 4318 987 66
4356 924 4532 990 tolla-

2602 1018 2712 1072 tur
2756 1006 3116 1073 dissidium.
3636 1058 3639 1067 .

2775 1092 3138 1158 Blaurerus
3180 1091 3416 1159 dicitur
3458 1094 3528 1157 in
3573 1093 3821 1160 ditione
3862 1094 4186 1159 Badensis
4229 1095 4536 1160 marchio-

2603 1178 2707 1244 nis
2772 1199 2986 1262 agere,
3007 1181 3065 1255 ²)
3111 1179 3223 1260 qui
3287 1180 3360 1243 in
3426 1180 3548 1247 1166
3604 1190 3706 1245 666
3749 1189 3825 1244 ut
3864 1182 3965 1246 sui
4009 1202 4235 1245 omnes
4278 1181 4537 1246 audiant

2604 1265 3033 1349 evangelium.
3120 1266 3450 1330 Existimo
3512 1265 3842 1333 Sulcerum
3895 1288 4027 1331 una
4077 1288 4224 1333 cum
4270 1287 4347 1331 eo
4391 1289 4539 1333 esse.

2603 1350 2912 1417 Christus
2955 1351 3201 1434 passim
3244 1353 3404 1416 velit
3450 1352 3722 1417 verbum
3766 1373 3962 1418 suum
4020 1352 4304 1419 fructum
4360 1353 4537 1419 ferre.

2603 1436 2682 1502 Si
2742 1435 2979 1502 Caesar
3040 1437 3400 1503 monachus
3469 1440 3599 1515 fiat,
3665 1448 3739 1502 ut
3783 1438 3986 1515 aiunt,
4008 1441 4061 1516 2)
4109 1460 4306 1522 quam
4342 1439 4542 1504 bonus

2603 1523 2691 1588 sit
2744 1523 3002 1588 futurus
3069 1522 3314 1589 iudicet
3360 1525 3591 1606 quivis.
3682 1524 3759 1589 Si
3802 1545 3885 1589 ex
3929 1525 4197 1608 optimis
4240 1525 4542 1607 pessimos

2602 1609 2815 1687 faciat,
2881 1607 3037 1692 qnid
3100 1610 3171 1673 in
3237 1611 3538 1691 pessimis
3602 1611 3976 1675 institutum
4043 1610 4358 1676 eiusmodi
4420 1631 4546 1674 non

2602 1693 2885 1761 efficiet?
2955 1693 3134 1775 Quid
3195 1716 3330 1760 non
3389 1698 3557 1778 parit
3601 1698 3922 1780 ignoratio
3968 1696 4126 1761 Dei?
4199 1698 4376 1761 Dum
4431 1695 4547 1760 mi-

2605 1781 2735 1846 seri
2779 1782 2852 1845 in
2893 1779 3237 1848 Christum
3286 1783 3639 1863 insurgunt
3679 1792 3748 1847 et
3790 1792 3955 1847 totos
4000 1805 4070 1848 se
4107 1782 4393 1865 perdunt
4432 1784 4546 1846 im·

2606 1867 2867 1950 pietate,
2929 1867 3054 1931 sibi
3111 1867 3220 1932 1116
3263 1868 3789 1934 maledictionem
3845 1882 3911 1933 et
3954 1869 4026 1932 in
4068 1869 4294 1933 futuro
4337 1870 4548 1952 ignem

2606 1961 2951 2018 aeternum
3010 1954 3220 2037 magis
3276 1964 3345 2019 et
3401 1957 3614 2039 magis
3674 1955 4039 2037 acquirunt.
4131 1956 4270 2020 Nos
4328 1954 4550 2038 pietati

2607 2037 3002 2115 studeamus,
3050 2042 3153 2104 cui
3199 2048 3298 2103 tot
3336 2051 3404 2105 et
3440 2053 3626 2105 tanta
3649 2063 3848 2123 quum
3897 2041 4001 2107 hic
4037 2051 4181 2104 tum
4228 2042 4294 2104 in
4340 2042 4554 2105 futura

2611 2126 2746 2190 vita
2789 2133 2949 2190 sunt
2992 2126 3350 2208 promissa:
3398 2127 3567 2208 quod
3605 2127 3714 2191 det
3737 2126 4046 2192 Christus
4090 2126 4380 2208 optimus
4423 2146 4551 2191 ser-

2613 2221 2822 2277 vator.

2784 2295 3109 2361 Existimo
3146 2297 3368 2363 hostes
3403 2308 3567 2373 tuos,
3614 2298 3745 2362 imo
3789 2297 4060 2375 Christi,
4108 2297 4416 2363 nonnihil
4460 2317 4556 2361 re-

2610 2383 2941 2448 missuros.
3011 2382 3258 2466 Magna
3294 2383 3408 2448 illa
3453 2385 3797 2465 parturitio
3834 2384 4157 2448 montium
4200 2406 4393 2467 quem
4432 2383 4557 2447 foe·

2608 2479 2752 2532 tum
2815 2469 2901 2533 sit
2965 2467 3240 2547 editura,
3309 2472 3608 2553 quamvis
3676 2471 3961 2553 gestiant
4018 2472 4456 2552 parturientes
4498 2478 4560 2533 et

2610 2554 2798 2620 nobis
2841 2555 2929 2618 sit
2971 2554 3549 2636 ingemiscendum,
3597 2555 3860 2620 tandem
3906 2558 4107 2621 risum
4148 2571 4216 2620 66
4254 2555 4559 2640 gaudium

2612 2661 2743 2704 non
2815 2640 3173 2705 finiendum
3252 2642 3438 2706 nobis
3520 2643 3779 2718 afferet,
3840 2653 3909 2706 at
3986 2644 4241 2708 miseris
4315 2644 4558 2706 luctum

2611 2736 2680 2790 et
2722 2725 3056 2808 planctum
3083 2738 3445 2792 aeternum.
3516 2727 3843 2794 Dominus
3889 2750 4079 2793 suum
4125 2751 4293 2812 opus
4338 2729 4406 2792 in
4450 2748 4560 2790 no-

2612 2811 2712 2878 bis
2753 2813 3046 2895 perficiat
3089 2824 3155 2877 et
3184 2815 3438 2879 miseris
3483 2816 3569 2879 sit
3615 2815 3938 2898 propitius
3984 2825 4056 2879 ut
4099 2820 4562 2879 convertantur

2612 2910 2679 2962 et
2732 2910 3098 2964 serventur.
3185 2899 3355 2964 Vale
3422 2921 3616 2982 quam
3675 2903 3918 2984 optime
3976 2916 4043 2965 ct
4102 2902 4201 2965 tui
4246 2902 4560 2966 rationem

2612 2983 2797 3062 habe,
2843 2993 2920 3049 ut
2942 2984 3192 3051 diutius
3228 2986 3536 3052 ecclesiae
3560 2986 3813 3052 Christi
3835 2989 4114 3052 servias:
4166 2996 4243 3051 ut
4287 3008 4358 3052 es
4381 2984 4563 3051 valde

2611 3070 3036 3151 necessarius,
3102 3073 3172 3137 in
3237 3072 3363 3140 hoc
3427 3082 3493 3138 te
3538 3073 3647 3138 diu
3698 3073 4012 3139 Dominus
4070 3094 4313 3139 sanum
4359 3081 4426 3139 et
4466 3072 4559 3136 in·

2611 3157 2926 3224 columem
2967 3169 3200 3224 servet.
3269 3158 3447 3243 Opto
3491 3169 3639 3225 tuos
3661 3161 3944 3243 collegas
3980 3160 4222 3238 salvos,
4272 3171 4342 3225 et
4385 3156 4564 3241 quid·

2612 3242 2770 3327 quid
2825 3253 2924 3310 est
2975 3246 3252 3327 piorum.
3338 3247 3430 3310 Et
3494 3255 3567 3311 ut
3624 3255 3774 3329 peto
3831 3247 3975 3311 istis
4041 3244 4266 3310 Deum
4313 3264 4564 3329 semper

2611 3331 2943 3395 faventem
3002 3329 3261 3409 adesse,
3314 3331 3407 3396 ita
3464 3343 3616 3415 opto
3674 3342 3749 3397 ut
3791 3333 3918 3396 mei
3965 3333 4032 3397 in
4077 3333 4390 3416 precibus
4434 3353 4564 3396 me-

2613 3416 2947 3481 minerint.
3054 3416 3329 3501 Collega
3388 3424 3452 3484 te
3523 3419 3785 3496 salutat,
3846 3418 4224 3485 Maturinus
4295 3429 4364 3483 66
4437 3417 4561 3482 6111.

2613 3501 2926 3568 Neocomi
2979 3508 3073 3568 15.
3119 3502 3437 3569 Novemb.
3489 3511 3667 3570 1555.

3837 3643 4017 3708 'Puus
4054 3642 4392 3709 Farellus.

3500 4274 3698 4345 2345.

3095 4428 3566 4497 CALVINUS
3612 4430 4075 4498 FARELLO.

2787 4600 2977 4667 Ridet
3048 4600 3411 4685 Bullinyeri
3471 4602 3803 4668 consilium
3870 4604 3948 4670 de
3993 4606 4579 4686 praedestinatione

2611 4688 2854 4754 silentio
2915 4687 3266 4768 sepelienda
3280 4712 3301 4767 ‚-
3367 4687 3529 4753 ridet
3569 4708 3730 4770 quac
3785 4689 3859 4755 de
3903 4689 4157 4757 Saxone
4202 4698 4263 4758 et
4310 4690 4582 4759 Caesare

2612 4774 3073 4840 nunciabantur
3084 4798 3106 4854 ,·
3170 4773 3330 4838 ridet
3395 4776 3585 4839 etiam
3653 4774 4078 4842 Marcurtiam
4143 4778 4445 4846 versibus
4488 4778 4580 4861 ip-

2612 4880 2753 4924 sum
2795 4861 2927 4925 iam
2970 4859 3344 4925 laudantem.

2817 5047 2878 5116 2)
2916 5047 3298 5104 Constantiam
3332 5063 3391 5102 se
3421 5050 3724 5105 confides-at
3758 5051 3883 5106 vide
3920 5050 3999 5107 N.
4032 5049 4195 5107 2348.

2766 5186 2778 5198 ·
2819 5118 2880 5184 8)
2921 5117 3085 5173 Circa
3130 5119 3252 5198 laoc-
3274 5124 3483 5186 tempus
3522 5118 3754 5174 Carolus
3791 5120 4131 5188 Hispaniam
4179 5128 4240 5178 et
4275 5123 4587 5192 Inferior&

2611 5187 3296 5311 ...affixa
3329 5203 3413 5310 105.
3448 5187 3992 5314 “mma
4014 5188 4588 5333 eda-...mm

2611 5257 3041 5381 qma-obium
3078 5323 3134 5379 S.
3172 5273 3464 5381 11⁴0an
3497 5327 3616 5382 nisi
3645 5343 3796 5382 anno
3829 5329 4079 5399 maenti
4109 5346 4174 5386 se
4206 5280 4442 5404 uegit.
