<?xml version="1.0" encoding="UTF-8"?>
<!DOCTYPE html PUBLIC "-//W3C//DTD XHTML 1.0 Transitional//EN"
    "http://www.w3.org/TR/xhtml1/DTD/xhtml1-transitional.dtd">
<html xmlns="http://www.w3.org/1999/xhtml" xml:lang="en" lang="en">
 <head>
  <title>
</title>
<meta http-equiv="Content-Type" content="text/html;charset=utf-8" />
  <meta name='ocr-system' content='tesseract 3.04.00' />
  <meta name='ocr-capabilities' content='ocr_page ocr_carea ocr_par ocr_line ocrx_word'/>
</head>
<body>
  <div class='ocr_page' id='page_1' title='image "./ioanniscalvinio09unkngoog_0229.png"; bbox 0 0 4850 6200; ppageno 0'>
   <div class='ocr_carea' id='block_1_1' title="bbox 343 413 4327 489">
    <p class='ocr_par' dir='ltr' id='par_1_1' title="bbox 343 413 4327 489">
     <span class='ocr_line' id='line_1_1' title="bbox 343 413 4327 489; baseline 0.002 -10"><span class='ocrx_word' id='word_1_1' title='bbox 343 416 461 479; x_wconf 80' lang='lat'>457</span> <span class='ocrx_word' id='word_1_2' title='bbox 1987 419 2148 481; x_wconf 74' lang='lat'>1555</span> <span class='ocrx_word' id='word_1_3' title='bbox 2191 413 2658 483; x_wconf 74' lang='lat' dir='ltr'><strong>FEBRUAR.</strong></span> <span class='ocrx_word' id='word_1_4' title='bbox 4200 426 4327 489; x_wconf 74' lang='lat'>458</span> 
     </span>
    </p>
   </div>
   <div class='ocr_carea' id='block_1_2' title="bbox 232 602 2277 685">
    <p class='ocr_par' dir='ltr' id='par_1_2' title="bbox 232 602 2277 685">
     <span class='ocr_line' id='line_1_2' title="bbox 232 602 2277 685; baseline -0.003 -8"><span class='ocrx_word' id='word_1_5' title='bbox 232 669 241 677; x_wconf 95' lang='lat'><strong>.</strong></span> <span class='ocrx_word' id='word_1_6' title='bbox 339 624 500 671; x_wconf 82' lang='lat' dir='ltr'>meo.</span> <span class='ocrx_word' id='word_1_7' title='bbox 587 603 737 674; x_wconf 83' lang='lat' dir='ltr'>Hoc</span> <span class='ocrx_word' id='word_1_8' title='bbox 775 605 1058 673; x_wconf 81' lang='lat' dir='ltr'>dixerim</span> <span class='ocrx_word' id='word_1_9' title='bbox 1102 628 1236 673; x_wconf 92' lang='lat' dir='ltr'>non</span> <span class='ocrx_word' id='word_1_10' title='bbox 1286 616 1367 673; x_wconf 82' lang='lat' dir='ltr'>ut</span> <span class='ocrx_word' id='word_1_11' title='bbox 1407 604 1655 685; x_wconf 85' lang='lat' dir='ltr'>aduler,</span> <span class='ocrx_word' id='word_1_12' title='bbox 1699 602 1814 672; x_wconf 91' lang='lat' dir='ltr'>sed</span> <span class='ocrx_word' id='word_1_13' title='bbox 1873 613 1949 669; x_wconf 86' lang='lat' dir='ltr'>ut</span> <span class='ocrx_word' id='word_1_14' title='bbox 1988 602 2108 669; x_wconf 83' lang='lat' dir='ltr'>tibi</span> <span class='ocrx_word' id='word_1_15' title='bbox 2145 611 2277 671; x_wconf 81' lang='lat' dir='ltr'>tes·</span> 
     </span>
    </p>
   </div>
   <div class='ocr_carea' id='block_1_3' title="bbox 325 690 2282 3702">
    <p class='ocr_par' dir='ltr' id='par_1_3' title="bbox 339 690 2282 1532">
     <span class='ocr_line' id='line_1_3' title="bbox 343 690 2282 778; baseline -0.001 -22"><span class='ocrx_word' id='word_1_16' title='bbox 343 700 546 757; x_wconf 84' lang='lat' dir='ltr'>tatum</span> <span class='ocrx_word' id='word_1_17' title='bbox 589 691 677 757; x_wconf 86' lang='lat' dir='ltr'>sit</span> <span class='ocrx_word' id='word_1_18' title='bbox 715 700 782 758; x_wconf 90' lang='lat' dir='ltr'>et</span> <span class='ocrx_word' id='word_1_19' title='bbox 823 693 949 778; x_wconf 88' lang='lat' dir='ltr'>piis</span> <span class='ocrx_word' id='word_1_20' title='bbox 992 694 1293 761; x_wconf 85' lang='lat' dir='ltr'>omnibus</span> <span class='ocrx_word' id='word_1_21' title='bbox 1334 692 1416 759; x_wconf 88' lang='lat' dir='ltr'>de</span> <span class='ocrx_word' id='word_1_22' title='bbox 1456 712 1608 758; x_wconf 79' lang='lat' dir='ltr'>mea</span> <span class='ocrx_word' id='word_1_23' title='bbox 1659 691 1817 767; x_wconf 80' lang='lat' dir='ltr'>fide,</span> <span class='ocrx_word' id='word_1_24' title='bbox 1875 690 2171 757; x_wconf 76' lang='lat' dir='ltr'>doctrina</span> <span class='ocrx_word' id='word_1_25' title='bbox 2213 699 2282 756; x_wconf 88' lang='lat' dir='ltr'>et</span> 
     </span>
     <span class='ocr_line' id='line_1_4' title="bbox 343 776 2279 863; baseline 0 -20"><span class='ocrx_word' id='word_1_26' title='bbox 343 776 684 863; x_wconf 77' lang='lat' dir='ltr'>religione:</span> <span class='ocrx_word' id='word_1_27' title='bbox 751 777 947 844; x_wconf 91' lang='lat' dir='ltr'>simul</span> <span class='ocrx_word' id='word_1_28' title='bbox 1002 779 1204 845; x_wconf 84' lang='lat' dir='ltr'>etiam</span> <span class='ocrx_word' id='word_1_29' title='bbox 1257 788 1332 844; x_wconf 93' lang='lat' dir='ltr'>ut</span> <span class='ocrx_word' id='word_1_30' title='bbox 1403 788 1626 863; x_wconf 85' lang='lat' dir='ltr'>aperte</span> <span class='ocrx_word' id='word_1_31' title='bbox 1680 796 2030 862; x_wconf 70' lang='lat' dir='ltr'><strong>cognoscas</strong></span> <span class='ocrx_word' id='word_1_32' title='bbox 2082 777 2279 843; x_wconf 85' lang='lat' dir='ltr'>istam</span> 
     </span>
     <span class='ocr_line' id='line_1_5' title="bbox 343 862 2281 932; baseline -0.001 -2"><span class='ocrx_word' id='word_1_33' title='bbox 343 878 628 930; x_wconf 79' lang='lat' dir='ltr'>nostram</span> <span class='ocrx_word' id='word_1_34' title='bbox 691 863 1032 932; x_wconf 83' lang='lat' dir='ltr'>ecelesiam</span> <span class='ocrx_word' id='word_1_35' title='bbox 1087 887 1222 932; x_wconf 89' lang='lat' dir='ltr'>non</span> <span class='ocrx_word' id='word_1_36' title='bbox 1281 864 1654 931; x_wconf 73' lang='lat' dir='ltr'>discessisse</span> <span class='ocrx_word' id='word_1_37' title='bbox 1712 864 1793 930; x_wconf 88' lang='lat' dir='ltr'>ab</span> <span class='ocrx_word' id='word_1_38' title='bbox 1848 885 1928 929; x_wconf 83' lang='lat' dir='ltr'>ea</span> <span class='ocrx_word' id='word_1_39' title='bbox 1985 862 2281 930; x_wconf 82' lang='lat' dir='ltr'>doctrina</span> 
     </span>
     <span class='ocr_line' id='line_1_6' title="bbox 340 947 2279 1101; baseline -0.001 -86"><span class='ocrx_word' id='word_1_40' title='bbox 340 970 526 1101; x_wconf 57' lang='lat' dir='ltr'>guam</span> <span class='ocrx_word' id='word_1_41' title='bbox 564 949 850 1035; x_wconf 91' lang='lat' dir='ltr'>primum</span> <span class='ocrx_word' id='word_1_42' title='bbox 888 951 1005 1017; x_wconf 88' lang='lat' dir='ltr'>abs</span> <span class='ocrx_word' id='word_1_43' title='bbox 1039 963 1106 1016; x_wconf 89' lang='lat' dir='ltr'>te</span> <span class='ocrx_word' id='word_1_44' title='bbox 1146 951 1446 1036; x_wconf 75' lang='lat' dir='ltr'>suscepit.</span> <span class='ocrx_word' id='word_1_45' title='bbox 1545 950 1683 1016; x_wconf 88' lang='lat' dir='ltr'>Det</span> <span class='ocrx_word' id='word_1_46' title='bbox 1722 950 2050 1015; x_wconf 85' lang='lat' dir='ltr'>Dominus</span> <span class='ocrx_word' id='word_1_47' title='bbox 2089 957 2168 1014; x_wconf 90' lang='lat' dir='ltr'>ut</span> <span class='ocrx_word' id='word_1_48' title='bbox 2208 947 2279 1013; x_wconf 91' lang='lat' dir='ltr'>in</span> 
     </span>
     <span class='ocr_line' id='line_1_7' title="bbox 501 1056 2278 1219; baseline -0.002 -31"><span class='ocrx_word' id='word_1_49' title='bbox 501 1057 798 1188; x_wconf 52' lang='grc' dir='ltr'>1)ῃὲιῖ</span> <span class='ocrx_word' id='word_1_50' title='bbox 825 1056 1357 1206; x_wconf 39' lang='lat' dir='ltr'>mummuli-sb</span> <span class='ocrx_word' id='word_1_51' title='bbox 1421 1122 1660 1188; x_wconf 87' lang='lat' dir='ltr'>misisti</span> <span class='ocrx_word' id='word_1_52' title='bbox 1722 1119 2070 1207; x_wconf 77' lang='lat' dir='ltr'>legendum</span> <span class='ocrx_word' id='word_1_53' title='bbox 2128 1119 2278 1219; x_wconf 80' lang='lat' dir='ltr'>dedi</span> 
     </span>
     <span class='ocr_line' id='line_1_8' title="bbox 339 1204 2275 1291; baseline -0.002 -18"><span class='ocrx_word' id='word_1_54' title='bbox 339 1207 466 1273; x_wconf 86' lang='lat' dir='ltr'>illis</span> <span class='ocrx_word' id='word_1_55' title='bbox 505 1212 618 1291; x_wconf 85' lang='lat' dir='ltr'>qui</span> <span class='ocrx_word' id='word_1_56' title='bbox 663 1228 746 1273; x_wconf 88' lang='lat' dir='ltr'>us</span> <span class='ocrx_word' id='word_1_57' title='bbox 789 1210 1090 1276; x_wconf 85' lang='lat' dir='ltr'>iusseras.</span> <span class='ocrx_word' id='word_1_58' title='bbox 1156 1207 1333 1274; x_wconf 90' lang='lat' dir='ltr'>Illud</span> <span class='ocrx_word' id='word_1_59' title='bbox 1376 1204 1460 1274; x_wconf 84' lang='lat' dir='ltr'>ad</span> <span class='ocrx_word' id='word_1_60' title='bbox 1503 1216 1568 1274; x_wconf 89' lang='lat' dir='ltr'>te</span> <span class='ocrx_word' id='word_1_61' title='bbox 1611 1209 1875 1273; x_wconf 87' lang='lat' dir='ltr'>remitto</span> <span class='ocrx_word' id='word_1_62' title='bbox 1917 1220 1992 1271; x_wconf 91' lang='lat' dir='ltr'>ut</span> <span class='ocrx_word' id='word_1_63' title='bbox 2013 1215 2275 1291; x_wconf 77' lang='lat' dir='ltr'>rogasti.</span> 
     </span>
     <span class='ocr_line' id='line_1_9' title="bbox 339 1293 2280 1380; baseline -0.002 -20"><span class='ocrx_word' id='word_1_64' title='bbox 339 1293 531 1360; x_wconf 73' lang='lat' dir='ltr'>mtto</span> <span class='ocrx_word' id='word_1_65' title='bbox 587 1295 784 1360; x_wconf 84' lang='lat' dir='ltr'>etiam</span> <span class='ocrx_word' id='word_1_66' title='bbox 835 1296 1311 1380; x_wconf 86' lang='lat' dir='ltr'>propositiones</span> <span class='ocrx_word' id='word_1_67' title='bbox 1364 1314 1532 1379; x_wconf 86' lang='lat' dir='ltr'>quae</span> <span class='ocrx_word' id='word_1_68' title='bbox 1590 1294 1960 1378; x_wconf 87' lang='lat' dir='ltr'>disputatae</span> <span class='ocrx_word' id='word_1_69' title='bbox 2015 1294 2280 1359; x_wconf 84' lang='lat' dir='ltr'>fuerunt</span> 
     </span>
     <span class='ocr_line' id='line_1_10' title="bbox 340 1378 2278 1465; baseline -0.001 -18"><span class='ocrx_word' id='word_1_70' title='bbox 340 1379 439 1447; x_wconf 82' lang='lat' dir='ltr'>hic</span> <span class='ocrx_word' id='word_1_71' title='bbox 496 1380 566 1445; x_wconf 90' lang='lat' dir='ltr'>in</span> <span class='ocrx_word' id='word_1_72' title='bbox 625 1378 853 1447; x_wconf 85' lang='lat' dir='ltr'>schola</span> <span class='ocrx_word' id='word_1_73' title='bbox 907 1388 1065 1446; x_wconf 88' lang='lat' dir='ltr'>ante</span> <span class='ocrx_word' id='word_1_74' title='bbox 1121 1380 1368 1465; x_wconf 85' lang='lat' dir='ltr'>aliquot</span> <span class='ocrx_word' id='word_1_75' title='bbox 1422 1378 1581 1459; x_wconf 86' lang='lat' dir='ltr'>dies,</span> <span class='ocrx_word' id='word_1_76' title='bbox 1639 1401 1807 1464; x_wconf 88' lang='lat' dir='ltr'>quae</span> <span class='ocrx_word' id='word_1_77' title='bbox 1864 1379 2108 1464; x_wconf 86' lang='lat' dir='ltr'>scripto</span> <span class='ocrx_word' id='word_1_78' title='bbox 2165 1387 2278 1446; x_wconf 92' lang='lat' dir='ltr'>tuo</span> 
     </span>
     <span class='ocr_line' id='line_1_11' title="bbox 339 1464 923 1532; baseline 0.002 -2"><span class='ocrx_word' id='word_1_79' title='bbox 339 1484 464 1531; x_wconf 89' lang='lat' dir='ltr'>non</span> <span class='ocrx_word' id='word_1_80' title='bbox 508 1464 923 1532; x_wconf 85' lang='lat' dir='ltr'>dissentiunt.</span> 
     </span>
    </p>

    <p class='ocr_par' dir='ltr' id='par_1_4' title="bbox 337 1548 2279 1980">
     <span class='ocr_line' id='line_1_12' title="bbox 499 1548 2273 1636; baseline 0 -20"><span class='ocrx_word' id='word_1_81' title='bbox 499 1548 608 1616; x_wconf 89' lang='lat' dir='ltr'>De</span> <span class='ocrx_word' id='word_1_82' title='bbox 669 1562 896 1619; x_wconf 86' lang='lat' dir='ltr'>nostra</span> <span class='ocrx_word' id='word_1_83' title='bbox 954 1551 1225 1618; x_wconf 88' lang='lat' dir='ltr'>ecclesia</span> <span class='ocrx_word' id='word_1_84' title='bbox 1282 1573 1412 1619; x_wconf 88' lang='lat' dir='ltr'>non</span> <span class='ocrx_word' id='word_1_85' title='bbox 1473 1550 1684 1619; x_wconf 85' lang='lat' dir='ltr'>habeo</span> <span class='ocrx_word' id='word_1_86' title='bbox 1734 1550 1904 1636; x_wconf 89' lang='lat' dir='ltr'>quod</span> <span class='ocrx_word' id='word_1_87' title='bbox 1962 1549 2273 1618; x_wconf 84' lang='lat' dir='ltr'>scribam:</span> 
     </span>
     <span class='ocr_line' id='line_1_13' title="bbox 338 1635 2277 1721; baseline -0.001 -18"><span class='ocrx_word' id='word_1_88' title='bbox 338 1657 589 1721; x_wconf 81' lang='lat' dir='ltr'>semper</span> <span class='ocrx_word' id='word_1_89' title='bbox 629 1658 855 1704; x_wconf 88' lang='lat' dir='ltr'>sumus</span> <span class='ocrx_word' id='word_1_90' title='bbox 902 1638 974 1704; x_wconf 91' lang='lat' dir='ltr'>in</span> <span class='ocrx_word' id='word_1_91' title='bbox 1017 1637 1246 1704; x_wconf 89' lang='lat' dir='ltr'>eodem</span> <span class='ocrx_word' id='word_1_92' title='bbox 1303 1646 1497 1705; x_wconf 88' lang='lat' dir='ltr'>statu.</span> <span class='ocrx_word' id='word_1_93' title='bbox 1598 1638 1864 1703; x_wconf 87' lang='lat' dir='ltr'>Interea</span> <span class='ocrx_word' id='word_1_94' title='bbox 1919 1635 2277 1703; x_wconf 84' lang='lat' dir='ltr'>adversarii</span> 
     </span>
     <span class='ocr_line' id='line_1_14' title="bbox 338 1722 2279 1810; baseline 0 -22"><span class='ocrx_word' id='word_1_95' title='bbox 338 1722 538 1789; x_wconf 82' lang='lat' dir='ltr'>nostri</span> <span class='ocrx_word' id='word_1_96' title='bbox 554 1727 614 1804; x_wconf 67' lang='grc' dir='ltr'>ὅ)</span> <span class='ocrx_word' id='word_1_97' title='bbox 659 1744 790 1789; x_wconf 91' lang='lat' dir='ltr'>non</span> <span class='ocrx_word' id='word_1_98' title='bbox 836 1724 1181 1809; x_wconf 87' lang='lat' dir='ltr'>quieseunt</span> <span class='ocrx_word' id='word_1_99' title='bbox 1226 1724 1682 1809; x_wconf 82' lang='lat' dir='ltr'>(singulariter</span> <span class='ocrx_word' id='word_1_100' title='bbox 1737 1722 1971 1810; x_wconf 89' lang='lat' dir='ltr'>unus):</span> <span class='ocrx_word' id='word_1_101' title='bbox 2019 1743 2279 1807; x_wconf 86' lang='lat' dir='ltr'>semper</span> 
     </span>
     <span class='ocr_line' id='line_1_15' title="bbox 337 1808 2277 1897; baseline -0.001 -22"><span class='ocrx_word' id='word_1_102' title='bbox 337 1811 506 1875; x_wconf 88' lang='lat' dir='ltr'>enim</span> <span class='ocrx_word' id='word_1_103' title='bbox 565 1808 814 1893; x_wconf 86' lang='lat' dir='ltr'>aliquid</span> <span class='ocrx_word' id='word_1_104' title='bbox 877 1812 1255 1897; x_wconf 74' lang='lat' dir='ltr'>excogitant</span> <span class='ocrx_word' id='word_1_105' title='bbox 1318 1822 1384 1876; x_wconf 87' lang='lat' dir='ltr'>ct</span> <span class='ocrx_word' id='word_1_106' title='bbox 1447 1809 1825 1875; x_wconf 89' lang='lat' dir='ltr'>moliuntur.</span> <span class='ocrx_word' id='word_1_107' title='bbox 1950 1811 2040 1875; x_wconf 83' lang='lat' dir='ltr'>At</span> <span class='ocrx_word' id='word_1_108' title='bbox 2108 1809 2277 1875; x_wconf 86' lang='lat' dir='ltr'>bene</span> 
     </span>
     <span class='ocr_line' id='line_1_16' title="bbox 337 1895 1659 1980; baseline -0.002 -18"><span class='ocrx_word' id='word_1_109' title='bbox 337 1895 527 1962; x_wconf 67' lang='lat' dir='ltr'>habet</span> <span class='ocrx_word' id='word_1_110' title='bbox 569 1895 742 1980; x_wconf 85' lang='lat' dir='ltr'>quod</span> <span class='ocrx_word' id='word_1_111' title='bbox 787 1897 918 1961; x_wconf 87' lang='lat' dir='ltr'>iam</span> <span class='ocrx_word' id='word_1_112' title='bbox 964 1905 1118 1962; x_wconf 88' lang='lat' dir='ltr'>sunt</span> <span class='ocrx_word' id='word_1_113' title='bbox 1160 1896 1465 1963; x_wconf 88' lang='lat' dir='ltr'>omnibus</span> <span class='ocrx_word' id='word_1_114' title='bbox 1502 1896 1659 1962; x_wconf 89' lang='lat' dir='ltr'>noti.</span> 
     </span>
    </p>

    <p class='ocr_par' dir='ltr' id='par_1_5' title="bbox 325 1979 2280 3702">
     <span class='ocr_line' id='line_1_17' title="bbox 499 1979 2280 2066; baseline -0.002 -18"><span class='ocrx_word' id='word_1_115' title='bbox 499 1981 606 2048; x_wconf 87' lang='lat' dir='ltr'>De</span> <span class='ocrx_word' id='word_1_116' title='bbox 647 1981 914 2048; x_wconf 81' lang='lat' dir='ltr'>ecclesia</span> <span class='ocrx_word' id='word_1_117' title='bbox 955 1981 1562 2066; x_wconf 79' lang='lat' dir='ltr'>Monsbelgardensi</span> <span class='ocrx_word' id='word_1_118' title='bbox 1607 1980 1827 2048; x_wconf 86' lang='lat' dir='ltr'>audivi</span> <span class='ocrx_word' id='word_1_119' title='bbox 1862 1980 2076 2047; x_wconf 87' lang='lat' dir='ltr'>nescio</span> <span class='ocrx_word' id='word_1_120' title='bbox 2119 1979 2280 2064; x_wconf 92' lang='lat' dir='ltr'>quid</span> 
     </span>
     <span class='ocr_line' id='line_1_18' title="bbox 338 2064 2277 2152; baseline -0.001 -19"><span class='ocrx_word' id='word_1_121' title='bbox 338 2066 505 2151; x_wconf 88' lang='lat' dir='ltr'>quod</span> <span class='ocrx_word' id='word_1_122' title='bbox 573 2088 705 2133; x_wconf 92' lang='lat' dir='ltr'>non</span> <span class='ocrx_word' id='word_1_123' title='bbox 772 2067 1035 2152; x_wconf 82' lang='lat' dir='ltr'>placuit.</span> <span class='ocrx_word' id='word_1_124' title='bbox 1145 2067 1250 2133; x_wconf 90' lang='lat' dir='ltr'>Ibi</span> <span class='ocrx_word' id='word_1_125' title='bbox 1317 2070 1511 2134; x_wconf 80' lang='lat' dir='ltr'>etiam</span> <span class='ocrx_word' id='word_1_126' title='bbox 1585 2078 1738 2133; x_wconf 88' lang='lat' dir='ltr'>sunt</span> <span class='ocrx_word' id='word_1_127' title='bbox 1801 2068 2047 2132; x_wconf 88' lang='lat' dir='ltr'>turbae.</span> <span class='ocrx_word' id='word_1_128' title='bbox 2163 2064 2277 2131; x_wconf 77' lang='lat' dir='ltr'>Sic</span> 
     </span>
     <span class='ocr_line' id='line_1_19' title="bbox 337 2152 2279 2237; baseline -0.002 -16"><span class='ocrx_word' id='word_1_129' title='bbox 337 2153 635 2221; x_wconf 85' lang='lat' dir='ltr'>ecclesiae</span> <span class='ocrx_word' id='word_1_130' title='bbox 680 2152 933 2220; x_wconf 82' lang='lat' dir='ltr'>Christi</span> <span class='ocrx_word' id='word_1_131' title='bbox 971 2154 1378 2219; x_wconf 76' lang='lat' dir='ltr'>ventilantur</span> <span class='ocrx_word' id='word_1_132' title='bbox 1398 2162 1590 2237; x_wconf 88' lang='lat' dir='ltr'>atque</span> <span class='ocrx_word' id='word_1_133' title='bbox 1617 2162 1941 2219; x_wconf 77' lang='lat' dir='ltr'>vexantur</span> <span class='ocrx_word' id='word_1_134' title='bbox 1963 2175 2002 2218; x_wconf 91' lang='lat' dir='ltr'>a</span> <span class='ocrx_word' id='word_1_135' title='bbox 2025 2152 2279 2218; x_wconf 81' lang='lat' dir='ltr'>Satana</span> 
     </span>
     <span class='ocr_line' id='line_1_20' title="bbox 335 2238 2279 2338; baseline -0.001 -34"><span class='ocrx_word' id='word_1_136' title='bbox 335 2260 444 2323; x_wconf 89' lang='lat' dir='ltr'>per</span> <span class='ocrx_word' id='word_1_137' title='bbox 483 2238 1102 2325; x_wconf 79' lang='lat' dir='ltr'>pseudoprophetas.</span> <span class='ocrx_word' id='word_1_138' title='bbox 1169 2241 1492 2306; x_wconf 88' lang='lat' dir='ltr'>Dominus</span> <span class='ocrx_word' id='word_1_139' title='bbox 1535 2238 1719 2305; x_wconf 88' lang='lat' dir='ltr'>Deus</span> <span class='ocrx_word' id='word_1_140' title='bbox 1760 2249 1894 2338; x_wconf 81' lang='lat' dir='ltr'>opt.</span> <span class='ocrx_word' id='word_1_141' title='bbox 1941 2260 2114 2303; x_wconf 84' lang='lat' dir='ltr'>max.</span> <span class='ocrx_word' id='word_1_142' title='bbox 2160 2258 2279 2303; x_wconf 91' lang='lat' dir='ltr'>nos</span> 
     </span>
     <span class='ocr_line' id='line_1_21' title="bbox 337 2323 2273 2410; baseline -0.002 -19"><span class='ocrx_word' id='word_1_143' title='bbox 337 2335 397 2391; x_wconf 90' lang='lat' dir='ltr'>et</span> <span class='ocrx_word' id='word_1_144' title='bbox 435 2326 745 2393; x_wconf 87' lang='lat' dir='ltr'>eeclesias</span> <span class='ocrx_word' id='word_1_145' title='bbox 794 2347 947 2392; x_wconf 89' lang='lat' dir='ltr'>suas</span> <span class='ocrx_word' id='word_1_146' title='bbox 1003 2348 1230 2391; x_wconf 89' lang='lat' dir='ltr'>omnes</span> <span class='ocrx_word' id='word_1_147' title='bbox 1295 2336 1518 2393; x_wconf 85' lang='lat' dir='ltr'>servet</span> <span class='ocrx_word' id='word_1_148' title='bbox 1574 2346 1615 2390; x_wconf 88' lang='lat' dir='ltr'>a</span> <span class='ocrx_word' id='word_1_149' title='bbox 1678 2324 1850 2410; x_wconf 81' lang='lat' dir='ltr'>lupis</span> <span class='ocrx_word' id='word_1_150' title='bbox 1915 2323 2273 2409; x_wconf 84' lang='lat' dir='ltr'>rapacibus.</span> 
     </span>
     <span class='ocr_line' id='line_1_22' title="bbox 335 2409 2273 2496; baseline -0.001 -20"><span class='ocrx_word' id='word_1_151' title='bbox 335 2411 595 2478; x_wconf 82' lang='lat' dir='ltr'>Interea</span> <span class='ocrx_word' id='word_1_152' title='bbox 655 2412 949 2479; x_wconf 83' lang='lat' dir='ltr'>intellexi</span> <span class='ocrx_word' id='word_1_153' title='bbox 1016 2433 1138 2496; x_wconf 90' lang='lat' dir='ltr'>per</span> <span class='ocrx_word' id='word_1_154' title='bbox 1201 2422 1498 2478; x_wconf 86' lang='lat' dir='ltr'>nostrum</span> <span class='ocrx_word' id='word_1_155' title='bbox 1565 2411 1955 2477; x_wconf 74' lang='lat' dir='ltr'>Richardum</span> <span class='ocrx_word' id='word_1_156' title='bbox 2012 2409 2273 2493; x_wconf 86' lang='lat' dir='ltr'>qualem</span> 
     </span>
     <span class='ocr_line' id='line_1_23' title="bbox 333 2497 2278 2582; baseline -0.001 -21"><span class='ocrx_word' id='word_1_157' title='bbox 333 2518 432 2562; x_wconf 88' lang='lat' dir='ltr'>me</span> <span class='ocrx_word' id='word_1_158' title='bbox 475 2519 620 2564; x_wconf 89' lang='lat' dir='ltr'>esse</span> <span class='ocrx_word' id='word_1_159' title='bbox 663 2500 889 2582; x_wconf 90' lang='lat' dir='ltr'>cupias</span> <span class='ocrx_word' id='word_1_160' title='bbox 932 2500 1000 2562; x_wconf 90' lang='lat' dir='ltr'>in</span> <span class='ocrx_word' id='word_1_161' title='bbox 1060 2498 1184 2563; x_wconf 91' lang='lat' dir='ltr'>hac</span> <span class='ocrx_word' id='word_1_162' title='bbox 1240 2508 1445 2582; x_wconf 85' lang='lat' dir='ltr'>parte,</span> <span class='ocrx_word' id='word_1_163' title='bbox 1503 2507 1695 2581; x_wconf 89' lang='lat' dir='ltr'>atque</span> <span class='ocrx_word' id='word_1_164' title='bbox 1742 2497 1939 2562; x_wconf 88' lang='lat' dir='ltr'>talem</span> <span class='ocrx_word' id='word_1_165' title='bbox 2000 2518 2104 2561; x_wconf 89' lang='lat' dir='ltr'>me</span> <span class='ocrx_word' id='word_1_166' title='bbox 2162 2516 2278 2560; x_wconf 82' lang='lat' dir='ltr'>ex·</span> 
     </span>
     <span class='ocr_line' id='line_1_24' title="bbox 331 2582 2273 2668; baseline -0.002 -19"><span class='ocrx_word' id='word_1_167' title='bbox 331 2585 620 2668; x_wconf 87' lang='lat' dir='ltr'>perieris,</span> <span class='ocrx_word' id='word_1_168' title='bbox 683 2586 949 2650; x_wconf 81' lang='lat' dir='ltr'>favente</span> <span class='ocrx_word' id='word_1_169' title='bbox 1012 2582 1175 2649; x_wconf 89' lang='lat' dir='ltr'>Deo.</span> <span class='ocrx_word' id='word_1_170' title='bbox 1275 2584 1506 2650; x_wconf 87' lang='lat' dir='ltr'>Habeo</span> <span class='ocrx_word' id='word_1_171' title='bbox 1566 2584 1845 2668; x_wconf 84' lang='lat' dir='ltr'>gratiam</span> <span class='ocrx_word' id='word_1_172' title='bbox 1903 2582 2072 2666; x_wconf 90' lang='lat' dir='ltr'>quod</span> <span class='ocrx_word' id='word_1_173' title='bbox 2139 2589 2273 2646; x_wconf 87' lang='lat' dir='ltr'>tam</span> 
     </span>
     <span class='ocr_line' id='line_1_25' title="bbox 332 2667 2274 2752; baseline -0.002 -17"><span class='ocrx_word' id='word_1_174' title='bbox 332 2679 598 2752; x_wconf 86' lang='lat' dir='ltr'>paterne</span> <span class='ocrx_word' id='word_1_175' title='bbox 643 2692 748 2736; x_wconf 91' lang='lat' dir='ltr'>me</span> <span class='ocrx_word' id='word_1_176' title='bbox 809 2692 1052 2735; x_wconf 85' lang='lat' dir='ltr'>mones.</span> <span class='ocrx_word' id='word_1_177' title='bbox 1156 2667 1480 2735; x_wconf 89' lang='lat' dir='ltr'>Dominus</span> <span class='ocrx_word' id='word_1_178' title='bbox 1530 2670 1712 2735; x_wconf 88' lang='lat' dir='ltr'>Deus</span> <span class='ocrx_word' id='word_1_179' title='bbox 1765 2669 1881 2735; x_wconf 90' lang='lat' dir='ltr'>tibi</span> <span class='ocrx_word' id='word_1_180' title='bbox 1929 2667 2274 2751; x_wconf 77' lang='lat' dir='ltr'>rependat:</span> 
     </span>
     <span class='ocr_line' id='line_1_26' title="bbox 331 2753 2276 2841; baseline -0.001 -22"><span class='ocrx_word' id='word_1_181' title='bbox 331 2776 444 2841; x_wconf 78' lang='lat' dir='ltr'>ego</span> <span class='ocrx_word' id='word_1_182' title='bbox 480 2756 661 2821; x_wconf 88' lang='lat' dir='ltr'>enim</span> <span class='ocrx_word' id='word_1_183' title='bbox 707 2778 1039 2840; x_wconf 89' lang='lat' dir='ltr'>nunquam</span> <span class='ocrx_word' id='word_1_184' title='bbox 1083 2778 1194 2821; x_wconf 90' lang='lat' dir='ltr'>ero</span> <span class='ocrx_word' id='word_1_185' title='bbox 1253 2756 1371 2822; x_wconf 86' lang='lat' dir='ltr'>tibi</span> <span class='ocrx_word' id='word_1_186' title='bbox 1421 2753 1736 2822; x_wconf 79' lang='lat' dir='ltr'>solvendo</span> <span class='ocrx_word' id='word_1_187' title='bbox 1778 2776 1896 2838; x_wconf 89' lang='lat' dir='ltr'>pro</span> <span class='ocrx_word' id='word_1_188' title='bbox 1940 2754 2148 2819; x_wconf 84' lang='lat' dir='ltr'>tantis</span> <span class='ocrx_word' id='word_1_189' title='bbox 2205 2755 2276 2818; x_wconf 89' lang='lat' dir='ltr'>in</span> 
     </span>
     <span class='ocr_line' id='line_1_27' title="bbox 329 2840 2272 2909; baseline -0.001 -4"><span class='ocrx_word' id='word_1_190' title='bbox 329 2863 430 2907; x_wconf 92' lang='lat' dir='ltr'>me</span> <span class='ocrx_word' id='word_1_191' title='bbox 471 2841 725 2909; x_wconf 82' lang='lat' dir='ltr'>collatis</span> <span class='ocrx_word' id='word_1_192' title='bbox 778 2842 1133 2907; x_wconf 88' lang='lat' dir='ltr'>beneficiis:</span> <span class='ocrx_word' id='word_1_193' title='bbox 1186 2863 1291 2907; x_wconf 92' lang='lat' dir='ltr'>me</span> <span class='ocrx_word' id='word_1_194' title='bbox 1349 2841 1553 2907; x_wconf 91' lang='lat' dir='ltr'>donec</span> <span class='ocrx_word' id='word_1_195' title='bbox 1610 2841 1838 2906; x_wconf 82' lang='lat' dir='ltr'>vixero</span> <span class='ocrx_word' id='word_1_196' title='bbox 1895 2840 2272 2906; x_wconf 88' lang='lat' dir='ltr'>devinctum</span> 
     </span>
     <span class='ocr_line' id='line_1_28' title="bbox 330 2926 2272 3011; baseline -0.002 -19"><span class='ocrx_word' id='word_1_197' title='bbox 330 2926 615 2994; x_wconf 88' lang='lat' dir='ltr'>habebis.</span> <span class='ocrx_word' id='word_1_198' title='bbox 729 2928 803 2992; x_wconf 92' lang='lat' dir='ltr'>D.</span> <span class='ocrx_word' id='word_1_199' title='bbox 881 2928 1106 2992; x_wconf 72' lang='lat' dir='ltr'>Petrus</span> <span class='ocrx_word' id='word_1_200' title='bbox 1174 2926 1426 3010; x_wconf 66' lang='lat' dir='ltr'>Mai-tyr</span> <span class='ocrx_word' id='word_1_201' title='bbox 1494 2927 1841 3011; x_wconf 88' lang='lat' dir='ltr'>plurimum</span> <span class='ocrx_word' id='word_1_202' title='bbox 1904 2937 1968 2990; x_wconf 90' lang='lat' dir='ltr'>te</span> <span class='ocrx_word' id='word_1_203' title='bbox 2014 2927 2272 3002; x_wconf 88' lang='lat' dir='ltr'>salutat,</span> 
     </span>
     <span class='ocr_line' id='line_1_29' title="bbox 327 3009 2275 3098; baseline -0.001 -21"><span class='ocrx_word' id='word_1_204' title='bbox 327 3035 443 3080; x_wconf 91' lang='lat' dir='ltr'>nec</span> <span class='ocrx_word' id='word_1_205' title='bbox 488 3013 677 3081; x_wconf 89' lang='lat' dir='ltr'>licuit</span> <span class='ocrx_word' id='word_1_206' title='bbox 718 3016 776 3079; x_wconf 89' lang='lat' dir='ltr'>ei</span> <span class='ocrx_word' id='word_1_207' title='bbox 802 3034 935 3098; x_wconf 78' lang='lat' dir='ltr'>per</span> <span class='ocrx_word' id='word_1_208' title='bbox 976 3015 1178 3080; x_wconf 90' lang='lat' dir='ltr'>otium</span> <span class='ocrx_word' id='word_1_209' title='bbox 1242 3015 1543 3079; x_wconf 86' lang='lat' dir='ltr'>scribere.</span> <span class='ocrx_word' id='word_1_210' title='bbox 1643 3011 1780 3078; x_wconf 79' lang='lat' dir='ltr'>Vix</span> <span class='ocrx_word' id='word_1_211' title='bbox 1837 3011 2140 3077; x_wconf 86' lang='lat' dir='ltr'>ascendet</span> <span class='ocrx_word' id='word_1_212' title='bbox 2191 3009 2275 3076; x_wconf 89' lang='lat' dir='ltr'>ad</span> 
     </span>
     <span class='ocr_line' id='line_1_30' title="bbox 329 3098 2270 3174; baseline -0.001 -10"><span class='ocrx_word' id='word_1_213' title='bbox 329 3121 440 3166; x_wconf 78' lang='lat' dir='ltr'>vos</span> <span class='ocrx_word' id='word_1_214' title='bbox 463 3101 841 3168; x_wconf 81' lang='lat' dir='ltr'>Geuevam:</span> <span class='ocrx_word' id='word_1_215' title='bbox 865 3102 918 3174; x_wconf 79' lang='lat'>⁶)</span> <span class='ocrx_word' id='word_1_216' title='bbox 955 3122 1088 3166; x_wconf 89' lang='lat' dir='ltr'>non</span> <span class='ocrx_word' id='word_1_217' title='bbox 1124 3102 1297 3165; x_wconf 89' lang='lat' dir='ltr'>enim</span> <span class='ocrx_word' id='word_1_218' title='bbox 1324 3098 1692 3166; x_wconf 86' lang='lat' dir='ltr'>dimittetur</span> <span class='ocrx_word' id='word_1_219' title='bbox 1714 3122 1753 3164; x_wconf 87' lang='lat' dir='ltr'>a</span> <span class='ocrx_word' id='word_1_220' title='bbox 1771 3109 1994 3164; x_wconf 90' lang='lat' dir='ltr'>nostro</span> <span class='ocrx_word' id='word_1_221' title='bbox 2018 3107 2270 3164; x_wconf 86' lang='lat' dir='ltr'>senatu.</span> 
     </span>
     <span class='ocr_line' id='line_1_31' title="bbox 327 3184 2273 3270; baseline -0.001 -19"><span class='ocrx_word' id='word_1_222' title='bbox 327 3185 464 3251; x_wconf 83' lang='lat' dir='ltr'>Iam</span> <span class='ocrx_word' id='word_1_223' title='bbox 511 3187 594 3253; x_wconf 90' lang='lat' dir='ltr'>de</span> <span class='ocrx_word' id='word_1_224' title='bbox 641 3188 764 3253; x_wconf 91' lang='lat' dir='ltr'>hac</span> <span class='ocrx_word' id='word_1_225' title='bbox 807 3208 880 3251; x_wconf 89' lang='lat' dir='ltr'>re</span> <span class='ocrx_word' id='word_1_226' title='bbox 923 3187 1050 3252; x_wconf 83' lang='lat' dir='ltr'>fuit</span> <span class='ocrx_word' id='word_1_227' title='bbox 1105 3186 1528 3270; x_wconf 87' lang='lat' dir='ltr'>disputatum,</span> <span class='ocrx_word' id='word_1_228' title='bbox 1585 3185 1697 3251; x_wconf 90' lang='lat' dir='ltr'>sed</span> <span class='ocrx_word' id='word_1_229' title='bbox 1758 3186 1980 3250; x_wconf 88' lang='lat' dir='ltr'>nullus</span> <span class='ocrx_word' id='word_1_230' title='bbox 2039 3184 2273 3250; x_wconf 79' lang='lat' dir='ltr'>suadet</span> 
     </span>
     <span class='ocr_line' id='line_1_32' title="bbox 369 3273 2270 3352; baseline -0.001 -14"><span class='ocrx_word' id='word_1_231' title='bbox 369 3273 811 3352; x_wconf 81' lang='lat' dir='ltr'>refectionem,</span> <span class='ocrx_word' id='word_1_232' title='bbox 856 3273 988 3338; x_wconf 90' lang='lat' dir='ltr'>imo</span> <span class='ocrx_word' id='word_1_233' title='bbox 1030 3274 1426 3338; x_wconf 87' lang='lat' dir='ltr'>concludunt</span> <span class='ocrx_word' id='word_1_234' title='bbox 1469 3292 1693 3338; x_wconf 88' lang='lat' dir='ltr'>omnes</span> <span class='ocrx_word' id='word_1_235' title='bbox 1729 3281 1960 3337; x_wconf 86' lang='lat' dir='ltr'>contra</span> <span class='ocrx_word' id='word_1_236' title='bbox 2003 3293 2270 3337; x_wconf 89' lang='lat' dir='ltr'>manen·</span> 
     </span>
     <span class='ocr_line' id='line_1_33' title="bbox 367 3357 2274 3444; baseline -0.002 -20"><span class='ocrx_word' id='word_1_237' title='bbox 367 3380 496 3424; x_wconf 91' lang='lat' dir='ltr'>um.</span> <span class='ocrx_word' id='word_1_238' title='bbox 610 3359 782 3426; x_wconf 82' lang='lat' dir='ltr'>Vale</span> <span class='ocrx_word' id='word_1_239' title='bbox 845 3370 1159 3444; x_wconf 87' lang='lat' dir='ltr'>perpetuo</span> <span class='ocrx_word' id='word_1_240' title='bbox 1222 3360 1380 3424; x_wconf 84' lang='lat' dir='ltr'>felix</span> <span class='ocrx_word' id='word_1_241' title='bbox 1446 3366 1513 3424; x_wconf 89' lang='lat' dir='ltr'>et</span> <span class='ocrx_word' id='word_1_242' title='bbox 1577 3379 1683 3424; x_wconf 90' lang='lat' dir='ltr'>me</span> <span class='ocrx_word' id='word_1_243' title='bbox 1725 3358 1822 3422; x_wconf 89' lang='lat' dir='ltr'>uti</span> <span class='ocrx_word' id='word_1_244' title='bbox 1881 3357 2052 3423; x_wconf 87' lang='lat' dir='ltr'>soles</span> <span class='ocrx_word' id='word_1_245' title='bbox 2110 3378 2274 3422; x_wconf 89' lang='lat' dir='ltr'>ama.</span> 
     </span>
     <span class='ocr_line' id='line_1_34' title="bbox 325 3443 2272 3512; baseline 0.001 -4"><span class='ocrx_word' id='word_1_246' title='bbox 325 3443 651 3511; x_wconf 85' lang='lat' dir='ltr'>Dominus</span> <span class='ocrx_word' id='word_1_247' title='bbox 716 3444 903 3512; x_wconf 86' lang='lat' dir='ltr'>Deus</span> <span class='ocrx_word' id='word_1_248' title='bbox 969 3455 1033 3511; x_wconf 90' lang='lat' dir='ltr'>te</span> <span class='ocrx_word' id='word_1_249' title='bbox 1098 3465 1254 3510; x_wconf 88' lang='lat' dir='ltr'>suae</span> <span class='ocrx_word' id='word_1_250' title='bbox 1319 3446 1626 3511; x_wconf 85' lang='lat' dir='ltr'>ecclesiae</span> <span class='ocrx_word' id='word_1_251' title='bbox 1693 3443 1799 3509; x_wconf 85' lang='lat' dir='ltr'>diu</span> <span class='ocrx_word' id='word_1_252' title='bbox 1877 3443 2272 3510; x_wconf 86' lang='lat' dir='ltr'>ineolumem</span> 
     </span>
     <span class='ocr_line' id='line_1_35' title="bbox 327 3529 2273 3615; baseline 0 -20"><span class='ocrx_word' id='word_1_253' title='bbox 327 3541 547 3598; x_wconf 82' lang='lat' dir='ltr'>servet</span> <span class='ocrx_word' id='word_1_254' title='bbox 591 3529 676 3597; x_wconf 87' lang='lat' dir='ltr'>ad</span> <span class='ocrx_word' id='word_1_255' title='bbox 719 3531 822 3596; x_wconf 91' lang='lat' dir='ltr'>sui</span> <span class='ocrx_word' id='word_1_256' title='bbox 868 3533 1150 3597; x_wconf 87' lang='lat' dir='ltr'>nominis</span> <span class='ocrx_word' id='word_1_257' title='bbox 1195 3530 1472 3615; x_wconf 82' lang='lat' dir='ltr'>gloriam</span> <span class='ocrx_word' id='word_1_258' title='bbox 1516 3542 1583 3596; x_wconf 89' lang='lat' dir='ltr'>et</span> <span class='ocrx_word' id='word_1_259' title='bbox 1625 3530 1921 3596; x_wconf 90' lang='lat' dir='ltr'>omnium</span> <span class='ocrx_word' id='word_1_260' title='bbox 1972 3539 2273 3596; x_wconf 90' lang='lat' dir='ltr'>nostrum</span> 
     </span>
     <span class='ocr_line' id='line_1_36' title="bbox 325 3615 2128 3702; baseline -0.001 -21"><span class='ocrx_word' id='word_1_261' title='bbox 325 3615 862 3684; x_wconf 83' lang='lat' dir='ltr'>aedificationem.</span> <span class='ocrx_word' id='word_1_262' title='bbox 952 3619 1356 3702; x_wconf 84' lang='lat' dir='ltr'>Argentinae</span> <span class='ocrx_word' id='word_1_263' title='bbox 1401 3621 1501 3683; x_wconf 82' lang='lat'>28.</span> <span class='ocrx_word' id='word_1_264' title='bbox 1548 3616 1894 3683; x_wconf 79' lang='lat' dir='ltr'>Februarii</span> <span class='ocrx_word' id='word_1_265' title='bbox 1947 3621 2128 3681; x_wconf 85' lang='lat'><strong>1555.</strong></span> 
     </span>
    </p>
   </div>
   <div class='ocr_carea' id='block_1_4' title="bbox 755 3753 2099 3923">
    <p class='ocr_par' dir='ltr' id='par_1_6' title="bbox 755 3753 2099 3923">
     <span class='ocr_line' id='line_1_37' title="bbox 755 3753 2099 3837; baseline -0.001 -17"><span class='ocrx_word' id='word_1_266' title='bbox 755 3754 937 3820; x_wconf 74' lang='lat' dir='ltr'>&#39;l‘uus</span> <span class='ocrx_word' id='word_1_267' title='bbox 981 3753 1339 3837; x_wconf 86' lang='lat' dir='ltr'>discipulus</span> <span class='ocrx_word' id='word_1_268' title='bbox 1383 3767 1451 3818; x_wconf 90' lang='lat' dir='ltr'>et</span> <span class='ocrx_word' id='word_1_269' title='bbox 1493 3756 1564 3820; x_wconf 89' lang='lat' dir='ltr'>in</span> <span class='ocrx_word' id='word_1_270' title='bbox 1608 3755 1876 3820; x_wconf 83' lang='lat' dir='ltr'>Christo</span> <span class='ocrx_word' id='word_1_271' title='bbox 1921 3753 2099 3818; x_wconf 87' lang='lat' dir='ltr'>filius</span> 
     </span>
     <span class='ocr_line' id='line_1_38' title="bbox 1105 3857 1812 3923; baseline -0.004 0"><span class='ocrx_word' id='word_1_272' title='bbox 1105 3857 1385 3923; x_wconf 85' lang='lat' dir='ltr'>Ioannes</span> <span class='ocrx_word' id='word_1_273' title='bbox 1429 3857 1812 3923; x_wconf 82' lang='lat' dir='ltr'>Gamerius.</span> 
     </span>
    </p>
   </div>
   <div class='ocr_carea' id='block_1_5' title="bbox 315 4028 1658 4352">
    <p class='ocr_par' dir='ltr' id='par_1_7' title="bbox 315 4028 1658 4352">
     <span class='ocr_line' id='line_1_39' title="bbox 489 4028 1654 4115; baseline -0.004 -18"><span class='ocrx_word' id='word_1_274' title='bbox 489 4031 703 4097; x_wconf 87' lang='lat' dir='ltr'>Parce</span> <span class='ocrx_word' id='word_1_275' title='bbox 755 4051 996 4113; x_wconf 87' lang='lat' dir='ltr'>quaeso</span> <span class='ocrx_word' id='word_1_276' title='bbox 1050 4028 1221 4115; x_wconf 81' lang='lat' dir='ltr'>stylo</span> <span class='ocrx_word' id='word_1_277' title='bbox 1278 4037 1346 4095; x_wconf 91' lang='lat' dir='ltr'>et</span> <span class='ocrx_word' id='word_1_278' title='bbox 1385 4028 1654 4094; x_wconf 88' lang='lat' dir='ltr'>calamo.</span> 
     </span>
     <span class='ocr_line' id='line_1_40' title="bbox 317 4113 1658 4200; baseline 0.003 -24"><span class='ocrx_word' id='word_1_279' title='bbox 317 4115 452 4182; x_wconf 82' lang='lat' dir='ltr'>Vix</span> <span class='ocrx_word' id='word_1_280' title='bbox 500 4118 676 4183; x_wconf 90' lang='lat' dir='ltr'>enim</span> <span class='ocrx_word' id='word_1_281' title='bbox 721 4116 906 4183; x_wconf 90' lang='lat' dir='ltr'>licuit</span> <span class='ocrx_word' id='word_1_282' title='bbox 946 4114 1257 4200; x_wconf 79' lang='lat' dir='ltr'>relegere.</span> <span class='ocrx_word' id='word_1_283' title='bbox 1323 4113 1658 4180; x_wconf 82' lang='lat' dir='ltr'>Salutatos</span> 
     </span>
     <span class='ocr_line' id='line_1_41' title="bbox 315 4199 1654 4352; baseline -0.003 -84"><span class='ocrx_word' id='word_1_284' title='bbox 315 4203 509 4352; x_wconf 52' lang='lat' dir='ltr'>{tilpio</span> <span class='ocrx_word' id='word_1_285' title='bbox 544 4224 774 4269; x_wconf 88' lang='lat' dir='ltr'>omnes</span> <span class='ocrx_word' id='word_1_286' title='bbox 815 4204 1054 4267; x_wconf 84' lang='lat' dir='ltr'>fratres</span> <span class='ocrx_word' id='word_1_287' title='bbox 1099 4199 1287 4266; x_wconf 80' lang='lat' dir='ltr'>verbi</span> <span class='ocrx_word' id='word_1_288' title='bbox 1343 4200 1473 4266; x_wconf 91' lang='lat' dir='ltr'>Dei</span> <span class='ocrx_word' id='word_1_289' title='bbox 1533 4202 1654 4265; x_wconf 90' lang='lat' dir='ltr'>mi-</span> 
     </span>
    </p>
   </div>
   <div class='ocr_carea' id='block_1_6' title="bbox 314 4426 732 4439">
    <p class='ocr_par' dir='ltr' id='par_1_8' title="bbox 314 4426 732 4439">
     <span class='ocr_line' id='line_1_42' title="bbox 314 4426 732 4439; baseline 0 1761"><span class='ocrx_word' id='word_1_290' title='bbox 314 4426 732 4439; x_wconf 95' lang='lat' dir='ltr'> </span> 
     </span>
    </p>
   </div>
   <div class='ocr_carea' id='block_1_7' title="bbox 313 4505 2270 4717">
    <p class='ocr_par' dir='ltr' id='par_1_9' title="bbox 313 4505 2270 4717">
     <span class='ocr_line' id='line_1_43' title="bbox 526 4505 2270 4580; baseline -0.002 -16"><span class='ocrx_word' id='word_1_291' title='bbox 526 4510 589 4580; x_wconf 75' lang='lat'>5)</span> <span class='ocrx_word' id='word_1_292' title='bbox 627 4511 769 4567; x_wconf 70' lang='grc' dir='ltr'>Μαι</span> <span class='ocrx_word' id='word_1_293' title='bbox 800 4526 871 4565; x_wconf 73' lang='grc' dir='ltr'>ιιι.</span> <span class='ocrx_word' id='word_1_294' title='bbox 909 4509 1125 4565; x_wconf 70' lang='lat' dir='ltr'>Martio</span> <span class='ocrx_word' id='word_1_295' title='bbox 1159 4515 1406 4579; x_wconf 68' lang='lat' dir='ltr'>maeste</span> <span class='ocrx_word' id='word_1_296' title='bbox 1449 4509 1811 4564; x_wconf 58' lang='lat' dir='ltr'>vehementius</span> <span class='ocrx_word' id='word_1_297' title='bbox 1852 4508 2057 4563; x_wconf 69' lang='lat' dir='ltr'>mni!</span> <span class='ocrx_word' id='word_1_298' title='bbox 2092 4505 2270 4560; x_wconf 75' lang='lat' dir='ltr'>denuo</span> 
     </span>
     <span class='ocr_line' id='line_1_44' title="bbox 313 4574 2267 4717; baseline -0.003 -83"><span class='ocrx_word' id='word_1_299' title='bbox 313 4577 1012 4717; x_wconf 44' lang='lat' dir='ltr'>ffl&#39;wffoeuw</span> <span class='ocrx_word' id='word_1_300' title='bbox 1035 4579 1283 4712; x_wconf 46' lang='lat' dir='ltr'>‘intimastis-i</span> <span class='ocrx_word' id='word_1_301' title='bbox 1314 4577 1649 4702; x_wconf 47' lang='lat' dir='ltr'>gimffss‚”&#39;</span> <span class='ocrx_word' id='word_1_302' title='bbox 1685 4581 1936 4647; x_wconf 62' lang='lat' dir='ltr'>Augusto</span> <span class='ocrx_word' id='word_1_303' title='bbox 1973 4574 2267 4630; x_wconf 66' lang='lat' dir='ltr'>Gai-aerio.</span> 
     </span>
    </p>
   </div>
   <div class='ocr_carea' id='block_1_8' title="bbox 2312 606 2343 5382">
    <p class='ocr_par' dir='ltr' id='par_1_10' title="bbox 2312 606 2343 5382">
     <span class='ocr_line' id='line_1_45' title="bbox 2312 606 2343 5382; baseline 0 0"><span class='ocrx_word' id='word_1_304' title='bbox 2312 606 2343 5382; x_wconf 95' lang='lat' dir='ltr'> </span> 
     </span>
    </p>
   </div>
   <div class='ocr_carea' id='block_1_9' title="bbox 2909 605 3794 831">
    <p class='ocr_par' dir='ltr' id='par_1_11' title="bbox 2909 605 3794 831">
     <span class='ocr_line' id='line_1_46' title="bbox 3257 605 3447 679; baseline -0.011 -1"><span class='ocrx_word' id='word_1_305' title='bbox 3257 605 3447 679; x_wconf 68' lang='lat'><strong>212⁶.</strong></span> 
     </span>
     <span class='ocr_line' id='line_1_47' title="bbox 2909 759 3794 831; baseline 0.008 -8"><span class='ocrx_word' id='word_1_306' title='bbox 2909 759 3314 831; x_wconf 77' lang='lat' dir='ltr'>VIRETUS</span> <span class='ocrx_word' id='word_1_307' title='bbox 3358 760 3794 830; x_wconf 80' lang='lat' dir='ltr'><strong>OALVINO.</strong></span> 
     </span>
    </p>
   </div>
   <div class='ocr_carea' id='block_1_10' title="bbox 2374 930 4329 1257">
    <p class='ocr_par' dir='ltr' id='par_1_12' title="bbox 2374 930 4329 1257">
     <span class='ocr_line' id='line_1_48' title="bbox 2554 930 4326 1021; baseline 0.004 -24"><span class='ocrx_word' id='word_1_308' title='bbox 2554 930 2807 999; x_wconf 72' lang='lat' dir='ltr'>Romae</span> <span class='ocrx_word' id='word_1_309' title='bbox 2847 932 3013 998; x_wconf 77' lang='lat' dir='ltr'>nihil</span> <span class='ocrx_word' id='word_1_310' title='bbox 3053 934 3342 1015; x_wconf 71' lang='lat' dir='ltr'>qTedum.</span> <span class='ocrx_word' id='word_1_311' title='bbox 3446 934 3588 1000; x_wconf 74' lang='lat' dir='ltr'>Imo</span> <span class='ocrx_word' id='word_1_312' title='bbox 3630 934 3811 1001; x_wconf 76' lang='lat' dir='ltr'>novis</span> <span class='ocrx_word' id='word_1_313' title='bbox 3851 937 4069 1004; x_wconf 75' lang='lat' dir='ltr'>edictis</span> <span class='ocrx_word' id='word_1_314' title='bbox 4100 941 4326 1021; x_wconf 77' lang='lat' dir='ltr'>peiora</span> 
     </span>
     <span class='ocr_line' id='line_1_49' title="bbox 2374 1018 4329 1101; baseline 0.004 -19"><span class='ocrx_word' id='word_1_315' title='bbox 2374 1018 2676 1101; x_wconf 65' lang='lat' dir='ltr'>pristinis</span> <span class='ocrx_word' id='word_1_316' title='bbox 2738 1018 2930 1085; x_wconf 79' lang='lat' dir='ltr'>malis</span> <span class='ocrx_word' id='word_1_317' title='bbox 2985 1019 3222 1085; x_wconf 72' lang='lat' dir='ltr'>addita.</span> <span class='ocrx_word' id='word_1_318' title='bbox 3349 1018 3586 1087; x_wconf 75' lang='lat' dir='ltr'>Christi</span> <span class='ocrx_word' id='word_1_319' title='bbox 3654 1021 3963 1088; x_wconf 74' lang='lat' dir='ltr'>militibus</span> <span class='ocrx_word' id='word_1_320' title='bbox 4016 1026 4329 1090; x_wconf 72' lang='lat' dir='ltr'>veteranis</span> 
     </span>
     <span class='ocr_line' id='line_1_50' title="bbox 2379 1102 4327 1257; baseline 0.007 -93"><span class='ocrx_word' id='word_1_321' title='bbox 2379 1104 2509 1256; x_wconf 45' lang='grc' dir='ltr'>ἶπες</span> <span class='ocrx_word' id='word_1_322' title='bbox 2524 1102 3011 1257; x_wconf 43' lang='grc' dir='ltr'>εέαὶῑέὁεηῗεόλοψ</span> <span class='ocrx_word' id='word_1_323' title='bbox 3060 1107 3134 1189; x_wconf 76' lang='grc' dir='ltr'>τῇ</span> <span class='ocrx_word' id='word_1_324' title='bbox 3180 1108 3367 1193; x_wconf 69' lang='grc' dir='ltr'><strong><em>σαρκὶ</em></strong></span> <span class='ocrx_word' id='word_1_325' title='bbox 3406 1106 3619 1186; x_wconf 68' lang='lat' dir='ltr'>datus,</span> <span class='ocrx_word' id='word_1_326' title='bbox 3662 1108 3772 1173; x_wconf 75' lang='lat' dir='ltr'>sed</span> <span class='ocrx_word' id='word_1_327' title='bbox 3827 1114 4035 1174; x_wconf 64' lang='lat' dir='ltr'>contra</span> <span class='ocrx_word' id='word_1_328' title='bbox 4091 1112 4327 1177; x_wconf 65' lang='lat' dir='ltr'>auden·-</span> 
     </span>
    </p>
   </div>
   <div class='ocr_carea' id='block_1_11' title="bbox 2671 1361 4053 1431">
    <p class='ocr_par' dir='ltr' id='par_1_13' title="bbox 2671 1361 4053 1431">
     <span class='ocr_line' id='line_1_51' title="bbox 2671 1361 4053 1431; baseline 0 -16"><span class='ocrx_word' id='word_1_329' title='bbox 2671 1361 2781 1427; x_wconf 79' lang='lat' dir='ltr'>(Ex</span> <span class='ocrx_word' id='word_1_330' title='bbox 2817 1361 3154 1431; x_wconf 74' lang='lat' dir='ltr'>autographo</span> <span class='ocrx_word' id='word_1_331' title='bbox 3188 1362 3323 1417; x_wconf 87' lang='lat' dir='ltr'>Ood.</span> <span class='ocrx_word' id='word_1_332' title='bbox 3358 1362 3564 1418; x_wconf 80' lang='lat' dir='ltr'>Genev.</span> <span class='ocrx_word' id='word_1_333' title='bbox 3603 1363 3743 1430; x_wconf 77' lang='lat'><strong>111⁸,</strong></span> <span class='ocrx_word' id='word_1_334' title='bbox 3779 1365 3871 1419; x_wconf 78' lang='lat' dir='ltr'>fol.</span> <span class='ocrx_word' id='word_1_335' title='bbox 3908 1365 4053 1427; x_wconf 82' lang='lat'><strong>110.)</strong></span> 
     </span>
    </p>
   </div>
   <div class='ocr_carea' id='block_1_12' title="bbox 2380 1533 4327 1772">
    <p class='ocr_par' dir='ltr' id='par_1_14' title="bbox 2380 1533 4327 1772">
     <span class='ocr_line' id='line_1_52' title="bbox 2552 1533 4327 1619; baseline 0.003 -21"><span class='ocrx_word' id='word_1_336' title='bbox 2552 1533 2811 1619; x_wconf 84' lang='lat' dir='ltr'>Insigni</span> <span class='ocrx_word' id='word_1_337' title='bbox 2856 1533 3103 1600; x_wconf 81' lang='lat' dir='ltr'>Christi</span> <span class='ocrx_word' id='word_1_338' title='bbox 3147 1555 3336 1600; x_wconf 83' lang='lat' dir='ltr'>servo</span> <span class='ocrx_word' id='word_1_339' title='bbox 3379 1535 3611 1600; x_wconf 88' lang='lat' dir='ltr'>Ioanni</span> <span class='ocrx_word' id='word_1_340' title='bbox 3670 1534 3949 1602; x_wconf 80' lang='lat' dir='ltr'>Calvino</span> <span class='ocrx_word' id='word_1_341' title='bbox 4003 1536 4135 1603; x_wconf 88' lang='lat' dir='ltr'>fido</span> <span class='ocrx_word' id='word_1_342' title='bbox 4189 1536 4327 1604; x_wconf 81' lang='lat' dir='ltr'>Ge-</span> 
     </span>
     <span class='ocr_line' id='line_1_53' title="bbox 2380 1620 4325 1772; baseline 0 -87"><span class='ocrx_word' id='word_1_343' title='bbox 2380 1621 2718 1772; x_wconf 46' lang='grc' dir='ltr'>ἑιθθιξῗιῃεὲἰ.</span> <span class='ocrx_word' id='word_1_344' title='bbox 2744 1620 3053 1687; x_wconf 87' lang='lat' dir='ltr'>ecclesiae</span> <span class='ocrx_word' id='word_1_345' title='bbox 3103 1620 3351 1704; x_wconf 87' lang='lat' dir='ltr'>pastori</span> <span class='ocrx_word' id='word_1_346' title='bbox 3392 1622 3581 1686; x_wconf 76' lang='lat' dir='ltr'>fratri</span> <span class='ocrx_word' id='word_1_347' title='bbox 3638 1631 3706 1687; x_wconf 89' lang='lat' dir='ltr'>et</span> <span class='ocrx_word' id='word_1_348' title='bbox 3759 1632 4158 1707; x_wconf 73' lang='lat' dir='ltr'>symmystae</span> <span class='ocrx_word' id='word_1_349' title='bbox 4209 1623 4325 1690; x_wconf 87' lang='lat' dir='ltr'>ob-</span> 
     </span>
    </p>
   </div>
   <div class='ocr_carea' id='block_1_13' title="bbox 3812 1844 4143 1913">
    <p class='ocr_par' dir='ltr' id='par_1_15' title="bbox 3812 1844 4143 1913">
     <span class='ocr_line' id='line_1_54' title="bbox 3812 1844 4143 1913; baseline 0 -1"><span class='ocrx_word' id='word_1_350' title='bbox 3812 1844 4143 1913; x_wconf 84' lang='lat' dir='ltr'>Genevae.</span> 
     </span>
    </p>
   </div>
   <div class='ocr_carea' id='block_1_14' title="bbox 2372 2013 4325 4505">
    <p class='ocr_par' dir='ltr' id='par_1_16' title="bbox 2372 2013 4325 4421">
     <span class='ocr_line' id='line_1_55' title="bbox 2552 2013 4323 2099; baseline 0.001 -17"><span class='ocrx_word' id='word_1_351' title='bbox 2552 2013 2624 2082; x_wconf 74' lang='lat' dir='ltr'>S.</span> <span class='ocrx_word' id='word_1_352' title='bbox 2692 2014 2925 2081; x_wconf 85' lang='lat' dir='ltr'>Nescio</span> <span class='ocrx_word' id='word_1_353' title='bbox 2966 2014 3161 2098; x_wconf 87' lang='lat' dir='ltr'>plane</span> <span class='ocrx_word' id='word_1_354' title='bbox 3203 2015 3359 2099; x_wconf 88' lang='lat' dir='ltr'>quid</span> <span class='ocrx_word' id='word_1_355' title='bbox 3404 2016 3487 2081; x_wconf 86' lang='lat' dir='ltr'>ad</span> <span class='ocrx_word' id='word_1_356' title='bbox 3534 2024 3598 2082; x_wconf 87' lang='lat' dir='ltr'>te</span> <span class='ocrx_word' id='word_1_357' title='bbox 3641 2015 3939 2083; x_wconf 89' lang='lat' dir='ltr'>scribam.</span> <span class='ocrx_word' id='word_1_358' title='bbox 4041 2017 4323 2084; x_wconf 86' lang='lat' dir='ltr'>Oonsul-</span> 
     </span>
     <span class='ocr_line' id='line_1_56' title="bbox 2379 2101 4325 2186; baseline 0.001 -18"><span class='ocrx_word' id='word_1_359' title='bbox 2379 2103 2665 2170; x_wconf 81' lang='lat' dir='ltr'>tabimus</span> <span class='ocrx_word' id='word_1_360' title='bbox 2730 2101 2799 2165; x_wconf 90' lang='lat' dir='ltr'>iu</span> <span class='ocrx_word' id='word_1_361' title='bbox 2863 2103 3161 2184; x_wconf 80' lang='lat' dir='ltr'>proximo</span> <span class='ocrx_word' id='word_1_362' title='bbox 3226 2101 3452 2169; x_wconf 86' lang='lat' dir='ltr'>classis</span> <span class='ocrx_word' id='word_1_363' title='bbox 3527 2122 3834 2169; x_wconf 85' lang='lat' dir='ltr'>consessu</span> <span class='ocrx_word' id='word_1_364' title='bbox 3913 2104 4070 2186; x_wconf 89' lang='lat' dir='ltr'>quid</span> <span class='ocrx_word' id='word_1_365' title='bbox 4135 2104 4325 2172; x_wconf 87' lang='lat' dir='ltr'>nobis</span> 
     </span>
     <span class='ocr_line' id='line_1_57' title="bbox 2378 2187 4324 2274; baseline 0.002 -22"><span class='ocrx_word' id='word_1_366' title='bbox 2378 2187 2710 2274; x_wconf 83' lang='lat' dir='ltr'>agendum</span> <span class='ocrx_word' id='word_1_367' title='bbox 2754 2187 2855 2263; x_wconf 89' lang='lat' dir='ltr'>sit,</span> <span class='ocrx_word' id='word_1_368' title='bbox 2900 2187 3007 2269; x_wconf 90' lang='lat' dir='ltr'>qui</span> <span class='ocrx_word' id='word_1_369' title='bbox 3031 2189 3240 2270; x_wconf 91' lang='lat' dir='ltr'>primo</span> <span class='ocrx_word' id='word_1_370' title='bbox 3263 2189 3574 2254; x_wconf 75' lang='lat' dir='ltr'>Mercurii</span> <span class='ocrx_word' id='word_1_371' title='bbox 3616 2188 3720 2254; x_wconf 88' lang='lat' dir='ltr'>die</span> <span class='ocrx_word' id='word_1_372' title='bbox 3754 2189 3979 2254; x_wconf 84' lang='lat' dir='ltr'>Martii</span> <span class='ocrx_word' id='word_1_373' title='bbox 4003 2191 4249 2256; x_wconf 88' lang='lat' dir='ltr'>mensis</span> <span class='ocrx_word' id='word_1_374' title='bbox 4274 2195 4324 2265; x_wconf 78' lang='grc' dir='ltr'>Ι)</span> 
     </span>
     <span class='ocr_line' id='line_1_58' title="bbox 2379 2275 4325 2358; baseline 0 -16"><span class='ocrx_word' id='word_1_375' title='bbox 2379 2284 2825 2342; x_wconf 78' lang='lat' dir='ltr'>conventurus</span> <span class='ocrx_word' id='word_1_376' title='bbox 2883 2284 2998 2337; x_wconf 88' lang='lat' dir='ltr'>est.</span> <span class='ocrx_word' id='word_1_377' title='bbox 3117 2275 3220 2340; x_wconf 82' lang='lat' dir='ltr'>&#39;ru</span> <span class='ocrx_word' id='word_1_378' title='bbox 3283 2275 3539 2341; x_wconf 88' lang='lat' dir='ltr'>interea</span> <span class='ocrx_word' id='word_1_379' title='bbox 3594 2275 3747 2340; x_wconf 79' lang='lat' dir='ltr'>vide</span> <span class='ocrx_word' id='word_1_380' title='bbox 3803 2276 3862 2340; x_wconf 88' lang='lat' dir='ltr'>si</span> <span class='ocrx_word' id='word_1_381' title='bbox 3916 2275 4068 2358; x_wconf 89' lang='lat' dir='ltr'>quid</span> <span class='ocrx_word' id='word_1_382' title='bbox 4123 2276 4325 2342; x_wconf 86' lang='lat' dir='ltr'>habes</span> 
     </span>
     <span class='ocr_line' id='line_1_59' title="bbox 2379 2359 4323 2445; baseline 0.002 -20"><span class='ocrx_word' id='word_1_383' title='bbox 2379 2362 2563 2425; x_wconf 88' lang='lat' dir='ltr'>cuius</span> <span class='ocrx_word' id='word_1_384' title='bbox 2605 2381 2723 2424; x_wconf 91' lang='lat' dir='ltr'>nos</span> <span class='ocrx_word' id='word_1_385' title='bbox 2767 2379 3031 2424; x_wconf 88' lang='lat' dir='ltr'>censeas</span> <span class='ocrx_word' id='word_1_386' title='bbox 3073 2382 3215 2425; x_wconf 85' lang='lat' dir='ltr'>esse</span> <span class='ocrx_word' id='word_1_387' title='bbox 3261 2359 3719 2426; x_wconf 89' lang='lat' dir='ltr'>admonendos.</span> <span class='ocrx_word' id='word_1_388' title='bbox 3819 2360 4030 2445; x_wconf 86' lang='lat' dir='ltr'>Spero</span> <span class='ocrx_word' id='word_1_389' title='bbox 4086 2363 4323 2428; x_wconf 86' lang='lat' dir='ltr'>fratres</span> 
     </span>
     <span class='ocr_line' id='line_1_60' title="bbox 2380 2443 4321 2532; baseline 0.001 -22"><span class='ocrx_word' id='word_1_390' title='bbox 2380 2446 2591 2512; x_wconf 88' lang='lat' dir='ltr'>officio</span> <span class='ocrx_word' id='word_1_391' title='bbox 2659 2466 2785 2510; x_wconf 89' lang='lat' dir='ltr'>non</span> <span class='ocrx_word' id='word_1_392' title='bbox 2854 2443 3204 2511; x_wconf 83' lang='lat' dir='ltr'>defuturos.</span> <span class='ocrx_word' id='word_1_393' title='bbox 3317 2446 3562 2512; x_wconf 84' lang='lat' dir='ltr'>Audies</span> <span class='ocrx_word' id='word_1_394' title='bbox 3626 2446 3706 2511; x_wconf 89' lang='lat' dir='ltr'>de</span> <span class='ocrx_word' id='word_1_395' title='bbox 3776 2447 4141 2529; x_wconf 77' lang='lat' dir='ltr'>Raymondo</span> <span class='ocrx_word' id='word_1_396' title='bbox 4194 2470 4321 2532; x_wconf 85' lang='lat' dir='ltr'>qua</span> 
     </span>
     <span class='ocr_line' id='line_1_61' title="bbox 2378 2531 4323 2616; baseline 0.002 -20"><span class='ocrx_word' id='word_1_397' title='bbox 2378 2532 2598 2597; x_wconf 87' lang='lat' dir='ltr'>fronte</span> <span class='ocrx_word' id='word_1_398' title='bbox 2655 2544 2968 2611; x_wconf 82' lang='lat' dir='ltr'>exceptus</span> <span class='ocrx_word' id='word_1_399' title='bbox 3023 2532 3110 2596; x_wconf 86' lang='lat' dir='ltr'>sit</span> <span class='ocrx_word' id='word_1_400' title='bbox 3165 2552 3313 2597; x_wconf 90' lang='lat' dir='ltr'>cum</span> <span class='ocrx_word' id='word_1_401' title='bbox 3360 2531 3553 2609; x_wconf 74' lang='lat' dir='ltr'>Beza,</span> <span class='ocrx_word' id='word_1_402' title='bbox 3609 2548 3677 2596; x_wconf 87' lang='lat' dir='ltr'>et</span> <span class='ocrx_word' id='word_1_403' title='bbox 3722 2532 3881 2614; x_wconf 89' lang='lat' dir='ltr'>quid</span> <span class='ocrx_word' id='word_1_404' title='bbox 3936 2554 4323 2616; x_wconf 87' lang='lat' dir='ltr'>responsum</span> 
     </span>
     <span class='ocr_line' id='line_1_62' title="bbox 2380 2616 4321 2702; baseline 0.002 -20"><span class='ocrx_word' id='word_1_405' title='bbox 2380 2618 2486 2683; x_wconf 84' lang='lat' dir='ltr'>sit.</span> <span class='ocrx_word' id='word_1_406' title='bbox 2510 2620 2565 2692; x_wconf 83' lang='lat'>²)</span> <span class='ocrx_word' id='word_1_407' title='bbox 2621 2616 2901 2683; x_wconf 79' lang='lat' dir='ltr'>Necesse</span> <span class='ocrx_word' id='word_1_408' title='bbox 2945 2629 3045 2681; x_wconf 82' lang='lat' dir='ltr'>est</span> <span class='ocrx_word' id='word_1_409' title='bbox 3083 2629 3160 2681; x_wconf 91' lang='lat' dir='ltr'>ut</span> <span class='ocrx_word' id='word_1_410' title='bbox 3202 2628 3419 2683; x_wconf 82' lang='lat' dir='ltr'>vester</span> <span class='ocrx_word' id='word_1_411' title='bbox 3462 2618 3888 2702; x_wconf 79' lang='lat' dir='ltr'>magistratus</span> <span class='ocrx_word' id='word_1_412' title='bbox 3931 2621 4101 2684; x_wconf 88' lang='lat' dir='ltr'>serio</span> <span class='ocrx_word' id='word_1_413' title='bbox 4148 2620 4321 2686; x_wconf 84' lang='lat' dir='ltr'>hane</span> 
     </span>
     <span class='ocr_line' id='line_1_63' title="bbox 2379 2702 4323 2785; baseline 0 -15"><span class='ocrx_word' id='word_1_414' title='bbox 2379 2723 2644 2770; x_wconf 89' lang='lat' dir='ltr'>causam</span> <span class='ocrx_word' id='word_1_415' title='bbox 2687 2702 3013 2785; x_wconf 85' lang='lat' dir='ltr'>suscipiat.</span> <span class='ocrx_word' id='word_1_416' title='bbox 3040 2705 3091 2784; x_wconf 82' lang='lat'>³)</span> <span class='ocrx_word' id='word_1_417' title='bbox 3150 2702 3452 2769; x_wconf 83' lang='lat' dir='ltr'>Arbitror</span> <span class='ocrx_word' id='word_1_418' title='bbox 3492 2714 3555 2769; x_wconf 89' lang='lat' dir='ltr'>te</span> <span class='ocrx_word' id='word_1_419' title='bbox 3601 2702 3925 2769; x_wconf 86' lang='lat' dir='ltr'>audivisse</span> <span class='ocrx_word' id='word_1_420' title='bbox 3969 2702 4048 2769; x_wconf 90' lang='lat' dir='ltr'>de</span> <span class='ocrx_word' id='word_1_421' title='bbox 4090 2704 4323 2770; x_wconf 89' lang='lat' dir='ltr'>edictis</span> 
     </span>
     <span class='ocr_line' id='line_1_64' title="bbox 2380 2787 4320 2873; baseline 0.001 -19"><span class='ocrx_word' id='word_1_422' title='bbox 2380 2790 2617 2873; x_wconf 88' lang='lat' dir='ltr'>quibus</span> <span class='ocrx_word' id='word_1_423' title='bbox 2660 2787 3075 2853; x_wconf 87' lang='lat' dir='ltr'>interdicitur</span> <span class='ocrx_word' id='word_1_424' title='bbox 3118 2810 3198 2853; x_wconf 90' lang='lat' dir='ltr'>ne</span> <span class='ocrx_word' id='word_1_425' title='bbox 3243 2789 3385 2872; x_wconf 89' lang='lat' dir='ltr'>quis</span> <span class='ocrx_word' id='word_1_426' title='bbox 3430 2787 3512 2853; x_wconf 88' lang='lat' dir='ltr'>ad</span> <span class='ocrx_word' id='word_1_427' title='bbox 3556 2810 3676 2855; x_wconf 78' lang='lat' dir='ltr'>vos</span> <span class='ocrx_word' id='word_1_428' title='bbox 3719 2811 3789 2854; x_wconf 88' lang='lat' dir='ltr'>se</span> <span class='ocrx_word' id='word_1_429' title='bbox 3832 2790 4126 2855; x_wconf 81' lang='lat' dir='ltr'>conferat</span> <span class='ocrx_word' id='word_1_430' title='bbox 4176 2812 4320 2856; x_wconf 87' lang='lat' dir='ltr'>eoe—</span> 
     </span>
     <span class='ocr_line' id='line_1_65' title="bbox 2381 2874 4323 2958; baseline 0.001 -18"><span class='ocrx_word' id='word_1_431' title='bbox 2381 2897 2533 2940; x_wconf 87' lang='lat' dir='ltr'>nam</span> <span class='ocrx_word' id='word_1_432' title='bbox 2590 2874 2923 2939; x_wconf 83' lang='lat' dir='ltr'>vobiscum</span> <span class='ocrx_word' id='word_1_433' title='bbox 2978 2885 3380 2956; x_wconf 89' lang='lat' dir='ltr'>sumpturus,</span> <span class='ocrx_word' id='word_1_434' title='bbox 3442 2888 3558 2940; x_wconf 89' lang='lat' dir='ltr'>aut</span> <span class='ocrx_word' id='word_1_435' title='bbox 3617 2874 3767 2939; x_wconf 88' lang='lat' dir='ltr'>alibi</span> <span class='ocrx_word' id='word_1_436' title='bbox 3824 2897 4019 2958; x_wconf 89' lang='lat' dir='ltr'>quam</span> <span class='ocrx_word' id='word_1_437' title='bbox 4076 2878 4147 2941; x_wconf 89' lang='lat' dir='ltr'>in</span> <span class='ocrx_word' id='word_1_438' title='bbox 4204 2899 4323 2942; x_wconf 89' lang='lat' dir='ltr'>suo</span> 
     </span>
     <span class='ocr_line' id='line_1_66' title="bbox 2380 2958 4320 3046; baseline 0.001 -19"><span class='ocrx_word' id='word_1_439' title='bbox 2380 2982 2557 3046; x_wconf 83' lang='lat' dir='ltr'>agro.</span> <span class='ocrx_word' id='word_1_440' title='bbox 2582 2965 2637 3042; x_wconf 84' lang='lat'>⁴)</span> <span class='ocrx_word' id='word_1_441' title='bbox 2737 2958 2883 3041; x_wconf 82' lang='lat' dir='ltr'>Quo</span> <span class='ocrx_word' id='word_1_442' title='bbox 2920 2959 3181 3044; x_wconf 84' lang='lat' dir='ltr'>longius</span> <span class='ocrx_word' id='word_1_443' title='bbox 3226 2970 3416 3025; x_wconf 85' lang='lat' dir='ltr'>extra</span> <span class='ocrx_word' id='word_1_444' title='bbox 3460 2961 3674 3026; x_wconf 88' lang='lat' dir='ltr'>omnis</span> <span class='ocrx_word' id='word_1_445' title='bbox 3719 2961 4068 3043; x_wconf 89' lang='lat' dir='ltr'>aequitatis</span> <span class='ocrx_word' id='word_1_446' title='bbox 4134 2972 4320 3045; x_wconf 88' lang='lat' dir='ltr'>septa</span> 
     </span>
     <span class='ocr_line' id='line_1_67' title="bbox 2377 3045 4321 3130; baseline 0.001 -17"><span class='ocrx_word' id='word_1_447' title='bbox 2377 3045 2795 3113; x_wconf 78' lang='lat' dir='ltr'>transsiliunt</span> <span class='ocrx_word' id='word_1_448' title='bbox 2859 3048 2969 3130; x_wconf 89' lang='lat' dir='ltr'>qui</span> <span class='ocrx_word' id='word_1_449' title='bbox 3029 3047 3166 3112; x_wconf 89' lang='lat' dir='ltr'>eius</span> <span class='ocrx_word' id='word_1_450' title='bbox 3231 3047 3532 3113; x_wconf 79' lang='lat' dir='ltr'>custodes</span> <span class='ocrx_word' id='word_1_451' title='bbox 3611 3058 3679 3112; x_wconf 86' lang='lat' dir='ltr'>et</span> <span class='ocrx_word' id='word_1_452' title='bbox 3744 3045 4112 3114; x_wconf 80' lang='lat' dir='ltr'>defensores</span> <span class='ocrx_word' id='word_1_453' title='bbox 4177 3068 4321 3114; x_wconf 88' lang='lat' dir='ltr'>esse</span> 
     </span>
     <span class='ocr_line' id='line_1_68' title="bbox 2376 3132 4321 3215; baseline 0.001 -16"><span class='ocrx_word' id='word_1_454' title='bbox 2376 3133 2761 3211; x_wconf 87' lang='lat' dir='ltr'>debuerunt,</span> <span class='ocrx_word' id='word_1_455' title='bbox 2804 3155 2878 3199; x_wconf 92' lang='lat' dir='ltr'>eo</span> <span class='ocrx_word' id='word_1_456' title='bbox 2922 3132 3168 3199; x_wconf 87' lang='lat' dir='ltr'>malum</span> <span class='ocrx_word' id='word_1_457' title='bbox 3212 3134 3432 3200; x_wconf 86' lang='lat' dir='ltr'>minus</span> <span class='ocrx_word' id='word_1_458' title='bbox 3483 3134 3867 3199; x_wconf 87' lang='lat' dir='ltr'>diuturnum</span> <span class='ocrx_word' id='word_1_459' title='bbox 3913 3134 4047 3200; x_wconf 83' lang='lat' dir='ltr'>fore</span> <span class='ocrx_word' id='word_1_460' title='bbox 4087 3135 4321 3215; x_wconf 83' lang='lat' dir='ltr'>iudice,</span> 
     </span>
     <span class='ocr_line' id='line_1_69' title="bbox 2376 3220 4322 3303; baseline 0.002 -19"><span class='ocrx_word' id='word_1_461' title='bbox 2376 3221 2502 3285; x_wconf 88' lang='lat' dir='ltr'>nisi</span> <span class='ocrx_word' id='word_1_462' title='bbox 2526 3222 2689 3285; x_wconf 87' lang='lat' dir='ltr'>forte</span> <span class='ocrx_word' id='word_1_463' title='bbox 2713 3220 3037 3285; x_wconf 89' lang='lat' dir='ltr'>Dominus</span> <span class='ocrx_word' id='word_1_464' title='bbox 3058 3220 3264 3285; x_wconf 87' lang='lat' dir='ltr'>iratus</span> <span class='ocrx_word' id='word_1_465' title='bbox 3289 3242 3408 3286; x_wconf 90' lang='lat' dir='ltr'>nos</span> <span class='ocrx_word' id='word_1_466' title='bbox 3433 3220 3695 3303; x_wconf 88' lang='lat' dir='ltr'>penitus</span> <span class='ocrx_word' id='word_1_467' title='bbox 3719 3220 3993 3285; x_wconf 83' lang='lat' dir='ltr'>deserat.</span> <span class='ocrx_word' id='word_1_468' title='bbox 4040 3220 4322 3287; x_wconf 86' lang='lat' dir='ltr'>Necesse</span> 
     </span>
     <span class='ocr_line' id='line_1_70' title="bbox 2376 3304 4322 3391; baseline 0.001 -19"><span class='ocrx_word' id='word_1_469' title='bbox 2376 3317 2477 3372; x_wconf 88' lang='lat' dir='ltr'>est</span> <span class='ocrx_word' id='word_1_470' title='bbox 2532 3304 2851 3372; x_wconf 80' lang='lat' dir='ltr'>Satanam</span> <span class='ocrx_word' id='word_1_471' title='bbox 2903 3327 3057 3371; x_wconf 83' lang='lat' dir='ltr'>suas</span> <span class='ocrx_word' id='word_1_472' title='bbox 3126 3308 3195 3370; x_wconf 89' lang='lat' dir='ltr'>in</span> <span class='ocrx_word' id='word_1_473' title='bbox 3250 3306 3374 3373; x_wconf 79' lang='lat' dir='ltr'>hac</span> <span class='ocrx_word' id='word_1_474' title='bbox 3429 3306 3765 3390; x_wconf 83' lang='lat' dir='ltr'>tragoedia</span> <span class='ocrx_word' id='word_1_475' title='bbox 3828 3319 4047 3390; x_wconf 81' lang='lat' dir='ltr'>partes</span> <span class='ocrx_word' id='word_1_476' title='bbox 4106 3328 4322 3391; x_wconf 78' lang='lat' dir='ltr'>agere,</span> 
     </span>
     <span class='ocr_line' id='line_1_71' title="bbox 2377 3391 4322 3477; baseline 0.001 -21"><span class='ocrx_word' id='word_1_477' title='bbox 2377 3392 2494 3456; x_wconf 91' lang='lat' dir='ltr'>sed</span> <span class='ocrx_word' id='word_1_478' title='bbox 2516 3392 2840 3457; x_wconf 89' lang='lat' dir='ltr'>Dominus</span> <span class='ocrx_word' id='word_1_479' title='bbox 2882 3393 3210 3475; x_wconf 86' lang='lat' dir='ltr'>potentior</span> <span class='ocrx_word' id='word_1_480' title='bbox 3250 3404 3366 3458; x_wconf 81' lang='lat' dir='ltr'>est.</span> <span class='ocrx_word' id='word_1_481' title='bbox 3426 3391 3640 3457; x_wconf 87' lang='lat' dir='ltr'>Datus</span> <span class='ocrx_word' id='word_1_482' title='bbox 3663 3401 3766 3456; x_wconf 88' lang='lat' dir='ltr'>est</span> <span class='ocrx_word' id='word_1_483' title='bbox 3800 3392 4011 3458; x_wconf 88' lang='lat' dir='ltr'>Paulo</span> <span class='ocrx_word' id='word_1_484' title='bbox 4048 3393 4322 3477; x_wconf 82' lang='lat' dir='ltr'>angelus</span> 
     </span>
     <span class='ocr_line' id='line_1_72' title="bbox 2377 3477 4319 3560; baseline 0.001 -17"><span class='ocrx_word' id='word_1_485' title='bbox 2377 3477 2667 3543; x_wconf 81' lang='lat' dir='ltr'>Satanae</span> <span class='ocrx_word' id='word_1_486' title='bbox 2731 3498 2770 3543; x_wconf 91' lang='lat' dir='ltr'>a</span> <span class='ocrx_word' id='word_1_487' title='bbox 2831 3499 2956 3560; x_wconf 86' lang='lat' dir='ltr'>quo</span> <span class='ocrx_word' id='word_1_488' title='bbox 3013 3477 3301 3558; x_wconf 84' lang='lat' dir='ltr'>colaphis</span> <span class='ocrx_word' id='word_1_489' title='bbox 3369 3478 3782 3555; x_wconf 88' lang='lat' dir='ltr'>caederetur,</span> <span class='ocrx_word' id='word_1_490' title='bbox 3851 3493 3917 3543; x_wconf 90' lang='lat' dir='ltr'>et</span> <span class='ocrx_word' id='word_1_491' title='bbox 3984 3491 4058 3543; x_wconf 91' lang='lat' dir='ltr'>tu</span> <span class='ocrx_word' id='word_1_492' title='bbox 4130 3489 4319 3544; x_wconf 89' lang='lat' dir='ltr'>tuum</span> 
     </span>
     <span class='ocr_line' id='line_1_73' title="bbox 2377 3563 4321 3645; baseline 0.001 -18"><span class='ocrx_word' id='word_1_493' title='bbox 2377 3563 2581 3630; x_wconf 90' lang='lat' dir='ltr'>habes</span> <span class='ocrx_word' id='word_1_494' title='bbox 2625 3563 2930 3645; x_wconf 77' lang='lat' dir='ltr'>angelum</span> <span class='ocrx_word' id='word_1_495' title='bbox 2977 3563 3277 3628; x_wconf 82' lang='lat' dir='ltr'>Satanae.</span> <span class='ocrx_word' id='word_1_496' title='bbox 3379 3563 3596 3645; x_wconf 84' lang='lat' dir='ltr'>Quem</span> <span class='ocrx_word' id='word_1_497' title='bbox 3642 3584 3796 3629; x_wconf 89' lang='lat' dir='ltr'>vero</span> <span class='ocrx_word' id='word_1_498' title='bbox 3838 3565 3908 3628; x_wconf 91' lang='lat' dir='ltr'>in</span> <span class='ocrx_word' id='word_1_499' title='bbox 3951 3566 4151 3629; x_wconf 86' lang='lat' dir='ltr'>finem</span> <span class='ocrx_word' id='word_1_500' title='bbox 4198 3564 4321 3629; x_wconf 90' lang='lat' dir='ltr'>hoc</span> 
     </span>
     <span class='ocr_line' id='line_1_74' title="bbox 2376 3648 4321 3732; baseline 0 -18"><span class='ocrx_word' id='word_1_501' title='bbox 2376 3649 2476 3715; x_wconf 90' lang='lat' dir='ltr'>illi</span> <span class='ocrx_word' id='word_1_502' title='bbox 2513 3649 2617 3714; x_wconf 88' lang='lat' dir='ltr'>ius</span> <span class='ocrx_word' id='word_1_503' title='bbox 2714 3650 3006 3714; x_wconf 86' lang='lat' dir='ltr'>ermittat</span> <span class='ocrx_word' id='word_1_504' title='bbox 3062 3650 3246 3714; x_wconf 86' lang='lat' dir='ltr'>Deus</span> <span class='ocrx_word' id='word_1_505' title='bbox 3295 3670 3433 3714; x_wconf 89' lang='lat' dir='ltr'>non</span> <span class='ocrx_word' id='word_1_506' title='bbox 3491 3650 3772 3732; x_wconf 83' lang='lat' dir='ltr'>ignoras.</span> <span class='ocrx_word' id='word_1_507' title='bbox 3874 3648 4321 3730; x_wconf 79' lang='lat' dir='ltr'>Quamobrem</span> 
     </span>
     <span class='ocr_line' id='line_1_75' title="bbox 2377 3735 4320 3819; baseline 0 -19"><span class='ocrx_word' id='word_1_508' title='bbox 2377 3735 2546 3800; x_wconf 88' lang='lat' dir='ltr'>nihil</span> <span class='ocrx_word' id='word_1_509' title='bbox 2585 3758 2621 3800; x_wconf 92' lang='lat' dir='ltr'>e</span> <span class='ocrx_word' id='word_1_510' title='bbox 2717 3736 3043 3800; x_wconf 87' lang='lat' dir='ltr'>ortatione</span> <span class='ocrx_word' id='word_1_511' title='bbox 3086 3756 3250 3818; x_wconf 90' lang='lat' dir='ltr'>opus</span> <span class='ocrx_word' id='word_1_512' title='bbox 3292 3757 3434 3800; x_wconf 85' lang='lat' dir='ltr'>esse</span> <span class='ocrx_word' id='word_1_513' title='bbox 3481 3745 3654 3819; x_wconf 88' lang='lat' dir='ltr'>puto,</span> <span class='ocrx_word' id='word_1_514' title='bbox 3699 3755 3829 3816; x_wconf 88' lang='lat' dir='ltr'>qua</span> <span class='ocrx_word' id='word_1_515' title='bbox 3864 3745 3929 3798; x_wconf 89' lang='lat' dir='ltr'>te</span> <span class='ocrx_word' id='word_1_516' title='bbox 3976 3735 4198 3801; x_wconf 88' lang='lat' dir='ltr'>horter</span> <span class='ocrx_word' id='word_1_517' title='bbox 4235 3758 4320 3800; x_wconf 91' lang='lat' dir='ltr'>ne</span> 
     </span>
     <span class='ocr_line' id='line_1_76' title="bbox 2376 3820 4323 3888; baseline -0.001 -1"><span class='ocrx_word' id='word_1_518' title='bbox 2376 3822 2567 3887; x_wconf 83' lang='lat' dir='ltr'>cedas</span> <span class='ocrx_word' id='word_1_519' title='bbox 2611 3821 2800 3886; x_wconf 88' lang='lat' dir='ltr'>malis</span> <span class='ocrx_word' id='word_1_520' title='bbox 2844 3821 2956 3887; x_wconf 90' lang='lat' dir='ltr'>sed</span> <span class='ocrx_word' id='word_1_521' title='bbox 3001 3833 3228 3888; x_wconf 88' lang='lat' dir='ltr'>eontra</span> <span class='ocrx_word' id='word_1_522' title='bbox 3271 3843 3380 3886; x_wconf 91' lang='lat' dir='ltr'>eas</span> <span class='ocrx_word' id='word_1_523' title='bbox 3416 3820 3777 3886; x_wconf 87' lang='lat' dir='ltr'>audentior.</span> <span class='ocrx_word' id='word_1_524' title='bbox 3880 3820 3977 3885; x_wconf 92' lang='lat' dir='ltr'>Tu</span> <span class='ocrx_word' id='word_1_525' title='bbox 4030 3824 4161 3886; x_wconf 90' lang='lat' dir='ltr'>iam</span> <span class='ocrx_word' id='word_1_526' title='bbox 4208 3844 4323 3886; x_wconf 86' lang='lat' dir='ltr'>ve-</span> 
     </span>
     <span class='ocr_line' id='line_1_77' title="bbox 2375 3906 4321 3981; baseline 0 -9"><span class='ocrx_word' id='word_1_527' title='bbox 2375 3919 2648 3973; x_wconf 88' lang='lat' dir='ltr'>teranus</span> <span class='ocrx_word' id='word_1_528' title='bbox 2702 3928 2771 3972; x_wconf 91' lang='lat' dir='ltr'>es</span> <span class='ocrx_word' id='word_1_529' title='bbox 2814 3906 2884 3971; x_wconf 90' lang='lat' dir='ltr'>in</span> <span class='ocrx_word' id='word_1_530' title='bbox 2936 3908 3060 3973; x_wconf 89' lang='lat' dir='ltr'>hac</span> <span class='ocrx_word' id='word_1_531' title='bbox 3103 3907 3353 3981; x_wconf 83' lang='lat' dir='ltr'>militia,</span> <span class='ocrx_word' id='word_1_532' title='bbox 3443 3929 3569 3972; x_wconf 89' lang='lat' dir='ltr'>uae</span> <span class='ocrx_word' id='word_1_533' title='bbox 3622 3907 3811 3972; x_wconf 89' lang='lat' dir='ltr'>nobis</span> <span class='ocrx_word' id='word_1_534' title='bbox 3868 3919 4083 3973; x_wconf 86' lang='lat' dir='ltr'>tecum</span> <span class='ocrx_word' id='word_1_535' title='bbox 4144 3928 4321 3973; x_wconf 90' lang='lat' dir='ltr'>com-</span> 
     </span>
     <span class='ocr_line' id='line_1_78' title="bbox 2375 3992 4321 4076; baseline -0.001 -18"><span class='ocrx_word' id='word_1_536' title='bbox 2375 3994 2613 4060; x_wconf 89' lang='lat' dir='ltr'>munis.</span> <span class='ocrx_word' id='word_1_537' title='bbox 2716 3994 2860 4076; x_wconf 82' lang='lat' dir='ltr'>Ego</span> <span class='ocrx_word' id='word_1_538' title='bbox 2902 4014 3058 4058; x_wconf 80' lang='lat' dir='ltr'>vero</span> <span class='ocrx_word' id='word_1_539' title='bbox 3102 3993 3304 4058; x_wconf 91' lang='lat' dir='ltr'>miror</span> <span class='ocrx_word' id='word_1_540' title='bbox 3357 3994 3425 4058; x_wconf 91' lang='lat' dir='ltr'>ni</span> <span class='ocrx_word' id='word_1_541' title='bbox 3476 3992 3681 4058; x_wconf 88' lang='lat' dir='ltr'>ildum</span> <span class='ocrx_word' id='word_1_542' title='bbox 3733 3993 4148 4076; x_wconf 85' lang='lat' dir='ltr'>peculiariter</span> <span class='ocrx_word' id='word_1_543' title='bbox 4206 3993 4321 4057; x_wconf 85' lang='lat' dir='ltr'>ad-</span> 
     </span>
     <span class='ocr_line' id='line_1_79' title="bbox 2376 4077 4322 4160; baseline 0.001 -15"><span class='ocrx_word' id='word_1_544' title='bbox 2376 4102 2639 4146; x_wconf 85' lang='lat' dir='ltr'>versum</span> <span class='ocrx_word' id='word_1_545' title='bbox 2726 4101 2831 4143; x_wconf 85' lang='lat' dir='ltr'>me</span> <span class='ocrx_word' id='word_1_546' title='bbox 2916 4079 3319 4144; x_wconf 87' lang='lat' dir='ltr'>machinatos</span> <span class='ocrx_word' id='word_1_547' title='bbox 3403 4100 3545 4145; x_wconf 88' lang='lat' dir='ltr'>esse</span> <span class='ocrx_word' id='word_1_548' title='bbox 3631 4077 4060 4156; x_wconf 86' lang='lat' dir='ltr'>adversarios,</span> <span class='ocrx_word' id='word_1_549' title='bbox 4148 4078 4322 4160; x_wconf 82' lang='lat' dir='ltr'>quod</span> 
     </span>
     <span class='ocr_line' id='line_1_80' title="bbox 2373 4163 4321 4249; baseline -0.001 -18"><span class='ocrx_word' id='word_1_550' title='bbox 2373 4166 2638 4249; x_wconf 89' lang='lat' dir='ltr'>quidem</span> <span class='ocrx_word' id='word_1_551' title='bbox 2681 4163 3064 4230; x_wconf 81' lang='lat' dir='ltr'>audiverim.</span> <span class='ocrx_word' id='word_1_552' title='bbox 3169 4165 3304 4231; x_wconf 79' lang='lat' dir='ltr'>Sed</span> <span class='ocrx_word' id='word_1_553' title='bbox 3342 4166 3617 4231; x_wconf 83' lang='lat' dir='ltr'>fortasse</span> <span class='ocrx_word' id='word_1_554' title='bbox 3658 4164 3984 4230; x_wconf 88' lang='lat' dir='ltr'>Dominus</span> <span class='ocrx_word' id='word_1_555' title='bbox 4028 4165 4191 4229; x_wconf 87' lang='lat' dir='ltr'>mihi</span> <span class='ocrx_word' id='word_1_556' title='bbox 4235 4164 4321 4229; x_wconf 87' lang='lat' dir='ltr'>ad</span> 
     </span>
     <span class='ocr_line' id='line_1_81' title="bbox 2372 4252 4317 4336; baseline -0.002 -19"><span class='ocrx_word' id='word_1_557' title='bbox 2372 4262 2634 4336; x_wconf 88' lang='lat' dir='ltr'>tempus</span> <span class='ocrx_word' id='word_1_558' title='bbox 2676 4252 2904 4334; x_wconf 90' lang='lat' dir='ltr'>parcit.</span> <span class='ocrx_word' id='word_1_559' title='bbox 2960 4252 3105 4336; x_wconf 80' lang='lat' dir='ltr'>Ego</span> <span class='ocrx_word' id='word_1_560' title='bbox 3150 4261 3371 4317; x_wconf 88' lang='lat' dir='ltr'>tamen</span> <span class='ocrx_word' id='word_1_561' title='bbox 3414 4274 3518 4317; x_wconf 92' lang='lat' dir='ltr'>me</span> <span class='ocrx_word' id='word_1_562' title='bbox 3564 4271 3721 4335; x_wconf 86' lang='lat' dir='ltr'>paro</span> <span class='ocrx_word' id='word_1_563' title='bbox 3761 4253 3829 4316; x_wconf 90' lang='lat' dir='ltr'>in</span> <span class='ocrx_word' id='word_1_564' title='bbox 3874 4261 4184 4332; x_wconf 86' lang='lat' dir='ltr'>tempore,</span> <span class='ocrx_word' id='word_1_565' title='bbox 4231 4270 4317 4314; x_wconf 89' lang='lat' dir='ltr'>ne</span> 
     </span>
     <span class='ocr_line' id='line_1_82' title="bbox 2372 4337 3138 4421; baseline -0.001 -19"><span class='ocrx_word' id='word_1_566' title='bbox 2372 4338 2746 4421; x_wconf 87' lang='lat' dir='ltr'>inopinatus</span> <span class='ocrx_word' id='word_1_567' title='bbox 2789 4337 3138 4421; x_wconf 87' lang='lat' dir='ltr'>opprimar.</span> 
     </span>
    </p>

    <p class='ocr_par' dir='ltr' id='par_1_17' title="bbox 2544 4421 4318 4505">
     <span class='ocr_line' id='line_1_83' title="bbox 2544 4421 4318 4505; baseline 0 -19"><span class='ocrx_word' id='word_1_568' title='bbox 2544 4424 2738 4487; x_wconf 81' lang='lat' dir='ltr'>Mitto</span> <span class='ocrx_word' id='word_1_569' title='bbox 2795 4422 2878 4488; x_wconf 90' lang='lat' dir='ltr'>ad</span> <span class='ocrx_word' id='word_1_570' title='bbox 2936 4435 3002 4489; x_wconf 89' lang='lat' dir='ltr'>te</span> <span class='ocrx_word' id='word_1_571' title='bbox 3061 4422 3315 4490; x_wconf 74' lang='lat' dir='ltr'>Halleri</span> <span class='ocrx_word' id='word_1_572' title='bbox 3364 4424 3592 4488; x_wconf 86' lang='lat' dir='ltr'>literas</span> <span class='ocrx_word' id='word_1_573' title='bbox 3619 4422 3673 4504; x_wconf 82' lang='lat'>⁸)</span> <span class='ocrx_word' id='word_1_574' title='bbox 3732 4444 3813 4488; x_wconf 83' lang='lat' dir='ltr'>ex</span> <span class='ocrx_word' id='word_1_575' title='bbox 3871 4421 4104 4505; x_wconf 90' lang='lat' dir='ltr'>quibus</span> <span class='ocrx_word' id='word_1_576' title='bbox 4164 4442 4318 4505; x_wconf 86' lang='lat' dir='ltr'>cog·</span> 
     </span>
    </p>
   </div>
   <div class='ocr_carea' id='block_1_15' title="bbox 2371 4582 2777 4590">
    <p class='ocr_par' dir='ltr' id='par_1_18' title="bbox 2371 4582 2777 4590">
     <span class='ocr_line' id='line_1_84' title="bbox 2371 4582 2777 4590; baseline -0.002 -1"><span class='ocrx_word' id='word_1_577' title='bbox 2371 4583 2414 4590; x_wconf 68' lang='lat'>—-</span> <span class='ocrx_word' id='word_1_578' title='bbox 2454 4585 2469 4588; x_wconf 83' lang='lat'><em>-</em></span> <span class='ocrx_word' id='word_1_579' title='bbox 2488 4582 2609 4589; x_wconf 52' lang='lat' dir='ltr'>m..</span> <span class='ocrx_word' id='word_1_580' title='bbox 2622 4583 2701 4587; x_wconf 60' lang='lat'>-·--</span> <span class='ocrx_word' id='word_1_581' title='bbox 2714 4582 2777 4588; x_wconf 49' lang='lat' dir='ltr'>w-</span> 
     </span>
    </p>
   </div>
   <div class='ocr_carea' id='block_1_16' title="bbox 2365 4659 4321 5422">
    <p class='ocr_par' dir='ltr' id='par_1_19' title="bbox 2370 4659 4321 4801">
     <span class='ocr_line' id='line_1_85' title="bbox 2370 4659 4321 4729; baseline -0.001 -12"><span class='ocrx_word' id='word_1_582' title='bbox 2370 4662 2550 4722; x_wconf 72' lang='lat' dir='ltr'>am.</span> <span class='ocrx_word' id='word_1_583' title='bbox 2581 4663 2638 4729; x_wconf 93' lang='lat' dir='ltr'>l)</span> <span class='ocrx_word' id='word_1_584' title='bbox 2677 4661 2865 4716; x_wconf 61' lang='lat' dir='ltr'>made</span> <span class='ocrx_word' id='word_1_585' title='bbox 2904 4660 3119 4714; x_wconf 74' lang='lat' dir='ltr'>Nonas.</span> <span class='ocrx_word' id='word_1_586' title='bbox 3190 4661 3473 4718; x_wconf 63' lang='lat' dir='ltr'>Pertimuit</span> <span class='ocrx_word' id='word_1_587' title='bbox 3517 4662 3650 4715; x_wconf 71' lang='lat' dir='ltr'>haec</span> <span class='ocrx_word' id='word_1_588' title='bbox 3681 4659 3757 4715; x_wconf 81' lang='lat' dir='ltr'>od</span> <span class='ocrx_word' id='word_1_589' title='bbox 3802 4662 4041 4715; x_wconf 73' lang='lat' dir='ltr'>recentia</span> <span class='ocrx_word' id='word_1_590' title='bbox 4078 4661 4321 4716; x_wconf 71' lang='lat' dir='ltr'>Bmea·</span> 
     </span>
     <span class='ocr_line' id='line_1_86' title="bbox 2370 4728 3119 4801; baseline -0.004 -15"><span class='ocrx_word' id='word_1_591' title='bbox 2370 4735 2513 4786; x_wconf 63' lang='lat' dir='ltr'>sium</span> <span class='ocrx_word' id='word_1_592' title='bbox 2547 4731 2725 4786; x_wconf 79' lang='lat' dir='ltr'>edicta</span> <span class='ocrx_word' id='word_1_593' title='bbox 2761 4731 2833 4783; x_wconf 87' lang='lat' dir='ltr'>N.</span> <span class='ocrx_word' id='word_1_594' title='bbox 2870 4728 3010 4783; x_wconf 76' lang='lat'><strong>2096</strong></span> <span class='ocrx_word' id='word_1_595' title='bbox 3044 4746 3119 4801; x_wconf 77' lang='lat' dir='ltr'>sq.</span> 
     </span>
    </p>

    <p class='ocr_par' dir='ltr' id='par_1_20' title="bbox 2365 4797 4321 5283">
     <span class='ocr_line' id='line_1_87' title="bbox 2574 4797 4318 4867; baseline -0.001 -15"><span class='ocrx_word' id='word_1_596' title='bbox 2574 4798 2633 4866; x_wconf 77' lang='lat'>2)</span> <span class='ocrx_word' id='word_1_597' title='bbox 2674 4798 2743 4852; x_wconf 85' lang='lat' dir='ltr'>N.</span> <span class='ocrx_word' id='word_1_598' title='bbox 2781 4797 2922 4852; x_wconf 76' lang='lat'>2114</span> <span class='ocrx_word' id='word_1_599' title='bbox 2965 4806 3077 4854; x_wconf 68' lang='lat' dir='ltr'>not.</span> <span class='ocrx_word' id='word_1_600' title='bbox 3123 4798 3323 4854; x_wconf 61' lang='lat'>3112</span> <span class='ocrx_word' id='word_1_601' title='bbox 3370 4805 3503 4854; x_wconf 86' lang='lat' dir='ltr'>nont</span> <span class='ocrx_word' id='word_1_602' title='bbox 3550 4798 3723 4851; x_wconf 71' lang='lat' dir='ltr'>houba</span> <span class='ocrx_word' id='word_1_603' title='bbox 3778 4799 3964 4867; x_wconf 81' lang='lat' dir='ltr'>guaire</span> <span class='ocrx_word' id='word_1_604' title='bbox 4011 4799 4189 4852; x_wconf 86' lang='lat' dir='ltr'>bonne</span> <span class='ocrx_word' id='word_1_605' title='bbox 4234 4814 4318 4850; x_wconf 87' lang='lat' dir='ltr'>re-</span> 
     </span>
     <span class='ocr_line' id='line_1_88' title="bbox 2368 4867 4321 5021; baseline -0.002 -30"><span class='ocrx_word' id='word_1_606' title='bbox 2368 4884 2640 5021; x_wconf 41' lang='grc' dir='ltr'>ΙΨοωῗεόδ)</span> <span class='ocrx_word' id='word_1_607' title='bbox 2654 4867 2817 4992; x_wconf 39' lang='grc' dir='ltr'>(ἐξ.</span> <span class='ocrx_word' id='word_1_608' title='bbox 2840 4868 3071 4993; x_wconf 53' lang='lat' dir='ltr'>ffirta&#39;n</span> <span class='ocrx_word' id='word_1_609' title='bbox 3122 4870 3384 5020; x_wconf 44' lang='lat' dir='ltr'>Ouinium</span> <span class='ocrx_word' id='word_1_610' title='bbox 3434 4943 3680 5017; x_wconf 54' lang='lat' dir='ltr'>miuus</span> <span class='ocrx_word' id='word_1_611' title='bbox 3730 4934 3871 4990; x_wconf 74' lang='lat' dir='ltr'>adiit</span> <span class='ocrx_word' id='word_1_612' title='bbox 3917 4936 4208 5016; x_wconf 68' lang='lat' dir='ltr'>postulans</span> <span class='ocrx_word' id='word_1_613' title='bbox 4258 4941 4321 5015; x_wconf 60' lang='lat' dir='ltr'>eit</span> 
     </span>
     <span class='ocr_line' id='line_1_89' title="bbox 2371 5005 4319 5073; baseline -0.003 -11"><span class='ocrx_word' id='word_1_614' title='bbox 2371 5022 2608 5062; x_wconf 58' lang='lat' dir='ltr'>mutuus</span> <span class='ocrx_word' id='word_1_615' title='bbox 2656 5005 2975 5062; x_wconf 65' lang='lat' dir='ltr'>Fonselctus</span> <span class='ocrx_word' id='word_1_616' title='bbox 3026 5007 3397 5062; x_wconf 67' lang='lat' dir='ltr'>Bonnensibus</span> <span class='ocrx_word' id='word_1_617' title='bbox 3437 5006 3859 5061; x_wconf 67' lang='lat' dir='ltr'>aetianam-etur</span> <span class='ocrx_word' id='word_1_618' title='bbox 3900 5021 3961 5058; x_wconf 74' lang='lat' dir='ltr'>m</span> <span class='ocrx_word' id='word_1_619' title='bbox 4007 5020 4157 5073; x_wconf 74' lang='lat' dir='ltr'>quem</span> <span class='ocrx_word' id='word_1_620' title='bbox 4195 5020 4319 5057; x_wconf 63' lang='lat' dir='ltr'>cm·</span> 
     </span>
     <span class='ocr_line' id='line_1_90' title="bbox 2369 5075 4316 5211; baseline -0.003 -12"><span class='ocrx_word' id='word_1_621' title='bbox 2369 5075 2826 5211; x_wconf 47' lang='lat' dir='ltr'>mungefftaec</span> <span class='ocrx_word' id='word_1_622' title='bbox 2857 5143 3033 5199; x_wconf 70' lang='lat' dir='ltr'>edicta</span> <span class='ocrx_word' id='word_1_623' title='bbox 3075 5145 3186 5197; x_wconf 68' lang='lat' dir='ltr'>ian</span> <span class='ocrx_word' id='word_1_624' title='bbox 3220 5159 3290 5197; x_wconf 70' lang='lat' dir='ltr'>m.</span> <span class='ocrx_word' id='word_1_625' title='bbox 3333 5143 3606 5198; x_wconf 64' lang='lat' dir='ltr'>Ianuario</span> <span class='ocrx_word' id='word_1_626' title='bbox 3650 5158 3687 5196; x_wconf 83' lang='lat' dir='ltr'>a</span> <span class='ocrx_word' id='word_1_627' title='bbox 3735 5147 3928 5196; x_wconf 70' lang='lat' dir='ltr'>senatu</span> <span class='ocrx_word' id='word_1_628' title='bbox 3971 5149 4316 5208; x_wconf 65' lang='lat' dir='ltr'>meamne,</span> 
     </span>
     <span class='ocr_line' id='line_1_91' title="bbox 2365 5209 4263 5283; baseline -0.001 -15"><span class='ocrx_word' id='word_1_629' title='bbox 2365 5213 2637 5283; x_wconf 73' lang='lat' dir='ltr'>praefecti</span> <span class='ocrx_word' id='word_1_630' title='bbox 2664 5229 2791 5268; x_wconf 76' lang='lat' dir='ltr'>vero</span> <span class='ocrx_word' id='word_1_631' title='bbox 2824 5215 3002 5268; x_wconf 73' lang='lat' dir='ltr'>serias</span> <span class='ocrx_word' id='word_1_632' title='bbox 3033 5229 3098 5268; x_wconf 80' lang='lat' dir='ltr'>eo</span> <span class='ocrx_word' id='word_1_633' title='bbox 3130 5212 3435 5280; x_wconf 70' lang='lat' dir='ltr'>publicasse</span> <span class='ocrx_word' id='word_1_634' title='bbox 3467 5213 3720 5266; x_wconf 70' lang='lat' dir='ltr'>0⁸·de</span> <span class='ocrx_word' id='word_1_635' title='bbox 3749 5210 3852 5279; x_wconf 75' lang='lat' dir='ltr'>(N.</span> <span class='ocrx_word' id='word_1_636' title='bbox 3886 5209 4039 5265; x_wconf 75' lang='lat'><strong>2117.</strong></span> <span class='ocrx_word' id='word_1_637' title='bbox 4074 5209 4263 5277; x_wconf 74' lang='lat'><strong>2127).</strong></span> 
     </span>
    </p>

    <p class='ocr_par' dir='ltr' id='par_1_21' title="bbox 2371 5279 4321 5422">
     <span class='ocr_line' id='line_1_92' title="bbox 2510 5279 4321 5365; baseline -0.001 -27"><span class='ocrx_word' id='word_1_638' title='bbox 2510 5354 2520 5364; x_wconf 32' lang='lat'>⁸</span> <span class='ocrx_word' id='word_1_639' title='bbox 2576 5281 2630 5364; x_wconf 61' lang='lat' dir='ltr'>b)</span> <span class='ocrx_word' id='word_1_640' title='bbox 2666 5281 2989 5365; x_wconf 53' lang='lat' dir='ltr'>deperditas.</span> <span class='ocrx_word' id='word_1_641' title='bbox 3082 5281 3308 5336; x_wconf 67' lang='lat' dir='ltr'>Videtur</span> <span class='ocrx_word' id='word_1_642' title='bbox 3354 5282 3473 5363; x_wconf 73' lang='lat' dir='ltr'>ipse</span> <span class='ocrx_word' id='word_1_643' title='bbox 3516 5279 3779 5336; x_wconf 65' lang='lat' dir='ltr'>Halteras</span> <span class='ocrx_word' id='word_1_644' title='bbox 3822 5286 4044 5362; x_wconf 51' lang='lat' dir='ltr'>questas</span> <span class='ocrx_word' id='word_1_645' title='bbox 4087 5296 4204 5336; x_wconf 71' lang='lat' dir='ltr'>cm</span> <span class='ocrx_word' id='word_1_646' title='bbox 4246 5279 4321 5356; x_wconf 60' lang='grc' dir='ltr'>ῥα</span> 
     </span>
     <span class='ocr_line' id='line_1_93' title="bbox 2371 5349 3987 5422; baseline -0.001 -15"><span class='ocrx_word' id='word_1_647' title='bbox 2371 5353 2467 5407; x_wconf 71' lang='grc' dir='ltr'>οισι·</span> <span class='ocrx_word' id='word_1_648' title='bbox 2495 5366 2674 5422; x_wconf 63' lang='lat' dir='ltr'>spatas</span> <span class='ocrx_word' id='word_1_649' title='bbox 2708 5368 2767 5406; x_wconf 72' lang='lat' dir='ltr'>m</span> <span class='ocrx_word' id='word_1_650' title='bbox 2804 5351 2890 5406; x_wconf 67' lang='lat' dir='ltr'>his</span> <span class='ocrx_word' id='word_1_651' title='bbox 2922 5356 3152 5421; x_wconf 64' lang='lat' dir='ltr'>moins</span> <span class='ocrx_word' id='word_1_652' title='bbox 3184 5349 3414 5420; x_wconf 64' lang='lat' dir='ltr'>spondis</span> <span class='ocrx_word' id='word_1_653' title='bbox 3447 5365 3645 5421; x_wconf 61' lang='lat' dir='ltr'>estona</span> <span class='ocrx_word' id='word_1_654' title='bbox 3679 5355 3987 5406; x_wconf 68' lang='lat' dir='ltr'>autoritate.</span> 
     </span>
    </p>
   </div>
  </div>
 </body>
</html>
