4850 6200
493 375 615 434 791

698 558 848 611 Ponr
881 562 1005 610 tous
1039 572 1128 609 cea
1163 556 1317 608 biom
1350 559 1412 607 tu
1447 571 1582 624 voye
1616 571 1743 608 mon
1777 570 1911 622 sang
1945 553 2210 622 espandro

700 627 833 679 Mon
869 625 997 679 chef
1023 626 1139 678 cloe
1174 631 1230 676 et
1262 639 1388 676 mon
1423 640 1580 693 corps
1617 640 1683 677 en
1719 623 1801 675 lor
1834 622 2039 691 pendi-e

701 696 929 762 Indigne
964 694 1114 747 helan
1148 693 1217 745 de
1253 700 1368 745 cest
1402 697 1701 760 outrageux
1736 692 1942 744 blasme

802 765 939 816 Mais
973 763 1086 816 tien
1121 767 1215 832 toy
1249 778 1374 814 seur
1410 777 1516 830 que
1552 761 1619 813 de
1656 777 1716 813 ce
1752 776 1910 828 corps
1946 763 2201 812 mourant

808 833 922 897 Quo
955 839 1141 900 maynt
1176 847 1327 900 amys
1363 847 1431 882 va
1467 830 1775 882 tristement
1808 831 2029 898 plorant

703 902 781 956 Le
816 900 920 954 ciel
944 900 1148 971 joyeux
1185 916 1217 951 a
1253 915 1411 951 recen
1446 916 1480 951 a
1512 916 1608 968 aoy
1646 899 1831 951 lasme.

1362 1441 1563 1511 2303.

1102 1599 1342 1663 BEZA
1387 1594 1823 1663 CALVINO.

667 1770 1000 1835 Certiorem
1053 1790 1192 1834 eum
1246 1769 1400 1850 facit
1441 1769 1518 1834 de
1570 1767 1776 1831 variis
1818 1768 1932 1848 qui
1985 1768 2431 1848 circmnferun-

489 1862 595 1921 tm·
635 1857 989 1921 rumoribus
1030 1858 1196 1922 circa
1236 1859 1448 1936 partes
1491 1877 1532 1920 a
1582 1851 1842 1918 Calvino
1893 1854 1964 1917 in
2007 1854 2189 1918 rebus
2237 1854 2434 1918 Gene—

484 1943 771 2007 vensibus
813 1948 1004 2015 actas,
1052 1942 1328 2022 iubetque
1369 1961 1509 2005 eum
1543 1944 1887 2004 constanter
1920 1945 1976 2002 et
2013 1939 2261 2021 fortiter
2303 1960 2433 2020 qua

484 2031 679 2110 coepit
709 2029 1028 2111 proyredi.

487 2199 597 2264 (Ex
650 2197 985 2267 autographo
1038 2197 1163 2250 Cod.
1220 2197 1454 2250 Gothani
1505 2195 1624 2261 404,
1679 2197 1766 2248 fol.
1822 2195 1940 2250 723.
2031 2196 2219 2249 Edidit
2270 2197 2428 2249 Bret-

1174 2266 1460 2319 schneider
1494 2283 1544 2334 p.
1585 2263 1732 2332 113.)

658 2438 919 2501 Eximio
958 2458 1148 2502 servo
1186 2437 1310 2500 Dei
1347 2437 1428 2500 D.
1467 2436 1699 2501 Ioanni
1737 2435 2015 2500 Calvino
2050 2436 2222 2518 patri
2258 2434 2424 2499 mihi

483 2523 786 2607 inprimis
831 2522 1232 2588 observando
1278 2532 1345 2588 et
1380 2522 1793 2588 Genevensis
1838 2521 2145 2586 ecclesiae
2182 2519 2423 2585 fidelis—

485 2610 650 2674 simo
692 2610 957 2693 pastori.

1921 2690 2248 2757 Genevae.

653 2863 723 2931 S.
817 2867 1018 2931 Recte
1097 2865 1331 2930 alicubi
1420 2864 1734 2946 scripsisti
1821 2863 2204 2928 afflictiones
2282 2885 2422 2929 esse

364 2962 370 2965 ’
482 2951 846 3035 gignendae
901 2952 1250 3035 patientiae
1302 2953 1753 3015 instrumenta.
1844 2950 2014 3013 Nam
2069 2949 2190 3013 hoc
2234 2969 2273 3012 a
2315 2971 2422 3014 me

481 3039 860 3120 impetravit
902 3039 1176 3102 istorum
1214 3058 1449 3102 canum
1485 3037 1715 3115 rabies,
1762 3046 1835 3100 ut
1876 3036 2015 3118 ipse
2052 3036 2272 3100 mirari
2317 3036 2422 3098 in-

481 3124 715 3207 cipiam
762 3144 887 3205 quo
933 3124 1124 3187 modo
1176 3136 1310 3186 tam
1356 3123 1567 3187 multa
1611 3143 1784 3186 nunc
1827 3122 2154 3204 patienter
2196 3122 2421 3185 audire

482 3210 862 3285 sustineam,
929 3229 1093 3289 quae
1154 3208 1343 3290 paulo
1411 3218 1563 3272 ante
1622 3230 1705 3272 ne
1772 3207 2091 3291 suspicari
2156 3205 2419 3290 quidem

479 3295 868 3379 potuissem,
936 3295 1091 3376 quin
1155 3294 1398 3357 mirum
1475 3293 1543 3357 in
1612 3291 1875 3357 modum
1955 3313 2416 3358 commoverer.

482 3380 677 3445 Absit
732 3380 906 3443 enim
955 3390 1029 3442 ut
1081 3380 1187 3444 isti
1247 3400 1440 3445 canes
1484 3402 1600 3444 suo
1658 3379 1902 3442 latratu
1947 3399 2067 3443 nos
2112 3401 2149 3441 a
2189 3388 2417 3443 nostro

480 3466 691 3531 officio
734 3465 842 3530 vel
886 3465 1229 3530 minimum
1273 3465 1625 3530 abducant:
1685 3463 1853 3547 quod
1899 3485 2107 3529 unum
2162 3472 2419 3528 certum

482 3560 584 3616 est
640 3551 709 3615 in
765 3551 867 3615 his
926 3553 1391 3617 certaminibus
1450 3574 1591 3617 esse
1648 3549 1935 3616 Satanae
1993 3550 2417 3633 propositum,

482 3637 668 3703 cuius
725 3635 913 3700 furiis
968 3637 1078 3700 isti
1134 3639 1358 3719 perciti
1411 3636 1773 3703 insaniunt.
1854 3635 2152 3700 Narrabo
2197 3646 2418 3699 tamen

481 3723 601 3787 tibi
645 3721 811 3803 quod
860 3723 1368 3805 nudiusquartus
1423 3724 1675 3789 accidit.
1763 3722 2005 3787 Vester
2055 3721 2417 3787 Pseudalci-

479 3808 708 3883 biadeS,
740 3810 784 3881 ¹)
830 3828 943 3872 seu
990 3809 1198 3872 mavis
1236 3808 1580 3873 Plautinus
1617 3808 2167 3894 PyrgopoliniceS‚
2212 3828 2417 3889 quum

478 3893 605 3959 hac
639 3893 1042 3974 praeteriret,
1079 3894 1146 3957 in
1184 3892 1366 3958 albae
1409 3896 1620 3959 crucis
1654 3894 1937 3977 hospitio
1973 3913 2129 3958 suas
2171 3892 2419 3959 scilicet

473 3979 782 4045 victorias
827 3978 1113 4043 iactavit.
1183 3977 1427 4059 Quidni
1463 3982 1639 4044 enim
1676 3982 1967 4045 vinceret
2010 3978 2120 4045 ubi
2166 3979 2416 4043 nullum

475 4065 729 4130 hostem
774 4064 1016 4128 habet?
1082 4062 1217 4129 Sed
1262 4064 1413 4128 audi
1457 4087 1584 4147 quo
1630 4067 1718 4131 sit
1760 4076 2123 4150 provectus.
2204 4065 2305 4128 De
2351 4073 2416 4129 te

475 4151 647 4215 dixit
680 4172 845 4233 quae
881 4151 962 4215 ab
999 4151 1262 4215 homine
1304 4150 1767 4234 impurissimo,
1814 4162 1881 4216 et
1915 4150 2123 4234 qualis
2156 4171 2417 4233 semper

474 4236 632 4315 fuit,
689 4236 1010 4320 proficisci
1065 4246 1356 4318 possunt.
1447 4237 1702 4301 Deinde
1755 4259 1954 4320 quum
1998 4234 2081 4301 ad
2139 4236 2417 4299 Viretum

475 4331 772 4387 nostrum
820 4329 1084 4386 ventum
1146 4331 1335 4399 esset,
1399 4323 1540 4397 iste,
1609 4323 1835 4405 inquit,
1904 4323 2059 4406 quia
2117 4318 2415 4386 blandior

476 4414 596 4485 est,
653 4409 1046 4472 subornatus
1101 4408 1225 4471 fuit
1277 4407 1387 4489 qui
1432 4408 1709 4472 nothum
1768 4409 1954 4474 illum
1994 4407 2300 4483 alliceret,
2349 4415 2416 4471 et

475 4494 803 4578 proposita
847 4495 1011 4554 vitae
1051 4514 1163 4574 ..spo
1211 4492 1291 4554 ab
1327 4514 1400 4554 nn
1448 4494 1844 4574 impet-rarat,
1888 4506 1964 4558 ut
2004 4514 2112 4554 nos
2152 4493 2412 4574 quibus-

479 4582 579 4642 vis
647 4578 1027 4642 criminibus.
1095 4590 1416 4642 oneraret.
1528 4578 1668 4642 Hoc
1732 4602 1868 4662 ego,
1932 4578 2164 4666 jmlflst.
2232 4578 2416 4642 illum

475 4678 763 4730 tentasse
807 4674 1031 4746 aperte
1079 4666 1239 4734 dico,
1287 4682 1347 4726 ct·
1396 4666 1444 4726 si
1492 4666 1752 4746 negarit
1796 4690 1816 4702 .
1948 4662 2248 4734 ”hialam
2300 4662 2416 4726 ha-

479 4754 635 4814 hent
699 4754 867 4814 enim
939 4754 1263 4834 principes
1327 4750 1704 4826 ;*“··Εμιειῖ“““·
2164 4750 2264 4814 ius
2324 4750 2412 4810 rei

479 4850 659 4898 actae
703 4838 1091 4902 testimonia.
1183 4838 1239 4898 1·T
2196 4834 2416 4898 omnia

479 4922 643 4986 haec
687 4922 767 4986 ab
815 4926 951 5006 ipso
999 4946 1135 4982 nass*
2160 4922 2416 4986 orimus

479 5030 563 5070 ex
607 5006 839 5070 idoneo
887 5022 1067 5074 teste-
1127 5014 1163 5030 ““
2168 5026 2204 5070 n
2248 5006 2420 5070 hauc
2464 4994 2472 5062 l

479 5146 603 5154 u—

479 5210 675 5266 Hflfl.
703 5214 755 5270 l}
795 5214 883 5266 An
923 5214 1043 5266 Per:
1083 5214 1091 5222 “

487 5282 619 5339 *mm
659 5282 899 5335 exsulum
939 5294 1027 5335 tots

423 5499 491 5667 Ι

1992 359 2518 428 EPISTOLAE
2563 357 2988 421 2302-2305

2468 5427 2500 5471 ν..

4365 359 4484 419 792

2540 551 2801 626 famam,
2845 550 2959 616 sed
2996 549 3193 616 etiam
3229 569 3450 613 rerum
3486 551 3818 629 gestarum
3855 544 4375 621 commentarios,
4418 547 4485 611 in

2542 637 2775 719 quibus
2838 634 2962 701 hoc
3027 635 3269 700 diserte
3333 634 3420 698 sit
3483 632 3798 714 scriptum
3860 628 4015 712 quid
4084 650 4167 693 ex
4233 650 4485 713 quoque

2541 724 2931 805 quaesitum,
2975 742 3102 803 quo
3137 720 3347 796 modo,
3383 739 3509 801 quo
3545 725 3855 799 tempore,
3902 713 4058 797 quid
4095 735 4485 798 responsum

2542 810 2647 872 sit.
2738 809 3038 890 Denique
3082 815 3161 870 ut
3217 806 3381 871 scias
3424 825 3619 886 quam
3673 803 3806 866 sint
3857 799 4204 884 diligentes
4248 801 4484 868 harum

2541 915 2759 958 rerum
2812 894 3187 976 scriptores,
3256 912 3383 954 non
3438 888 3628 953 modo
3686 896 3962 950 narrant
4015 886 4171 968 quid
4227 899 4483 970 gestum

2542 980 2644 1057 sit,
2692 978 2808 1045 sed
2851 983 3046 1043 etiam
3091 978 3476 1059 confingunt
3510 973 3821 1057 quidquid
3868 972 4043 1037 libet.
4110 972 4290 1038 Hinc
4331 993 4483 1038 con-

2541 1065 2681 1140 iice,
2748 1070 2820 1129 in
2885 1066 3026 1147 ipso
3091 1063 3239 1128 sinu
3301 1061 3693 1142 reipublicae
3753 1069 4009 1123 vestrae
4071 1058 4284 1123 adhuc
4350 1081 4482 1123 non

2541 1149 2729 1214 modo
2785 1150 3230 1232 exploratores
3290 1145 3403 1213 sed
3460 1147 3656 1211 etiam
3714 1145 3935 1209 hostes
3985 1145 4254 1220 versari,
4310 1144 4483 1227 quod

2540 1236 2801 1318 quidem
2845 1257 2976 1301 non
3022 1235 3244 1299 dubito
3289 1234 3446 1316 quin
3500 1231 3755 1296 facilius
3811 1229 4242 1294 animadverti
4286 1251 4483 1312 quam

2540 1322 2776 1404 corrigi
2830 1322 3053 1404 possit.
3135 1319 3268 1385 Sed
3322 1334 3541 1382 tamen
3597 1339 3726 1380 non
3784 1317 3964 1399 potui
4018 1337 4151 1379 non
4204 1316 4483 1382 istorum

2541 1418 2603 1472 te
2648 1428 2933 1485 monere,
2991 1417 3064 1470 ut
3105 1404 3312 1487 quoad
3359 1404 3498 1468 eius
3542 1402 3685 1467 fieri
3741 1403 3983 1485 poterit
4028 1401 4181 1467 huic
4224 1423 4481 1485 quoque

2539 1493 2710 1557 malo
2754 1503 3143 1557 occurratur.
3235 1491 3464 1572 Neque
3507 1510 3645 1554 rem
3701 1498 3947 1553 temere
4001 1497 4331 1570 acceptam
4377 1509 4482 1552 re-

2537 1578 2706 1655 fer0,
2765 1577 2879 1643 sed
2934 1601 3015 1643 ex
3074 1600 3149 1642 eo
3205 1575 3496 1641 auditam
3541 1574 3652 1656 qui
3695 1596 3904 1655 neque
3963 1572 4482 1640 contemnendus

2537 1675 2637 1728 est
2680 1675 2873 1728 autor
2914 1685 3124 1746 neque
3170 1660 3352 1727 nobis
3395 1658 3774 1725 malevolae.

2707 1748 2843 1815 Sed
2883 1750 3036 1832 quid
3079 1749 3345 1812 interim
3389 1755 3612 1810 noster
3670 1743 3966 1809 Viretus‘?
4011 1765 4246 1826 nempe
4288 1766 4482 1828 prae-

2536 1836 2777 1900 claram
2836 1835 3021 1900 nobis
3076 1834 3477 1898 occasionem
3541 1831 3823 1896 oblatam
3890 1838 4216 1912 putamus,
4283 1852 4520 1912 quam,

2538 1942 2618 1985 ne
2655 1942 2771 2004 per
2806 1921 3134 1985 somnium
3171 1918 3434 2001 quidem
3470 1920 3610 1982 ausi
3648 1938 3909 1982 eramus
3953 1938 4234 2000 sperare.
4309 1917 4480 1981 Eam

2536 2028 2690 2072 vero
2733 2028 2863 2070 non
2909 2007 3368 2071 constituimus
3413 2003 3765 2088 negligere,
3811 2025 3936 2084 quo
3979 2003 4264 2084 primum
4313 2013 4478 2066 tem-

2531 2114 2688 2175 pore
2741 2092 2852 2156 ille
2909 2113 3056 2158 cum
3123 2093 3258 2156 suis
3324 2092 3486 2155 istac
3553 2089 3918 2155 transierit:
3988 2102 4053 2152 et-
4097 2111 4178 2152 ex
4235 2089 4478 2154 nostris

2533 2177 2784 2244 civibus
2829 2178 3122 2261 plerique
3178 2178 3272 2241 ita
3310 2176 3620 2241 videntur
3664 2176 3785 2240 hoc
3845 2175 4169 2259 accepisse
4214 2185 4288 2237 ut
4331 2196 4477 2256 spe-

2530 2285 2672 2328 rem
2730 2283 2840 2327 eos
2883 2264 3164 2329 officium
3210 2263 3509 2327 facturos.
3602 2260 3780 2342 Quid
3824 2263 4029 2339 enim,
4089 2261 4295 2338 aiunt,
4353 2261 4477 2328 iste

2530 2371 2663 2413 non
2717 2348 2954 2414 audeat
3011 2351 3122 2432 qui
3177 2350 3504 2413 hominem
3555 2357 3692 2411 tam
3736 2354 4112 2430 perspectae
4168 2347 4477 2412 innocen-

2533 2436 2659 2498 tiae
2704 2438 2867 2499 tanti
2912 2435 3174 2500 sceleris
3218 2433 3517 2500 accuset?
3587 2432 3720 2498 Sed
3762 2433 3913 2497 alibi
3953 2432 4296 2498 collocatas
4332 2452 4473 2499 esse

2529 2541 2678 2604 spes
2749 2532 3003 2585 nostras
3063 2531 3333 2604 oportet.
3421 2521 3592 2583 Nam
3659 2518 3921 2583 videtur
3986 2517 4301 2594 mundus,
4362 2520 4475 2601 qui

2529 2619 2721 2671 antea
2782 2605 3170 2689 desipiebat,
3250 2628 3426 2672 nunc
3494 2605 3756 2669 demum
3836 2607 4053 2668 furere
4131 2604 4468 2687 incepisse.

2527 2692 2799 2767 Verum,
2866 2693 2958 2756 mi
3013 2702 3225 2774 pater,
3293 2701 3369 2756 ut
3428 2693 3542 2774 (ne
3589 2691 3857 2754 meliora
3915 2711 4089 2755 nunc
4143 2692 4472 2772 proferam

2527 2778 2853 2860 exempla)
2898 2778 3129 2842 saltem
3174 2777 3536 2843 Democriti
3595 2777 3664 2840 in
3717 2799 3789 2841 re
3832 2798 4099 2858 prorsus
4143 2778 4471 2843 contraria

2527 2866 2956 2928 constantiam
3002 2865 3351 2939 imitemur,
3398 2864 3505 2945 qui
3554 2862 3660 2946 (ut
3702 2863 3947 2937 ferunt)
3993 2884 4190 2945 quum
4230 2860 4471 2928 rideret

2527 2969 2691 3030 quae
2736 2949 2815 3012 de
2860 2951 3194 3030 spiritibus
3229 2949 3336 3013 alii
3372 2949 3561 3013 multi
3600 2949 3968 3031 philosophi
4007 2947 4468 3031 disseruerant,

2526 3042 2593 3098 et
2636 3036 2841 3118 ipsius
2878 3034 3178 3118 discipuli
3220 3037 3387 3101 forte
3432 3037 3497 3100 in
3535 3035 3821 3100 tenebris
3845 3055 4118 3118 magnos
4154 3035 4471 3117 quosdam

2528 3123 2845 3186 tumultus
2889 3132 3156 3205 repente
3200 3125 3614 3196 excitassent,
3671 3122 3905 3204 quibus
3950 3122 4279 3185 hominem
4324 3143 4472 3204 per-

2525 3209 2946 3272 terrefactum
3003 3207 3324 3291 putabant
3368 3231 3405 3271 a
3448 3210 3778 3273 sententia
3820 3208 4292 3284 discessurum,
4353 3210 4466 3273 de-

2524 3293 2735 3368 sinite,
2782 3294 3012 3375 inquit,
3055 3294 3245 3377 pueri
3285 3295 3581 3376 ineptire.
3652 3295 3786 3361 Nos
3824 3317 3996 3372 vere,
4039 3295 4340 3377 quamvis
4383 3297 4462 3361 ab

2521 3378 2650 3443 ista
2708 3376 2944 3443 stolida
2999 3380 3347 3444 securitate
3401 3392 3466 3443 et
3523 3381 3793 3462 profana
3856 3383 4182 3463 imperitia
4239 3382 4464 3463 procul

2522 3464 2851 3541 absumus,
2896 3464 3022 3529 Dei
3066 3467 3295 3548 gratia,
3340 3465 3471 3530 imo
3510 3488 3664 3530 vero
3699 3470 3999 3532 novimus
4043 3489 4237 3551 quam
4283 3469 4464 3533 saevi

2522 3558 2589 3613 et
2634 3551 2876 3616 feroces
2922 3548 3108 3615 nobis
3166 3551 3386 3615 hostes
3431 3552 3834 3629 immineant,
3897 3566 4137 3629 tamen,
4186 3574 4325 3637 age,
4370 3554 4466 3618 ita

2519 3636 2724 3700 simus
2781 3635 2860 3700 de
2916 3637 3189 3701 victoria
3244 3637 3489 3713 securi,
3550 3649 3626 3701 ut
3679 3639 3862 3704 nulla
3915 3662 4033 3704 nos
4092 3639 4465 3705 sollicitudo

2517 3721 2832 3804 impediat
2872 3724 3220 3805 quominus
3262 3724 3328 3786 in
3368 3722 3579 3787 medio
3615 3725 3973 3789 certamine
4018 3736 4082 3789 et
4126 3726 4196 3788 in
4233 3725 4466 3792 mediis

2517 3808 2678 3889 ipsis
2723 3808 2898 3873 curis
2941 3809 3233 3891 ipsorum
3278 3820 3547 3874 conatus
3602 3811 3892 3874 suaviter
3936 3810 4279 3887 rideamus,
4326 3812 4466 3875 Do-

2519 3894 2696 3958 mino
2742 3893 2860 3958 deo
2905 3907 3126 3959 nostro
3169 3895 3349 3972 freti,
3410 3896 3520 3976 qui
3577 3917 3778 3977 quum
3823 3918 3939 3978 pro
3981 3897 4166 3961 nobis
4211 3905 4465 3979 pugnet

2519 3976 2703 4062 digni
2747 3988 2903 4043 sunt
2958 3980 3179 4045 hostes
3233 3983 3441 4046 nostri
3483 4002 3757 4064 quorum
3803 3983 4018 4065 potius
4064 3983 4464 4047 dementiam

2518 4066 3050 4130 commiseremur
3110 4088 3301 4148 quam
3373 4075 3442 4130 ut
3504 4068 3795 4150 ipsorum
3851 4070 4047 4134 minis
4106 4068 4186 4132 de
4251 4068 4464 4152 gradu

2517 4150 2912 4216 deiiciamur.

2690 4236 2826 4301 Sed
2869 4256 2993 4302 nae
3038 4258 3157 4320 ego
3213 4237 3560 4321 insigniter
3619 4238 3864 4323 desipio
3907 4241 4018 4323 qui
4063 4241 4225 4306 haec
4269 4240 4352 4305 ad
4398 4250 4465 4308 te

2517 4323 2931 4404 perscribam.
3014 4321 3302 4388 Omnino
3343 4335 3563 4388 tamen
3607 4324 3769 4390 haec
3808 4346 3928 4410 ego
3976 4326 4148 4391 volui
4192 4346 4466 4392 exarare

2518 4415 2592 4471 ut
2646 4408 3048 4493 intelligeres
3091 4430 3196 4473 me
3253 4430 3521 4491 corpore
3577 4409 3835 4493 quidem
3882 4412 4292 4478 convaluisse
4337 4413 4466 4477 Dei

2520 4494 2733 4574 gratia
2778 4493 3049 4569 (audisti
3087 4496 3283 4571 enim,
3327 4496 3576 4578 opinor,
3613 4517 3719 4561 me
3755 4498 4198 4580 superioribus
4234 4497 4465 4564 diebus

2520 4588 2950 4658 aegrotasse),
3008 4580 3120 4646 sed
3177 4582 3395 4645 animo
3454 4580 3660 4646 nihilo
3717 4584 3928 4666 magis
3987 4583 4205 4649 valere
4264 4605 4465 4666 quam

2520 4678 2729 4728 antea.
2807 4664 3015 4731 Cuius
3053 4667 3145 4730 rei
3190 4668 3428 4731 certius
3472 4667 3831 4749 periculum
3878 4669 4072 4734 facies
4115 4670 4224 4734 ubi
4269 4669 4352 4734 ad
4399 4681 4464 4735 te

2520 4770 2777 4815 venero.
2866 4751 3033 4816 Nam
3092 4753 3399 4817 constitui
3460 4754 3575 4818 tibi
3635 4764 3808 4819 totos
3851 4755 4222 4838 quindecim
4266 4756 4463 4819 mini-

2464 4878 2472 4970 Ι
2524 4858 2700 4898 [num
2748 4835 2884 4902 dies
2929 4838 3022 4900 ita
3064 4859 3207 4902 esse
3248 4839 3560 4904 molestus
3596 4847 3667 4903 ut
3709 4840 3981 4922 posthac
4023 4842 4464 4923 praesentiam

2520 4942 2730 4984 meam
2768 4942 2899 4986 non
2944 4924 3033 4988 sis
3070 4924 3518 5007 requisiturus.
3584 4924 3972 4992 Indicentur
4005 4938 4224 4992 autem
4261 4928 4464 4993 feriae

2520 5018 2817 5072 extrema
2871 5008 3275 5075 hebdomade
3319 5032 3483 5092 quae
3539 5013 3734 5076 istam
3777 5022 4228 5095 consequetur,
4285 5013 4462 5095 quod

2524 5094 2636 5158 tihi
2684 5094 3061 5177 significabo
3105 5104 3182 5160 ut
3223 5116 3429 5179 equus
3473 5097 3555 5161 ad
3599 5118 3703 5161 me
3745 5099 4063 5163 mittatur.
4154 5099 4324 5163 Nam
4368 5100 4462 5163 ita

2524 5198 2624 5242 mc
2692 5180 2928 5245 afflixit
2993 5178 3189 5246 tridui
3255 5183 3607 5266 aegrotatio
3669 5191 3744 5246 ut
3804 5205 3889 5249 ne
3954 5183 4462 5249 deambulationi

2468 5294 2504 5363 ‘'⁶'ss
2524 5266 2784 5347 qnidam
2835 5266 3170 5332 sufficiam.
3259 5265 3591 5351 Quidquid
3650 5270 3960 5352 temporis
4021 5290 4287 5353 possum
4344 5290 4464 5354 per
