4850 6200
382 408 504 472 ‘109

461 594 711 661 rsistiez
754 615 841 659 en
874 592 1083 661 l’offre
1118 615 1243 679 que
1286 593 1381 661 lui
1416 615 1573 662 avez
1609 596 1786 662 faite.
1852 596 2109 663 Pource
2144 597 2333 680 qu’en

488 679 701 746 forme
755 700 885 764 que
942 700 1107 746 vous
1162 682 1409 747 m'avez
1466 703 1757 767 envoyee
1809 683 1872 747 ie
1926 705 2011 748 66
2069 683 2333 749 trouvoi

376 764 520 831 rien
572 766 938 833 necessaire
993 773 1035 833 6
1077 768 1384 851 corriger,
1444 766 1637 833 sinon
1691 768 1977 852 possible
2032 769 2099 835 la
2155 788 2332 835 com-

375 852 681 937 paraison
746 851 1047 919 d’Achab
1091 866 1159 919 et
1211 852 1442 920 choses
1499 854 1889 921 semblables
1932 854 2093 937 qu’il
2135 854 2336 920 seroit

375 937 728 1021 expedient
771 937 1130 1005 d’adoucir:
1177 938 1286 1005 i’ai
1308 950 1542 1005 retenu
1566 948 1740 1006 ceste
1777 941 1959 1023 copie
1996 962 2145 1007 vers
2181 940 2332 1005 moi.

374 1023 435 1089 11
493 1032 596 1091 est
650 1025 794 1089 vrai
851 1045 977 1108 que
1034 1026 1163 1090 i’en
1225 1046 1415 1091 eusse
1457 1047 1586 1108 peu
1632 1024 1915 1093 coucher
1951 1048 2079 1090 une
2126 1027 2333 1090 forme

375 1109 655 1189 diverse,
699 1111 864 1175 mais
917 1111 1135 1176 i’aime
1186 1112 1429 1192 mieux‚
1488 1112 1586 1177 s'il
1647 1134 1732 1177 en
1788 1113 1928 1179 faut
1970 1120 2331 1196 presentet,

375 1196 532 1280 qu'il
594 1200 711 1280 n’y
771 1197 865 1261 ait
923 1196 1114 1262 sinon
1169 1218 1244 1263 ce
1300 1218 1427 1280 que
1470 1198 1643 1263 Dieu
1683 1219 1847 1263 vous
1892 1220 2053 1264 aura
2097 1196 2332 1275 donne,

373 1292 684 1366 esperant
709 1282 866 1365 qu’il
910 1283 973 1347 16
1016 1282 1159 1348 fera
1200 1284 1425 1348 mieux
1467 1284 1802 1350 ftuctifier.
1871 1284 1947 1351 Si
1993 1285 2054 1349 16
2095 1281 2335 1349 monde

374 1369 709 1452 n’acoepte
762 1390 893 1434 une
948 1370 1378 1451 protestation
1435 1370 1493 1435 si
1535 1371 1704 1435 iuste
1747 1380 1814 1435 et
1857 1370 2123 1447 saincte,
2171 1390 2334 1454 pour

375 1454 435 1520 le
477 1456 694 1520 moins
738 1453 863 1519 elle
908 1475 1055 1521 sera
1098 1476 1427 1538 aprouvee
1463 1454 1543 1520 de
1581 1456 1773 1535 Dieu,
1820 1457 1901 1521 de
1937 1476 2042 1522 ses
2084 1458 2331 1540 Auges,

374 1540 740 1623 Prophetes
777 1553 843 1604 et
886 1543 1224 1622 Apostres,
1271 1549 1337 1607 et
1370 1541 1451 1606 de
1496 1552 1677 1607 toute
1721 1562 1841 1607 son
1864 1542 2123 1626 Eglise:
2159 1562 2332 1606 mes-

372 1648 514 1693 mes
570 1638 719 1692 tous
760 1626 989 1692 fideles
1034 1626 1099 1691 la
1141 1636 1391 1713 voyant
1429 1637 1669 1692 auront
1712 1627 1792 1693 de
1838 1630 1990 1710 quoi
2035 1628 2097 1692 le
2140 1627 2335 1711 glori-

376 1714 497 1778 fier
539 1713 623 1778 de
665 1734 739 1778 ee
776 1712 931 1796 qu’il
972 1713 1036 1777 la
1078 1733 1243 1779 vous
1286 1736 1327 1778 a
1370 1713 1577 1779 dictes
1620 1734 1739 1797 par
1781 1734 1903 1779 6ο6
1949 1714 2194 1797 Esprit.

548 1797 622 1865 Ie
676 1820 759 1864 ne
813 1819 982 1864 vous
1023 1800 1184 1864 ferai
1231 1799 1377 1882 plus
1421 1799 1669 1881 amples
1713 1799 1958 1877 lettres,
2003 1802 2166 1864 ioint
2210 1820 2334 1882 que

375 1894 598 1951 nostre
653 1884 781 1950 bon
839 1885 1013 1950 frere
1060 1888 1330 1951 maistre
1384 1885 1749 1951 Guillaume
1808 1889 1961 1950 s'est
2024 1892 2254 1951 trouve
2295 1892 2337 1949 a

374 1972 600 2056 poinct
621 1991 789 2054 pour
808 1992 975 2036 vous
1010 1971 1268 2037 escrire.
1290 1974 1346 2045 2)
1407 1972 1712 2055 Parquoi,
1747 1972 2077 2037 treschers
2112 1973 2336 2049 freres,

375 2058 620 2123 faisant
661 2059 751 2122 fin
797 2058 860 2121 16
887 2057 1241 2140 supplierai
1279 2066 1500 2122 nostre
1530 2061 1657 2124 bon
1704 2059 1878 2123 Dieu
1921 2080 2083 2123 vous
2133 2058 2335 2123 main-

376 2145 552 2208 tenir
609 2163 694 2207 en
754 2164 828 2207 sa
871 2144 1122 2209 saincte
1213 2142 1389 2222 arde,
1433 2166 1595 2209 vous
1639 2165 2012 2228 gouverner
2052 2165 2172 2227 par
2216 2164 2333 2208 son

376 2228 626 2312 Esprit,
685 2248 850 2294 vous
909 2249 1127 2294 armer
1214 2251 1250 2293 e
1293 2228 1467 2295 force
1512 2241 1578 2294 et
1619 2240 1968 2297 constance
2012 2251 2178 2314 pour
2221 2230 2334 2294 ba-

377 2315 614 2393 tailler,
651 2335 734 2380 en
777 2322 954 2380 sorte
999 2313 1153 2398 qu'il
1193 2316 1522 2398 triomphe
1566 2337 1649 2381 en
1686 2337 1851 2383 vous
1897 2318 2022 2380 soit
2065 2337 2185 2399 par
2231 2316 2334 2379 vie

378 2422 463 2466 ou
518 2421 643 2483 par
700 2410 894 2479 mort,
953 2409 1021 2466 et
1074 2401 1229 2484 qu'il
1284 2422 1452 2465 vous
1511 2402 1680 2467 fasse
1747 2404 1958 2466 sentir
2007 2423 2133 2485 que
2177 2405 2336 2467 c’est

377 2485 630 2553 d'avoir
665 2496 807 2552 tout
841 2496 1063 2552 nostre
1084 2499 1573 2553 contentcmcnt
1606 2509 1688 2552 66
1721 2488 1817 2552 161
1852 2487 2011 2553 6661.
2077 2487 2335 2553 Pource

419 2594 501 2638 ue
544 2572 611 2637 la
649 2582 954 2657 presente
999 2582 1098 2637 est
1141 2595 1486 2638 commune
1509 2577 1561 2651 ³)
1606 2576 1666 2638 16
1709 2595 1795 2638 66
1840 2596 2000 2639 vous
2044 2574 2105 2638 ai
2151 2574 2336 2657 point

375 2594 499 2724 gait
562 2658 644 2724 de
710 2659 1342 2724 recommendations
1407 2666 1449 2723 a
1507 2669 1658 2743 part
1716 2681 1801 2724 au
1862 2681 2017 2724 nom
2069 2658 2149 2723 de
2194 2680 2333 2725 mes

376 2746 600 2812 freres.
689 2744 864 2811 Mais
905 2748 968 2810 16
1010 2747 1146 2811 croi
1191 2767 1316 2828 que
1352 2767 1519 2811 vous
1563 2757 1735 2811 estes
1781 2768 1963 2810 assez
2009 2766 2334 2823 asseurez,

378 2838 525 2897 tant
566 2830 760 2895 d’eux
782 2851 909 2914 que
947 2831 1101 2896 d’un
1126 2832 1331 2915 grand
1382 2832 1655 2896 nombre
1690 2831 1773 2895 de
1795 2832 2040 2909 fideles,
2088 2853 2335 2897 mesme

376 2916 457 2982 (16
500 2926 644 2982 tout
688 2917 749 2981 le
795 2937 984 3000 corps
1029 2918 1109 2983 de
1155 2930 1375 2982 nostre
1413 2917 1656 3001 Eglise‚
1699 2939 1825 3000 que
1860 2927 2009 2983 tous
2054 2926 2333 2999 pensent

379 3002 459 3069 (16
501 3023 665 3070 vous
707 3023 958 3069 comme
1001 3004 1084 3068 ils
1125 3025 1171 3088 y
1216 3014 1366 3068 sont
1410 3008 1683 3080 tenus.⁴)

919 3139 1161 3206 Vostre
1206 3140 1472 3207 humble
1515 3140 1687 3205 frere
1730 3162 1854 3224 que
1899 3140 2245 3206 concissez.

526 3503 545 3520 .
583 3431 644 3500 2)
688 3432 922 3503 Crespin
964 3433 1061 3486 6’6
1106 3448 1218 3502 966
1260 3448 1327 3486 66
1372 3432 1438 3486 de
1490 3431 1645 3487 lettre
1678 3432 1745 3487 (16
1782 3431 1968 3498 Fau-el,
2020 3433 2060 3487 ὰ
2092 3448 2148 3488 ce
2200 3431 2335 3502 96ἰῖ

374 3508 647 3636 paruuli)
684 3570 818 3626 Non
848 3586 954 3640 966
988 3573 1025 3625 ὰ
1070 3585 1218 3652 6666,
1265 3571 1409 3624 mais
1452 3570 1519 3624 (16
1554 3585 1708 3637 6666,
1753 3570 1882 3624 (9661
1915 3572 1953 3624 ὰ
1987 3569 2124 3636 dire,
2170 3569 2335 3625 ecrite

378 3656 452 3694 66
486 3655 614 3694 nom
650 3638 717 3693 de
752 3641 809 3695 16
841 3655 1168 3708 6616969616.

583 3708 650 3775 4)
689 3709 772 3762 Μ.
809 3708 1025 3763 Bonna
1060 3710 1134 3763 im
1219 3708 1231 3720 '
1280 3722 1337 3762 6.·
1371 3708 1451 3760 De
1470 3706 1691 3762 Geneve
1728 3709 1776 3761 5.
1799 3708 1949 3778 Sept.
1973 3706 2127 3763 1555.
2189 3707 2334 3763 06116

379 3777 505 3833 date
538 3793 609 3832 66
642 3793 701 3832 66
734 3783 923 3833 166666
964 3792 1071 3846 966
1145 3791 1250 3830 666
1295 3776 1540 3830 l'e'dition
1574 3777 1643 3831 de
1680 3776 1810 3831 1619
1847 3793 1950 3847 966
1983 3793 2124 3832 6666
2159 3793 2332 3831 66666

380 3861 509 3900 sous
543 3847 620 3901 166
652 3862 817 3917 9666.
888 3845 969 3900 Et
1002 3847 1098 3900 elle
1132 3851 1211 3900 661
1244 3845 1350 3898 due
1380 3846 1783 3913 probablement
1816 3849 1852 3901 ὰ
1886 3862 1994 3900 666
2027 3845 2334 3912 conjecture

379 3914 444 3969 de
476 3912 726 3970 l’e‘diteur
760 3917 855 3985 916·
888 3931 925 3970 6
958 3931 1037 3983 96
1070 3914 1182 3969 ε’66
1228 3920 1518 3982 6699661191·
1553 3918 1590 3969 ὰ
1622 3930 1682 3969 66
1714 3930 1817 3984 966
1863 3915 1937 3969 les
1967 3916 2328 3983 prisonnierc,

379 3984 524 4039 (1666
558 4000 666 4039 666
715 3984 867 4039 lettre
909 4000 1014 4054 966
1060 3997 1199 4037 6666
1240 3985 1497 4052 publicus
1527 3983 1655 4052 9166
1691 3984 1790 4038 bas
1819 3985 2041 4051 pao-lent
2072 3985 2330 4052 effective·

378 4060 525 4109 ment
559 4053 722 4108 d’une
755 4054 907 4108 lettre
940 4051 1007 4106 de
1039 4052 1235 4107 061616
1270 4052 1347 4105 du
1380 4051 1433 4106 5.
1459 4050 1777 4121 Septembre.
1854 4053 2010 4107 Mais
2043 4068 2110 4106 66
2145 4069 2331 4107 aucun

376 4137 471 4178 666
503 4123 549 4176 iz
580 4122 827 4192 neo’aqit
861 4122 1001 4178 16116
1035 4123 1092 4176 16
1123 4122 1382 4189 preeunte,
1418 4122 1516 4190 qui
1546 4121 1843 4175 s’annonce
1874 4120 2333 4177 αἰῶ-6166666666

378 4191 693 4246 elain-emeat
731 4207 929 4246 666666
961 4194 1019 4246 16
1060 4192 1323 4259 96666616
1367 4193 1465 4261 961
1498 4192 1580 4245 ait
1625 4189 1705 4244 lte'
1746 4189 1911 4244 e'crt'ee
1944 4191 2011 4245 de
2050 4189 2259 4245 Genese
2293 4194 2331 4245 ὰ

378 4266 508 4316 66116
542 4261 811 4317 occasion.
890 4259 969 4314 Or
1018 4259 1233 4314 Vernos
1284 4260 1439 4314 avait
1483 4260 1618 4314 ecrit
1650 4259 1744 4314 (166
1779 4260 1826 4313 16
1862 4259 1946 4313 18.
1972 4260 2155 4328 juillet
2187 4276 2329 4326 pour

378 4344 657 4385 annonem·
692 4345 793 4384 666
827 4330 1160 4383 ανν66161166
1194 4333 1245 4381 61
1279 4328 1404 4383 66116
1425 4328 1493 4382 de
1527 4343 1611 4383 666
1633 4327 2122 4397 66619696666(Ν.
2143 4327 2328 4395 2248).

378 4396 435 4452 11
478 4403 561 4453 661
611 4398 752 4453 donc
800 4398 1109 4464 1169666ἰὸ16
1152 4397 1219 4451 de
1270 4403 1515 4452 remeare
1564 4398 1767 4452 celle-ci
1800 4399 1837 4452 ὰ
1883 4414 1991 4453 666
2038 4396 2245 4468 696966
2279 4400 2333 4451 si

470 4467 483 4480 '
556 4467 626 4521 e'e.
694 4465 778 4522 Le
812 4481 1084 4534 meseayer
1132 4481 1267 4519 6666
1303 4462 1334 4519 έ
1371 4482 1485 4535 par
1527 4464 1737 4530 061616,
1786 4466 1921 4522 dont
1964 4467 2007 4520 a
2050 4473 2128 4520 661
2170 4464 2330 4534 parle'

377 4537 465 4595 ici.
508 4535 648 4591 n’est
690 4535 1073 4592 cerisiacum
1110 4550 1220 4604 966
1360 4535 1638 4590 conseiller
1678 4534 1865 4591 Ouo-tet
1907 4535 2107 4606 envoye'
2135 4552 2250 4605 par
2284 4536 2331 4590 16

379 4602 565 4672 senat,
600 4609 651 4660 61
685 4604 752 4659 de
791 4606 937 4673 9166,
974 4605 1027 4658 si
1058 4619 1116 4657 66
1150 4603 1369 4659 dernier
1402 4620 1471 4658 66
1501 4603 1593 4670 fut
1626 4602 1829 4675 envoy&
1862 4621 1964 4675 966
1997 4606 2045 4659 16
2078 4604 2129 4658 8.
2170 4604 2332 4673 Sept„

380 4671 573 4756 061616
619 4689 689 4729 66
730 4676 961 4743 9666611
1002 4687 1110 4740 966
1154 4673 1325 4727 &crire
1358 4673 1407 4727 16
1451 4675 1577 4744 6169
1620 4673 1756 4743 qu'il
1800 4671 1937 4729 &tait
1974 4674 2135 4743 parti
2167 4674 2332 4741 366ἆί

1945 411 2110 475 1555
2153 407 2820 480 IUL.—AUGUS'1!.

4278 421 4321 481 ⁴1
4333 420 4413 486 10

3325 600 3530 671 2258.

2469 777 2944 851 GALVINUS
2991 778 3398 848 SENATUI
3433 782 4362 852 FRANOOFORDIENSI.

2610 976 2939 1045 Dedicatio
2958 976 3400 1044 Commentarii
3420 980 3490 1044 in
3510 979 3932 1045 Harmoniam
3954 982 4400 1066 evanyelicam.

3054 1165 3166 1229 (mx
3201 1166 3441 1222 editione
3477 1167 3773 1237 principe.)

2437 1354 2838 1421 Clarissimis
2893 1355 3056 1420 viris
3112 1363 3179 1419 et
3228 1356 3596 1440 magnificis
3646 1356 3926 1422 dominis
3991 1356 4398 1426 Consulibus

2439 1440 2842 1524 senatuique
2918 1440 3206 1525 inclytae
3245 1442 4009 1593 Οᾜξίἱὶυξτωοΐοτάἰω
4106 1442 4395 1510 1666666

2614 1714 2690 1781 Si
2753 1715 3071 1781 virtutum
3128 1715 3431 1798 exempla
3487 1716 3568 1780 ad
3628 1716 4060 1781 imitationem
4111 1719 4392 1801 proponi

2438 1822 2729 1885 unquam
2786 1801 2948 1865 utile
3005 1801 3150 1880 fuit,
3197 1822 3361 1884 quae
3417 1802 3622 1885 pigris
3668 1810 3731 1865 et
3776 1801 3972 1868 lentis
4014 1802 4124 1868 vel
4168 1804 4392 1870 minus

2437 1900 2702 1955 strenue
2757 1888 3173 1953 currentibus
3227 1887 3563 1953 stimulum
3611 1887 3944 1965 adderent,
3997 1889 4153 1955 facit
4197 1887 4395 1954 huius

2437 1973 2911 2055 corruptissimi
2977 1972 3219 2039 saeculi
3279 1994 3412 2038 non
3469 1974 3738 2057 ignavia
3792 1973 3984 2040 modo
4042 1974 4158 2040 sed
4197 1976 4398 2041 etiam

2439 2059 2732 2126 socordia
2774 2067 2852 2123 ut
2894 2059 3204 2125 maiorem
3251 2059 3593 2124 hominum
3637 2071 3910 2142 partem,
3958 2081 4122 2143 9666
4164 2067 4401 2144 sponte

2437 2167 2568 2210 non
2593 2143 3028 2230 progreditur,
3065 2146 3220 2228 quin
3252 2147 3467 2229 potius
3491 2144 3856 2225 retrocedit,
3886 2145 4136 2228 pudore
4164 2146 4399 2212 saltem

2439 2252 2706 2298 necesse
2748 2232 2836 2297 sit
2879 2231 2962 2295 ad
3005 2232 3295 2296 officium
3340 2232 3501 2315 cogi.
3592 2230 3846 2297 Omnes
3890 2231 4154 2314 quidem
4216 2231 4399 2298 vide·

2439 2339 2588 2383 mus
2633 2326 2699 2382 et
2725 2317 3035 2400 privatim
3082 2327 3147 2382 et
3170 2315 3428 2400 publice
3464 2316 3547 2382 ad
3572 2337 3849 2399 pravam
3885 2317 4398 2382 aemulationem

2439 2405 2749 2483 intentos,
2793 2424 2880 2468 66
2924 2404 3026 2468 661
3064 2402 3457 2469 monarchae
3492 2401 3574 2467 ad
3630 2402 4083 2487 propagandos
4129 2404 4400 2486 quibus-

2439 2491 2601 2555 libet
2642 2488 2851 2554 modis
2894 2490 3154 2572 imperii
3205 2490 3304 2554 sui
3349 2491 3515 2554 fines
3561 2490 3779 2554 minus
3824 2489 3929 2554 vel
3974 2489 4244 2573 ingenii,
4293 2489 4399 2556 vel

2440 2575 2824 2653 industriae,
2881 2574 2990 2641 vel
3044 2596 3420 2653 nervorum,
3467 2575 3573 2639 vel
3621 2574 3950 2652 audaciae,
3998 2595 4191 2657 quam
4237 2575 4401 2642 vici-

2438 2661 2544 2727 nis
2597 2668 2942 2744 suppetere
2995 2661 3338 2727 videatur:
3396 2681 3480 2725 ne
3536 2681 3665 2742 qua
3718 2661 3952 2726 civitas
4000 2661 4108 2726 vel
4166 2681 4399 2744 respu-

2438 2748 2608 2814 blica
2673 2747 2933 2813 laudem
2996 2748 3274 2812 astutiae
3334 2756 3400 2811 et
3458 2747 3835 2830 captionum
3901 2747 4190 2811 omnium
4254 2749 4400 2812 aliis

2441 2834 2775 2899 concedat:
2834 2854 2920 2897 ne
2977 2834 3123 2916 quis
3180 2835 3354 2897 iuter
3413 2831 3709 2896 homines
3755 2832 4098 2897 ambitioni
4144 2832 4399 2898 deditos

2440 2919 2635 2985 malis
2681 2920 2933 2985 artibus
2978 2918 3065 2985 sit
3099 2918 3407 2983 inferior:
3448 2918 3728 3001 denique
3773 2918 3854 2982 ad
3899 2918 4060 2983 vitia
4091 2919 4396 2985 certatim

2441 3005 2552 3072 alii
2589 3006 2752 3072 alios
2794 3005 2980 3090 quasi
3021 3012 3252 3069 mutua
3308 3004 3790 3087 conspiratione
3836 3002 4076 3086 absque
4119 3024 4282 3071 voce
4328 3025 4399 3069 se

2439 3093 2756 3158 invitant:
2783 3107 2977 3176 atque
3020 3090 3387 3175 utquisque
3409 3089 3693 3174 pessime
3728 3111 3800 3156 se
3843 3090 4018 3174 gerit
4038 3091 4400 3158 maximam

2440 3181 2701 3245 turbam
2767 3200 2883 3245 suo
2940 3177 3242 3261 exemplo
3287 3177 3479 3243 facile
3522 3177 3927 3261 praecipitat.
4017 3176 4283 3243 Interea
4324 3177 4398 3241 in

2436 3266 2771 3332 communi
2851 3264 3165 3331 vitiorum
3240 3284 3444 3349 regno
3521 3262 3903 3347 paucissimi
3980 3264 4401 3346 reperiuntur

2358 3349 2361 3354 ’
2437 3359 2614 3419 recte
2659 3348 2895 3436 agendi
2940 3359 3224 3416 autores.

2611 3436 2759 3518 Quo
2798 3436 3026 3502 utilius
3070 3456 3212 3501 esse
3267 3433 3501 3514 iudico,
3570 3435 3627 3499 si
3684 3434 3753 3499 in
3817 3433 4189 3501 illustribus
4255 3453 4403 3517 per-

2436 3524 2617 3589 sonis
2654 3523 2951 3588 eminent
2985 3541 3174 3587 rarae
3207 3521 3512 3600 virtutes,
3559 3540 3669 3585 eas
3715 3519 3909 3584 iustis
3945 3519 4174 3604 elogiis
4211 3520 4398 3602 quasi

2433 3609 2629 3693 longe
2678 3607 3068 3693 spectandas
3126 3608 3195 3671 in
3246 3606 3524 3673 sublime
3567 3606 3808 3684 efferri,
3854 3612 3927 3670 ut
3970 3604 4055 3671 ad
4096 3604 4402 3670 imitandi

2435 3695 2732 3760 studium
2755 3694 2946 3759 multi
2983 3693 3370 3759 excitentur.
3441 3693 3659 3776 Atque
3694 3692 3818 3757 hoc
3853 3689 4017 3755 mihi
4040 3690 4395 3775 praecipue

2436 3781 2781 3847 consilium
2804 3779 3006 3845 fuisse
3039 3780 3366 3862 profiteor,
3393 3778 3543 3842 Viri
3580 3777 3986 3860 amplissimi,
4032 3799 4150 3842 cur
4170 3797 4398 3842 meum

2434 3868 2614 3933 hunc
2683 3865 2975 3932 laborem
3042 3865 3163 3930 sub
3220 3864 3503 3930 nominis
3570 3864 3771 3929 vestri
3831 3864 4260 3947 inscriptione
4325 3863 4397 3927 in

2434 3953 2646 4019 lucem
2689 3950 2950 4037 prodire
2986 3949 3241 4016 vellem.
3326 3950 3498 4015 Nam
3560 3951 3680 4015 etsi
3740 3949 4149 4032 praeclarum
4195 3949 4396 4014 officii

2432 4040 2566 4105 mei
2607 4040 2892 4104 fructum
2935 4038 3073 4102 fore
3096 4036 3331 4114 iudice,
3378 4037 3432 4102 si
3470 4058 3600 4119 qua
3632 4037 3799 4100 forte
3821 4035 4124 4101 alacritas
4158 4043 4393 4118 sponte

2432 4124 2850 4193 currentibus
2893 4121 3047 4188 inde
3082 4122 3367 4202 accedat,
3390 4124 3601 4207 magis
3644 4132 3866 4186 tamen
3910 4120 4076 4186 illud
4111 4121 4393 4186 alterum

2432 4211 2694 4296 respexi
2751 4220 2826 4275 ut
2884 4231 3074 4292 pares
3134 4209 3247 4274 alii
3304 4210 3641 4274 vobiscum
3688 4228 4072 4292 progressus
4130 4206 4393 4286 faciant,

2432 4297 2542 4363 vel
2587 4297 2819 4363 saltem
2859 4295 3139 4361 eundem
3163 4303 3524 4378 sequantur
3546 4315 3828 4360 cursum.
3896 4293 4124 4376 Neque
4168 4302 4392 4357 tamen

2432 4385 2726 4449 omnium
2761 4382 3000 4464 quibus
3044 4381 3364 4446 excellitis
3386 4382 3709 4446 virtutum
3755 4379 4124 4462 catalogum
4169 4387 4395 4444 texere

2432 4469 2597 4533 mihi
2642 4469 3047 4552 propositum
3093 4475 3210 4535 est.
3301 4466 3437 4532 Sed
3482 4488 3683 4530 unam
3727 4465 3796 4531 in
3840 4463 4214 4547 praesentia
4247 4464 4391 4528 lau-

2434 4554 2592 4620 dare
2657 4554 2940 4619 sufficiet
2982 4575 3150 4636 quae
3194 4573 3302 4617 me
3346 4564 3413 4617 et
3456 4551 3825 4634 complures
3872 4550 4122 4615 Christi
4166 4570 4392 4615 servos

2435 4641 2622 4724 quasi
2689 4640 3014 4705 sanctiore
3074 4639 3334 4705 vinculo
3389 4639 3574 4703 vobis
3633 4636 3954 4703 devinxit.
4067 4636 4391 4719 Magnum

2429 4725 2599 4792 illud
2642 4725 2770 4790 fuit
2814 4722 2986 4808 quod
3024 4732 3178 4789 ante
3226 4724 3768 4809 quinquennium,
3806 4720 4104 4788 horribili
4142 4730 4395 4787 terrore

2427 4811 2676 4896 passim
2698 4811 3005 4877 omnibus
3027 4810 3285 4889 iniecto,
3331 4831 3537 4893 quum
3573 4817 3642 4874 et
3663 4807 4081 4875 Germanicis
4104 4807 4396 4874 ecclesiis

2431 4899 2741 4964 miseram
2776 4895 3269 4980 dissipationem
3315 4905 3383 4961 et
3418 4895 3763 4980 evangelio
3806 4894 4146 4960 interitum
4192 4914 4397 4977 prope

2431 4985 2856 5050 minitaretur
2897 4989 3165 5065 accepta
3206 4981 3459 5060 clades,
3505 5003 3624 5047 vos
3668 4981 3751 5046 ad
3798 4980 4051 5064 primos
4097 5001 4393 5063 quosque

2433 5071 2717 5135 telorum
2776 5069 2988 5136 iactus
3052 5068 3331 5151 expositi
3386 5069 3458 5132 in
3518 5067 3725 5133 libera
3784 5066 3938 5132 fidei
3985 5067 4394 5133 confessione

2432 5163 2592 5223 tunc
2645 5155 2839 5223 valde
2885 5153 3109 5220 odiosa
3170 5155 3343 5219 firmi
3403 5154 3700 5231 stetistis,
3745 5175 3823 5219 ac
3866 5161 4246 5219 constanter
4289 5173 4395 5217 re-

2433 5241 2728 5308 tinuistis
2773 5261 2969 5326 quam
3012 5240 3212 5306 eratis
3254 5240 3544 5323 amplexi
3578 5240 3903 5306 sinceram
3947 5240 4208 5322 pietatis
4244 5239 4396 5305 doc-

2433 5329 2712 5395 trinam:
2783 5336 2863 5393 ut
2938 5327 3127 5392 facile
3191 5333 3540 5406 constaret,
3606 5326 3794 5392 vobis
3862 5327 4039 5390 inter
4102 5345 4408 5392 summas

3879 5426 3989 5482 4⁵0
