4850 6200
408 407 510 467 1⁶5

1266 594 1451 666 lm.

902 748 1138 815 BEzA
1184 751 1821 819 BULLINGERO.

384 1265 1275 1346 mmxpouioetur.
1360 1267 2330 1352 Addumapmaeipwqui

384 1352 437 1413 ei
476 1348 665 1413 bilem
706 1353 893 1415 movit
931 1350 1151 1417 libello.

382 1520 572 1587 (Plura
608 1528 826 1574 exstant
859 1523 1016 1576 huius
1053 1540 1083 1576 e
1126 1524 1317 1578 istolae
1335 1526 1691 1594 exemplaria:
1732 1526 2120 1593 Autographon
2147 1527 2327 1581 Turici

380 1590 436 1642 in
478 1589 735 1644 Archivis
770 1591 911 1645 Plnt.
948 1592 1040 1645 vl.
1128 1593 1198 1645 ol.
1241 1591 1365 1655 166,
1402 1594 1527 1647 olim
1576 1593 1716 1664 Epp.
1756 1595 1906 1649 Tom.
1940 1592 2035 1659 24,
2086 1594 2179 1648 sol.
2227 1594 2327 1659 8⁹3

380 1663 491 1713 tum
540 1659 597 1713 iu
634 1660 763 1713 Cod.
800 1659 1003 1715 Gener.
1043 1660 1159 1729 119,
1208 1662 1302 1716 fol.
1339 1662 1437 1715 131
1476 1669 1534 1715 et
1571 1662 1715 1730 1111»,
1763 1664 1854 1717 fol.
1891 1661 1975 1729 22,
2014 1663 2223 1718 Bernae
2270 1664 2325 1717 in

560 1728 703 1799 Epp.
739 1729 892 1785 Tom.
928 1729 1020 1783 VI.
1056 1748 1107 1800 p.
1147 1729 1299 1797 1090,
1335 1737 1395 1785 et
1427 1749 1512 1801 ap.
1549 1732 1831 1786 Simlernm
1870 1731 1994 1785 Vol.
2029 1730 2142 1794 82.)

762 1900 1062 1967 Salutem
1106 1912 1175 1966 et
1217 1904 1502 1986 gratiam
1544 1924 1585 1968 a
1626 1903 1931 1969 DominO.

548 2038 777 2115 Certe,
854 2040 941 2103 mi
1000 2052 1216 2123 pater,
1290 2042 1536 2105 invitus
1596 2039 1712 2105 tibi
1779 2042 2094 2106 molestus
2160 2062 2324 2107 sum.

378 2122 507 2189 Sed
572 2128 665 2188 ita
726 2145 985 2191 necesse
1028 2136 1157 2203 est,
1221 2134 1297 2191 ut
1352 2127 1604 2192 faciam.
1697 2125 1952 2192 Deinde
1998 2126 2173 2193 hunc
2217 2130 2325 2210 qui

377 2209 455 2275 ad
520 2224 585 2275 te
648 2211 1080 2293 proficiscitur
1138 2212 1322 2277 nolui
1383 2214 1625 2295 absque
1684 2213 1847 2277 meis
1908 2213 2114 2278 literis
2158 2214 2327 2280 istuc

373 2298 641 2373 reverti,
687 2318 877 2380 quem
928 2299 1193 2363 memini
1239 2319 1388 2364 cum
1435 2301 1564 2363 tuis
1607 2298 1769 2363 mihi
1807 2300 2198 2383 gratissimis
2242 2300 2327 2364 ad

370 2403 473 2447 me
521 2384 798 2448 venisse.
888 2382 957 2447 Is
1002 2392 1455 2468 praeterquam
1512 2384 1684 2468 quod
1742 2406 1981 2468 paucos
2026 2385 2166 2451 dies
2211 2407 2324 2450 no-

370 2468 625 2534 biscum
685 2470 1111 2551 consumpsit,
1173 2471 1488 2536 Genevae
1550 2472 1733 2535 vixit.
1763 2476 1813 2549 ¹)
1898 2472 2132 2554 Itaque
2190 2492 2324 2537 non

370 2556 583 2637 potui,
646 2557 815 2621 sicut
859 2554 961 2620 vel
1008 2557 1088 2621 ob
1134 2564 1317 2621 tuam
1362 2557 1992 2623 commendationem
2038 2558 2323 2622 maxime

367 2641 734 2723 cupiebam,
794 2661 1059 2724 operam
1116 2642 1211 2707 illi
1272 2664 1482 2707 meam
1540 2642 1676 2707 ulla
1731 2644 1803 2706 in
1846 2665 1915 2707 re
1960 2664 2321 2708 accommo-

368 2725 529 2791 dare
588 2738 661 2790 ut
718 2730 782 2794 in
845 2749 948 2791 me
994 2749 1170 2794 nunc
1221 2729 1480 2811 quidem
1524 2738 1783 2811 praeter
1826 2729 2158 2813 egregiam
2204 2749 2319 2793 vo·

364 2811 693 2877 luntatem
754 2812 917 2877 nihil
963 2816 1365 2897 compererit.
1456 2816 1590 2880 Det
1645 2815 1809 2879 mihi
1852 2815 2198 2891 Dominus,
2244 2824 2320 2880 ut

363 2897 457 2963 illi
520 2914 587 2963 et
646 2900 917 2964 caeteris
976 2902 1140 2963 meis
1200 2903 1370 2965 veris
1416 2901 1725 2966 fratribus
1772 2901 2013 2984 possim
2060 2922 2129 2965 re
2174 2901 2318 2984 ipsa

362 2984 795 3051 commodare.

536 3072 620 3136 D.
667 3068 945 3140 obiectae.
989 3070 1073 3137 D.
1118 3072 1479 3138 Morisonus
1524 3073 1643 3138 hac
1691 3074 1788 3138 bis
1833 3074 1959 3137 iter
2000 3074 2317 3152 fecerunt,

360 3178 573 3240 neque
636 3180 807 3224 nunc
864 3159 995 3225 scio
1055 3159 1165 3225 ubi
1233 3161 1383 3224 sint.
1409 3165 1464 3238 2)
1562 3161 1696 3225 Eos
1764 3162 1932 3224 sicut
1990 3181 2109 3242 ego
2166 3181 2315 3226 cum

358 3242 731 3310 incredibili
778 3244 1111 3327 voluptate
1157 3245 1291 3311 vidi
1336 3255 1600 3329 propter
1638 3268 1789 3311 vere
1825 3246 2136 3311 eximiam
2178 3247 2315 3331 pie-

361 3337 569 3395 tatem
629 3351 777 3395 cum
834 3330 1201 3397 eruditione
1260 3343 1326 3396 et
1384 3332 1724 3397 nobilitate
1783 3341 2163 3411 certantem,
2224 3334 2317 3397 ita

360 3417 470 3480 vix
530 3437 796 3499 possum
861 3416 1190 3501 lacrymas
1245 3419 1609 3495 continere,
1667 3419 1922 3502 quoties
1982 3419 2109 3482 ista
2152 3417 2315 3482 mihi

360 3511 713 3585 conspecta
769 3503 1041 3568 memini
1102 3503 1419 3589 Anglicae
1473 3507 1857 3569 vastationis
1926 3504 2313 3570 testimonia.

358 3583 496 3653 Sed
534 3597 628 3663 tu,
664 3589 968 3666 Domine,
1004 3589 1168 3655 haec
1202 3588 1404 3663 vides,
1444 3601 1512 3655 et
1545 3601 1813 3676 propter
1847 3610 2087 3660 nomen
2127 3601 2315 3655 tuum

358 3674 776 3741 misereberis
821 3674 1046 3740 nostri.

532 3760 595 3825 N
602 3781 728 3826 unc
771 3760 956 3834 audi,
1014 3761 1085 3826 in
1143 3783 1270 3844 quo
1324 3760 1443 3826 tibi
1499 3762 1809 3828 molestus
1866 3782 2011 3828 esse
2064 3763 2310 3829 verear.

357 3845 553 3926 Quod
599 3846 989 3929 scripseram
1035 3847 1116 3913 de
1160 3846 1526 3930 Farragine
1568 3848 1684 3913 illa
1727 3847 1809 3913 ad
1840 3848 2154 3913 Rhenum
2197 3870 2311 3914 ex-

355 3952 543 4009 cusa,
610 3933 718 3996 lon
856 3933 1127 3999 maioris
1170 3935 1483 3999 momenti
1526 3953 1632 4000 res
1675 3942 1794 4012 est,
1845 3953 2040 4017 quam
2084 3934 2312 4000 existi-

353 4017 639 4082 mabam.
802 4020 1011 4102 mperi
1053 4019 1233 4085 enim
1275 4021 1453 4084 inter
1494 4018 1844 4104 legendum
1892 4019 2107 4085 nullos
2132 4021 2313 4085 Ana-

355 4102 798 4187 baptistarum
870 4105 1125 4171 furores
1194 4125 1344 4171 cum
1410 4106 1553 4171 istis
1618 4126 1763 4172 esse
1824 4104 2307 4188 comparandos.

352 4188 529 4256 Nam
586 4201 811 4272 aperte
866 4191 985 4255 reli
1039 4193 1249 4256 'onem
1304 4212 1345 4255 a
1400 4188 1847 4258 fundamentis
1902 4200 2103 4256 totam
2159 4211 2312 4257 con-

348 4275 630 4341 vellunt.
721 4275 952 4360 Itaque
991 4299 1062 4341 m
1108 4273 1559 4360 respondendo
1599 4285 1859 4343 coactus
1905 4298 2054 4342 sum
2099 4277 2305 4342 multo

351 4361 614 4447 long-ior
657 4381 797 4428 esse
837 4373 905 4428 et
949 4363 1163 4429 acrior
1219 4383 1417 4445 quam
1554 4371 1781 4429 taram.
1870 4361 2311 4444 Quamobrem

356 4456 466 4523 (ut
519 4447 631 4513 hic
686 4459 906 4515 noster
950 4449 1069 4515 tibi
1116 4449 1304 4514 testis
1348 4449 1478 4513 erit
1562 4447 1705 4514 fieri
1760 4469 1896 4514 non
1939 4449 2175 4533 potuit,
2235 4460 2311 4514 ut

352 4532 555 4618 (sicut
632 4553 1029 4620 magnopere
1106 4533 1477 4618 cupiebam)
1549 4536 1937 4620 Apologiam
2014 4545 2309 4600 nostram

350 4637 534 4687 nunc
578 4618 661 4684 ad
719 4629 785 4686 te
826 4621 1092 4686 mittere
1143 4621 1494 4705 potuerim,
1550 4621 1726 4704 quod
1782 4633 2002 4686 tamen
2048 4621 2305 4694 faciam,

352 4855 529 4915 ma.
562 4861 620 4926 1)
655 4859 920 4918 Sis-lorus
962 4858 1220 4916 Socim
1264 4859 1547 4927 deciorum·
1576 4866 1750 4929 putat.
1823 4859 1930 4915 Oui
1960 4875 2063 4915 not
2096 4874 2308 4931 quoquo

348 4927 1280 4998 Menesthei-‘senius
1408 4932 1417 4943 '
1531 4928 2307 4998 ‘amnemamnem

341 4996 2307 5068 mansimusBasssaet‘uisu,d.l9.ApraiuadBuain·

352 5064 2304 5137 numanam-eva(fmhoe11.437).fflcauquandiu

352 5134 1719 5217 mampsimeoeaeverbiufaeaeoouuvu.
1792 5133 2304 5192 Numicum

351 5338 445 5408 (N
488 5204 924 5408 ¹3?aess
949 5272 1106 5329 Maio
1128 5273 1634 5340 mrumst,
1671 5272 1800 5329 inde
1818 5273 2047 5330 Italiam
2059 5273 2302 5343 petituri.

2204 416 2365 479 1564
2408 412 2591 484 IUN.

4267 435 4403 497 iss·

2434 624 2638 706 guum
2695 606 2897 673 fuerit
2958 620 3239 692 peracta.
3340 610 3551 678 Crede
3614 615 3776 681 mihi
3792 666 3810 695 ,
3889 636 4020 682 non
4078 623 4239 702 puto
4303 621 4394 686 ab

2434 691 2624 757 mitio
2667 692 3022 776 praedicati
3351 697 3391 711 ”
3437 696 3606 764 tales
3647 699 3988 769 exauditas
4025 722 4170 769 esse
4214 703 4390 771 blas-

2433 775 2750 860 phemias.
2873 780 3117 847 Libelli
3203 789 3463 850 autores
3535 791 3673 861 ωε
3706 785 3759 871 ³)
3837 799 3993 853 sunt
4083 790 4188 870 (ut
4263 810 4391 876 ego

2433 883 2555 963 pro
2618 873 2801 930 certo
2866 866 3060 941 scio):
3126 887 3300 935 unus
3355 876 3457 936 est
3515 879 3583 935 et
3648 873 4036 956 praecipuus
4097 874 4214 941 ille
4271 897 4390 942 cu-

2431 968 2542 1014 ms
2613 949 3083 1034 praefationem
3146 955 3376 1041 rog-avi
3447 964 3522 1020 ut
3584 956 3850 1039 legeres.
3870 960 3924 1036 4)
4029 959 4222 1026 Alter
4283 970 4392 1028 est

2434 1054 2521 1100 ex
2584 1036 2667 1101 iis
2732 1058 2904 1103 unus
2968 1058 3131 1122 quos
3186 1058 3229 1104 a
3290 1049 3358 1106 te
3423 1060 3821 1127 magnopere
3886 1043 4068 1129 diligi
4127 1054 4303 1129 puto.
4327 1049 4400 1129 ⁵)

2312 1151 2328 1177 s
2433 1120 2526 1185 Et
2567 1143 2768 1204 quum
2807 1123 2970 1190 haec
3015 1123 3099 1189 ad
3140 1146 3249 1191 me
3293 1127 3738 1194 scriberentur
3780 1149 3938 1195 sane
3981 1151 4127 1196 sum
4171 1132 4383 1199 admi-

2433 1216 2648 1286 ratus,
2709 1228 3084 1293 quanquam
3140 1231 3346 1294 quum
3396 1211 3521 1278 hac
3577 1213 3705 1280 iter
3757 1215 4018 1294 faceret,
4073 1236 4386 1303 magnam

2431 1292 2615 1358 illam
2668 1295 3230 1378 πολυπραγμοσύνῃ
3278 1319 3410 1362 non
3465 1306 3764 1384 poteram
3810 1300 3887 1365 'in
3933 1300 4197 1368 homine
4283 1326 4389 1371 ro-

2433 1378 2606 1457 bare,
2651 1380 2824 1462 quod
2866 1382 3238 1449 existimem
3286 1386 3398 1449 vix
3441 1384 3578 1450 ulla
3620 1407 3762 1453 esse
3802 1388 4065 1471 ingenia
4120 1409 4160 1453 a
4208 1411 4243 1456 c
4294 1392 4384 1456 ri—

2431 1465 2650 1531 stiana
2693 1465 3046 1534 sobrietate
3088 1471 3300 1555 magis
3343 1470 3579 1551 aliena,
3638 1493 3834 1555 quam
3879 1492 4047 1555 quae
4090 1474 4384 1556 philoso-

2477 1551 2658 1617 hicas
2735 1552 3134 1620 subtilitates
3204 1556 3437 1622 volunt
3512 1578 3660 1623 cum
3740 1559 3937 1625 verbo
4016 1559 4380 1627 conciliare.

2612 1659 2760 1703 eum
2817 1660 3070 1724 quoque
3126 1653 3385 1725 tempus
3427 1640 3704 1728 deteget.
3794 1645 3957 1710 Eius
3997 1666 4237 1711 nomen
4278 1647 4380 1711 in-

2429 1722 2689 1807 telliges
2732 1744 2818 1790 ex
2863 1745 2958 1805 eo,
3015 1728 3127 1810 qui
3181 1727 3300 1793 has
3353 1728 3471 1794 tibi
3505 1728 3730 1796 literas
3782 1729 4027 1796 reddet.
4117 1732 4383 1797 Tertius

2431 1821 2533 1873 est
2591 1809 2914 1877 Secundus
2934 1816 2983 1889 ⁶)
3044 1813 3153 1897 qui
3214 1814 3380 1879 bene
3443 1834 3519 1881 ac
3580 1815 3864 1881 nimium
3918 1838 3991 1881 co
4088 1818 4215 1883 ’tus
4280 1827 4382 1885 est

2429 1904 2692 1961 nostrae
2736 1896 3013 1963 scholae.
3089 1898 3159 1964 Is
3203 1899 3520 1967 adversus
3563 1922 3644 1967 ea
3684 1924 3851 1985 quae
3894 1903 3964 1967 in
4076 1903 4384 1971 ecadibus

2429 1982 2795 2047 rectissime
2839 1984 3153 2066 scripsisti
3198 1985 3279 2050 de
3323 1985 3445 2051 hoc
3490 1998 3877 2070 argumento
3919 1990 4377 2055 refutationem

2428 2068 2695 2151 proprie
2738 2071 3012 2153 scripsit,
3058 2071 3290 2137 Basilii
3331 2071 3662 2154 Monfortii
3679 2076 3738 2151 ⁷)
3783 2077 4065 2151 nomine,
4127 2086 4193 2139 te
4237 2077 4380 2158 qui-

2431 2152 2580 2218 dem
2638 2155 3025 2220 nominatim
3071 2178 3203 2221 non
3247 2157 3587 2240 appellato,
3649 2158 3762 2224 sed
3819 2161 3935 2237 ita,
3991 2170 4067 2224 ut
4109 2160 4382 2226 infitiari

2432 2259 2566 2304 non
2611 2240 2838 2323 possit,
2883 2242 3035 2323 quia
3077 2242 3282 2308 verba
3325 2254 3439 2309 tua
3481 2247 3682 2309 etiam
3725 2254 4000 2329 usurpat
4042 2254 4111 2310 et
4153 2249 4379 2331 exagi-

2429 2334 2543 2391 tat.
2637 2327 2810 2391 Eum
2855 2348 2995 2411 ego,
3037 2339 3112 2393 ut
3169 2350 3376 2412 spero,
3439 2331 3732 2396 tractabo
3776 2331 3947 2396 sicut
3992 2331 4231 2417 dignus
4273 2344 4378 2397 est

2428 2411 2625 2477 homo
2659 2434 2927 2495 prorsus
2961 2417 3290 2497 profanus,
3325 2417 3420 2479 ita
3451 2424 3674 2481 tamen
3709 2427 3784 2481 ut
3807 2416 4055 2481 Ohristi
4089 2438 4375 2494 causam,

2428 2517 2560 2562 non
2619 2510 2908 2563 nostram
2970 2522 3090 2565 nos
3154 2520 3349 2585 agere
3412 2510 3739 2585 appareat.
3843 2502 4025 2568 Haec
4082 2525 4202 2588 ego
4259 2525 4376 2586 pro

2425 2584 2622 2647 certis
2667 2583 2871 2650 audeo
2928 2587 3274 2663 affirmare,
3336 2587 3507 2669 quod
3568 2590 3649 2653 ab
3695 2588 3960 2654 homine
4002 2589 4110 2671 pio
4153 2600 4221 2655 et
4263 2612 4380 2656 ve-

2422 2669 2637 2734 ritatis
2681 2679 2941 2735 amante
2977 2672 3060 2737 ad
3094 2692 3201 2738 me
3237 2676 3596 2756 perscripta
3640 2674 3790 2751 sint,
3837 2675 3948 2757 qui
3995 2676 4062 2739 in
4105 2695 4183 2739 ea
4225 2678 4368 2759 ipsa

2626 2925 2688 2987 3)
2729 2925 2816 2980 De
2860 2942 3084 2982 numero
3135 2932 3354 2983 minime
3398 2936 3639 2997 conant,
3693 2936 3743 2983 et
3799 2932 3926 2998 ipsa
3972 2931 4198 2984 nomina
4255 2946 4369 2984 non

2417 2999 2641 3051 omnino
2674 3001 2841 3052 cerm.

2626 3066 2684 3132 4)
2722 3064 2945 3132 Bellias,
2982 3067 3081 3122 sub
3115 3068 3274 3122 cuius
3307 3068 3523 3121 nomine
3562 3060 3936 3123 castellionem
3971 3066 4139 3122 laten
4179 3064 4371 3122 ondit.

2421 3135 2629 3191 Exstat
2671 3141 2852 3190 tamen
2898 3136 3017 3190 eius
3061 3151 3140 3205 ep.
3188 3135 3267 3190 ad
3312 3134 3667 3191 Graeco-olm
3713 3135 3767 3189 d.
3815 3135 3868 3190 d.
3913 3135 3995 3189 11.
4034 3136 4174 3205 Auq.
4229 3133 4366 3188 1554

2420 3201 2553 3274 (Ep.
2588 3201 2656 3257 46
2691 3205 2752 3258 in
2800 3202 2976 3260 Ἐπεί.
3012 3204 3164 3260 theol.
3206 3203 3327 3258 111.
3361 3203 3490 3268 257)
3530 3206 3592 3259 in
3672 3220 3747 3258 ua
3791 3207 4006 3286 quaerit
4050 3220 4126 3258 an
4164 3203 4366 3259 Castel-

2417 3274 2612 3328 lo’onem
2656 3289 2760 3340 pro
2804 3279 2948 3328 corto
2991 3280 3042 3328 et
3084 3275 3405 3328 nominatim
3457 3277 3519 3327 in
3559 3273 3644 3327 Re
3709 3280 3914 3328 caueae
3958 3289 4060 3327 sua
4106 3288 4368 3327 accusare

2490 3344 2604 3397 ssit-
2675 3343 2830 3397 Alibi
2860 3343 3100 3397 vidimus
3132 3358 3251 3397 cum
3287 3359 3353 3396 esc
3390 3343 3600 3398 collatis
3646 3343 3860 3397 duabus
3905 3341 4366 3410 praefationibus,

2473 3411 2740 3494 ibliorum·
2759 3412 2872 3465 scil.
2908 3418 2958 3465 ee
2997 3411 3358 3480 Far-requie,
3404 3411 3629 3467 eundem
3673 3413 3851 3476 fuisse
3883 3418 4129 3492 auterens
4163 3412 4366 3493 atrius-

2412 3478 3173 3614 mmmmm?
3214 3479 3412 3603 50⁶?ss
3454 3498 3516 3603 3:
3563 3479 4370 3629 taffoffffiffwmx

2412 3620 2594 3687 ipsum
2630 3624 2873 3672 autorem
2908 3619 3199 3678 nominat).
3274 3617 3350 3671 Et
3394 3617 3472 3672 ad
3505 3617 3869 3684 &sm-etonem
3907 3616 4250 3672 Castelltoms
4283 3632 4366 3671 ro-

2413 3687 2688 3755 spondom
2724 3686 2938 3754 (Tract.
2969 3687 3016 3742 1.
3050 3685 3209 3752 451):
3262 3687 3344 3740 Tu
3378 3687 3446 3740 de
3483 3686 3567 3739 his
3604 3687 3763 3741 rebus
3798 3703 3869 3754 ap
3942 3687 4121 3750 ssatus,
4168 3688 4192 3739 i
4267 3688 4368 3754 uit,

2413 3773 2595 3812 coram
2649 3755 2967 3811 Basiliensis
3019 3756 3276 3809 ecclesiae
3335 3755 3600 3808 ministris
3645 3755 3804 3809 Bellii
3853 3703 4175 3824 gron-agiam
4285 3755 4370 3809 lso

2412 3824 2651 3880 ciui-asti.
2708 3824 2786 3879 Ee
2815 3824 2985 3893 paulo
3015 3830 3168 3892 post.-
3203 3825 3305 3878 Illa
3339 3824 3791 3893 blasphemiarum
3813 3822 4027 3893 farrago
4051 3824 4218 3876 latine
4253 3823 4366 3891 pri·

2412 3911 2556 3948 mum
2593 3893 2738 3948 cdita
2772 3899 2830 3946 et
2940 3899 3056 3947 stes
3092 3894 3283 3961 gallice
3318 3909 3579 3946 conversa
3612 3898 3668 3944 et
3705 3892 4028 3961 Lugdunum
4063 3909 4096 3944 a
4128 3900 4224 3946 tuo
4257 3891 4364 3944 fra·

2412 3969 2499 4017 tre
2534 3963 2700 4017 allata
2743 3967 2801 4016 et
2845 3963 2864 4015 i
2905 3962 3049 4016 idem
3084 3977 3294 4015 excusa.
3369 3960 3492 4015 lam
3534 3962 3705 4016 altero
3750 3962 3834 4014 ita
3879 3961 4190 4016 rationibus
4237 3961 4372 4014 alle-

2410 4033 2559 4099 uatis
2592 4033 2934 4096 affirmante,
2977 4031 3148 4085 altero
3191 4047 3313 4085 cum
3346 4030 3706 4085 iureiurando
3740 4037 3985 4098 nequo-te,
4019 4032 4112 4084 eui
4141 4030 4361 4098 potissi·

2412 4117 2555 4156 mm
2587 4100 2723 4165 fides
2755 4097 3050 4154 habenda?

2618 4169 2675 4236 5)
2713 4168 2824 4223 Hic
2862 4167 3120 4223 Sosium
3165 4168 3345 4236 ipsum
3381 4168 3500 4236 peti
3544 4172 3747 4222 certum
3781 4172 3875 4221 est.
3950 4166 4023 4219 In
4070 4167 4197 4221 Vita
4236 4166 4376 4221 Gal—

2410 4239 2534 4293 vim'
2564 4238 2780 4293 scribit.-
2825 4236 2975 4290 illum
3008 4236 3280 4290 Bellianae
3323 4236 3608 4307 farraginis
3643 4236 3879 4289 maxima
3912 4251 3980 4289 ex
4014 4244 4172 4304 parte
4206 4241 4392 4288 auto-‹-

2410 4323 2528 4362 rem
2564 4307 2729 4360 fuisse
2762 4321 2881 4360 com
2955 4312 3098 4359 rtum
3134 4314 3218 4359 est
3253 4307 3334 4373 (p.
3356 4304 3424 4359 18
3457 4312 3509 4359 et
3542 4303 3658 4367 23).
3721 4303 3954 4359 Socinm
3987 4307 4098 4358 iam
4133 4319 4187 4357 a.
4221 4300 4386 4357 1549·-

2410 4376 2668 4431 Baa'lcae
2701 4390 2821 4429 em
3072 4377 3082 4387 '
3212 4379 3562 4429 conmeatus
3606 4372 3884 4440 (Τνσοὴεοι
3911 4390 3970 4441 p.
4009 4371 4139 4438 144)
4181 4386 4368 4441 πυρα-

2405 4445 2606 4500 n'bidem
2635 4460 2737 4513 per
2770 4444 3018 4500 bimestre
3052 4444 3292 4512 spatium
3306 4444 3426 4498 sine
3459 4443 3625 4499 dubio
3659 4450 3883 4497 veterem
3912 4442 4348 4505 familiaritatem

2407 4513 2534 4569 νεά·
2721 4517 2890 4567 verat.

2654 4584 2678 4648 )
2717 4579 2883 4635 Hune
2918 4579 3070 4635 Bm
3100 4585 3290 4650 postea
3324 4579 3540 4634 silentio
3570 4579 3869 4649 praeteriit.
3946 4575 4054 4657 8ςά
4092 4574 4362 4630 Calvinus

2407 4667 2530 4706 m
2576 4666 2699 4706 cum
2738 4648 2972 4706 catorio
3009 4647 3328 4704 Geranion·
3370 4649 3573 4704 rodum
3616 4646 3850 4702 addidit.
3933 4643 4097 4699 Vndes
4138 4648 4368 4700 mut-oe

2405 4717 2813 4842 suopte-0:35⁸
2847 4719 3036 4788 potions
3080 4714 4054 4841 Μηῇεοζνκσοῖἶρυωκϋοωκοωε
4084 4712 4261 4779 fuisos
4291 4715 4364 4796 ἐκ,

2404 4789 2647 4914 m
2678 4861 2924 4926 ipsoram
2959 4828 3311 4910 adversarios
3340 4802 3473 4909 ἔσο.
3547 4853 3828 4935 quotes-mn
3862 4858 3912 4906 οι
3941 4796 4270 4907 marolus
4302 4859 4362 4906 οε.-

2415 4926 2703 4998 vomer-'us
2758 4924 3015 4980 Bucam
3370 4921 3578 4979 Seu-vm
3628 4936 3853 4978 mas·
3902 4919 4183 4988 ample-cos
4235 4934 4365 4974 use

2403 4994 3022 5063 mabinffiopae
3310 5033 3325 5047 .
3378 4989 3491 5059 (Of.
3531 4987 3996 5056 &magnario
4029 4986 4351 5059 lapsos.

2406 5065 2646 5135 Machly,
2687 5060 2902 5119 Oaxen.
2936 5068 3045 5118 not.
3084 5060 3198 5116 130.
3253 5060 3442 5143 Porta,
3482 5058 3609 5127 Res.
3645 5059 3815 5114 rhod.
3851 5057 3920 5112 11.
3948 5055 4051 5111 159
4085 5064 4136 5112 et
4165 5057 4360 5126 plum

2399 5151 2520 5206 epp.
2556 5150 2623 5187 no.
2664 5131 2798 5187 Dec.
2834 5130 2971 5185 15⁶8
3003 5136 3056 5186 et
3087 5145 3228 5202 seqq.
3504 5169 3516 5182 .
4151 5195 4162 5208 ⁸

2610 5200 2672 5270 7)
2708 5199 2866 5257 Haeo
2910 5200 3048 5256 alz'bo'
3087 5214 3202 5255 noa
3244 5198 3463 5268 repetit,
3508 5197 3617 5251 iaso
3663 5198 3725 5250 ἐκ
3770 5191 4358 5276 ΜΒοΐιιεαιοκῆκ

2399 5288 2589 5327 vernon
2619 5271 2857 5328 leoninis
2888 5284 3083 5324 nomm
3112 5268 3373 5339 ignorare
3401 5266 3611 5333 fatetur
3642 5265 3980 5334 (quicunque
4013 5263 4234 5320 tandem
4254 5262 4360 5316 ille·

2403 5343 2479 5398 sit
2512 5341 2607 5410 qui
2640 5341 2742 5394 sub
2765 5339 2869 5393 hoc
2902 5337 3119 5394 nominc
3153 5335 3422 5392 delitescit
3452 5352 3508 5406 p.
3544 5331 3694 5401 1⁶0).

3853 5418 3945 5471 11·
