4850 6200
491 417 628 481 883

1377 597 1579 673 2³57.

977 753 1504 823 VERMILIUS
1552 752 1991 823 GALVINO.

682 928 836 1012 Aoit
866 927 943 993 de
962 926 1250 993 ecelesiae
1276 926 1655 993 Gallicanae
1675 923 2224 1009 Aryentoratensis
2256 921 2464 1003 rebus,

502 1015 696 1096 deque
735 1033 806 1079 re
846 1013 1348 1079 sacramentaria
1400 1013 1588 1077 etiam
1631 1010 2139 1091 Franoofordiae
2178 1010 2321 1074 suis
2361 1029 2465 1075 ne-

496 1101 672 1185 yotia
708 1099 1046 1181 facessente
1058 1124 1081 1180 ,·
1123 1100 1345 1166 laudat
1372 1096 1623 1164 Oalm'mi
1655 1097 1989 1165 consilium
2023 1099 2235 1161 contra
2271 1094 2466 1161 West-

491 1185 764 1269 phabum
805 1184 1118 1251 scribendi
1161 1191 1217 1250 et
1258 1205 1419 1268 quae
1461 1186 1595 1266 ipse
1634 1183 1945 1266 polemica
1986 1182 2224 1263 scripta
2266 1182 2462 1248 medi-

501 1276 675 1337 tatur
717 1272 982 1353 exponit.

814 1443 928 1509 (Ex
963 1441 1302 1513 autographo
1337 1439 1472 1496 cod.
1511 1440 1676 1496 Goth.
1712 1438 1832 1505 404,
1871 1438 1960 1493 fol.
1995 1436 2141 1506 763.)

677 1612 1060 1680 Clarissimo
1118 1613 1263 1678 viro
1323 1613 1408 1678 D.
1466 1611 1752 1677 Iohanni
1811 1611 2091 1678 Calvino
2153 1610 2463 1677 ecclesiae

505 1698 758 1767 Christi
800 1698 1106 1765 ministro
1151 1697 1611 1764 sincerissime.
1948 1782 2284 1851 Gemme-

673 1954 745 2022 S.
789 1954 876 2020 D.
948 1954 1175 2036 Quum
1230 1953 1767 2040 occupationibus
1825 1954 2030 2020 variis
2096 1974 2171 2020 ac
2229 1954 2460 2018 multi-

501 2042 782 2127 plicibus
848 2039 1322 2125 propemodum
1380 2040 1711 2117 obruaris,
1786 2061 1904 2106 cur
1958 2061 2080 2125 ego
2141 2060 2271 2104 non
2333 2041 2461 2104 sim

501 2128 711 2194 facilis
754 2126 838 2192 ad
883 2127 1324 2194 excusandam
1367 2126 1764 2193 oblivionem
1807 2127 2146 2192 literarum
2191 2127 2459 2191 mitten-

503 2214 757 2291 darum,
802 2213 860 2277 si
901 2233 1030 2296 qua
1073 2221 1149 2277 ut
1188 2214 1266 2278 fit
1308 2211 1717 2297 obrepserit?
1786 2212 1962 2280 Boni
1996 2233 2154 2295 ergo
2189 2211 2459 2278 consulo

503 2296 818 2384 quidquid
853 2297 969 2364 abs
1013 2308 1079 2364 te
1113 2300 1563 2382 proficiscitur,
1611 2320 1812 2381 quum
1857 2298 2166 2363 ecclesiae
2205 2296 2458 2363 Christi

501 2382 828 2452 iuvandae
884 2393 1080 2468 atque
1136 2382 1605 2451 instaurandae
1661 2393 1727 2449 te
1783 2392 2100 2469 perpetuo
2157 2383 2458 2450 laborare

498 2493 635 2537 non
692 2473 1009 2553 ignorem.
1097 2471 1245 2537 Hoc
1304 2479 1527 2536 tamen
1589 2470 1757 2536 scias
1815 2471 2048 2550 velim,
2108 2469 2222 2535 diu
2264 2491 2371 2536 me
2417 2489 2459 2534 a

499 2558 584 2623 D.
627 2555 801 2623 Celso
834 2561 885 2634 ¹)
929 2566 1152 2623 nostro
1196 2557 1422 2623 literas
1460 2578 1589 2623 non
1628 2557 1972 2639 accepisse,
2017 2555 2197 2621 unde
2230 2557 2454 2634 miror,

499 2644 554 2708 si
599 2663 710 2709 eas
753 2643 888 2707 tuis
931 2643 1013 2708 iis
1048 2643 1424 2710 novissimis
1468 2640 1847 2723 adiunxisti,
1891 2639 2212 2726 quomodo
2256 2641 2457 2707 simul

498 2750 631 2794 non
698 2729 831 2794 sint
894 2727 1206 2794 redditae.
1296 2731 1390 2794 At
1455 2728 1729 2794 fortasse
1793 2727 2172 2794 reddentur.
2269 2726 2458 2794 Solet

497 2816 674 2880 enim
719 2812 901 2880 haud
944 2836 1095 2879 raro
1138 2837 1263 2880 usu
1305 2815 1533 2880 venire
1577 2824 1653 2879 ut
1694 2814 1923 2880 literae
1966 2813 2291 2879 aberrent.

668 2900 800 2966 Fui
837 2900 1285 2983 superioribus
1322 2899 1550 2965 diebus
1595 2899 1676 2966 (16
1719 2909 1836 2964 tua
1869 2899 2250 2965 valetudine
2283 2899 2457 2964 mul-

497 2995 642 3052 tum
677 2986 1017 3066 sollicitus,
1062 2986 1489 3053 Othomannus
1511 2987 1751 3070 quippe
1780 2996 2003 3052 noster
2024 2986 2154 3052 huc
2178 2986 2455 3051 veniens

496 3080 564 3139 te
621 3072 911 3159 graviter
967 3072 1264 3140 laborare
1330 3071 1835 3158 significaverat.
1855 3075 1914 3155 2)
2016 3071 2254 3138 Gratia
2310 3070 2455 3137 Deo

495 3160 614 3244 qui
658 3181 792 3225 non
826 3158 1020 3225 modo
1064 3167 1128 3224 te
1172 3160 1480 3238 restituit,
1525 3159 1641 3225 sed
1677 3159 1878 3225 etiam
1913 3158 2108 3225 rebus
2143 3158 2456 3225 ecclesiae

498 3253 757 3314 vestrae
801 3267 875 3312 ac
919 3244 1321 3329 reipublicae
1364 3244 1676 3330 dignatur
1718 3245 1964 3311 adesse.
2045 3244 2220 3311 Mihi
2262 3265 2456 3329 porro

495 3333 626 3398 ista
688 3339 849 3396 sunt
912 3331 1274 3416 evangelia.
1362 3331 1428 3396 N
1430 3353 1538 3396 am
1594 3331 1675 3397 ob
1733 3331 2118 3397 afflictiones
2174 3338 2456 3409 vestras,

497 3439 704 3502 quum
749 3416 1103 3502 aliquando
1136 3439 1256 3483 vos
1289 3426 1618 3501 premunt,
1661 3417 1802 3501 ipse
1836 3437 1966 3501 quo
2011 3437 2093 3482 ue
2127 3437 2262 3483 non
2304 3437 2457 3502 pos-

495 3525 649 3571 sum
712 3523 848 3569 non
915 3504 1213 3588 graviter
1275 3504 1399 3570 uri.
1510 3503 1663 3569 Non
1727 3503 1906 3569 enim
1962 3438 2202 3570 desunt
2266 3502 2460 3587 impii

500 3590 615 3674 qui
631 3640 650 3671 ,
725 3588 883 3654 dum
948 3598 1323 3656 sanctorum
1387 3589 1638 3674 aliquas
1702 3590 2098 3658 tentationes
2163 3589 2458 3669 audiunt,

499 3697 667 3760 euge
723 3695 889 3760 euge
945 3674 1122 3742 illico
1177 3675 1568 3743 exclamant.
1656 3674 2058 3742 Benedictus
2101 3676 2285 3741 Deus
2344 3675 2460 3759 qui

499 3769 691 3913 gater
747 3770 850 3826 est
905 3762 1368 3827 consolationis
1423 3771 1491 3826 et
1546 3761 1620 3826 in
1678 3762 2280 3847 opportunitatibus
2324 3782 2459 3826 non

547 3853 705 3914 eest.

671 3931 777 3999 De
821 3931 1218 3998 nostratium
1260 3931 1569 3999 ecclesiae
1614 3940 1970 4016 augmento
2015 3942 2083 3998 et
2131 3932 2462 4017 spirituali

501 4018 938 4104 prosperitate
963 4016 1021 4104 ⁸)
1085 4018 1360 4084 mirifice
1425 4016 1699 4103 gaudeo.
1787 4019 2002 4098 Deus,
2070 4020 2184 4103 qui
2248 4019 2463 4103 coepit

499 4126 666 4189 epus
709 4104 975 4183 bonum,
1020 4103 1104 4169 ad
1148 4104 1350 4169 finem
1393 4125 1599 4187 usque
1642 4105 1960 4170 fortunet:
2016 4105 2190 4188 quod
2232 4106 2463 4188 utique

502 4192 640 4259 fore
681 4211 817 4256 non
860 4188 1106 4257 dubito.
1180 4189 1362 4271 Quos
1405 4192 1582 4257 enim
1629 4212 1714 4255 ex
1758 4199 1984 4257 nostra
2024 4199 2221 4276 gente
2265 4191 2463 4258 isthic

502 4277 759 4343 habetis
805 4276 1007 4359 probe
1051 4277 1228 4343 novi.
1306 4276 1666 4361 Negotium
1695 4274 1967 4355 Christi,
2012 4277 2212 4343 etiam
2256 4299 2463 4361 quum

506 4373 732 4430 essent
773 4361 844 4428 in
887 4361 1264 4448 Babylone,
1321 4363 1491 4429 serio
1535 4360 1716 4429 cordi
1750 4363 2144 4429 habuerunt.
2235 4364 2462 4446 Quare

505 4470 714 4526 nunc,
772 4448 1032 4531 quando
1075 4469 1195 4531 pro
1235 4458 1387 4514 voto
1443 4448 1599 4514 licet
1653 4447 1749 4514 eis
1790 4447 1945 4514 fidei
2001 4471 2160 4516 suae
2202 4451 2463 4517 fructus

622 4556 730 4600 am
772 4554 1092 4612 exserere,
1139 4533 1287 4599 illos
1320 4534 1642 4600 vocationi
1685 4542 1818 4599 tam
1866 4547 2129 4602 sanctae
2171 4557 2308 4602 non
2349 4538 2464 4602 de-

581 4632 766 4686 turos
825 4619 1400 4703 persuasissimum
1459 4620 1682 4685 habeo.
1769 4619 2014 4688 Nostra
2057 4644 2213 4689 vero
2256 4623 2463 4690 eccle-

506 4706 687 4785 siola,
769 4725 921 4770 uam
957 4715 1178 4771 tamen
1214 4714 1283 4770 et
1314 4706 1822 4789 frequentiorem
1859 4719 1925 4773 et
1946 4708 2464 4776 numerosiorem

509 4793 705 4859 solito
797 4792 1095 4870 abemus,
1141 4791 1239 4856 uti
1276 4791 1556 4870 divinas,
1600 4793 1818 4876 potius
1862 4805 1962 4859 est
2005 4794 2233 4861 sedata
2266 4816 2464 4879 quam

507 4877 881 4962 tranquilla.
950 4876 1098 4942 Non
1143 4877 1406 4960 quidem
1451 4877 1665 4944 adhuc
1710 4881 1994 4945 excitata
2036 4889 2136 4946 est
2175 4882 2462 4960 flamma,

512 5134 695 5191 2857.
726 5135 779 5203 l)
816 5134 1190 5205 Marfinmqo,
1223 5132 1926 5218 Italorumnffenevenqo'um
1959 5136 2230 5192 ministro.

718 5204 779 5270 2)
821 5203 893 5259 N.
928 5202 1083 5258 2309.
1117 5204 1826 5339 fflffiorgssmlffalw
1859 5205 2055 5274 hospes
2088 5211 2210 5261 erat
2241 5211 2293 5261 et
2325 5221 2466 5261 con-

507 5282 672 5344 pater
702 5274 907 5410 ἰῧαῗιΐο
921 5277 1213 5397 θῖἓαῑοειιηι
1249 5313 1554 5398 &edenenas
1585 5349 1738 5399 coetu
1769 5343 2023 5412 loquitur.

1953 407 2482 477 EPIS'POLAE
2527 410 2950 474 2357—2357
2976 408 3077 475 bis

4388 414 4507 478 884

2565 594 2678 662 sed
2740 605 2963 662 tamen
3018 597 3340 663 scintillae
3398 597 3772 680 frequenter
3830 597 4287 673 excutiuntur,
4351 619 4507 680 quae

2564 683 2621 747 si
2666 682 3012 747 materiam
3056 683 3359 749 idoneam
3403 681 3483 746 ad
3528 683 3750 765 ignem
3786 680 4097 746 alendum
4134 682 4507 749 nanciscan-

2566 778 2710 847 tur,
2790 768 3168 835 incendium
3232 770 3361 834 erit
3425 768 3621 852 longe
3686 769 3901 833 maius
3965 787 4161 850 quam
4226 788 4506 853 unquam

2564 853 2781 931 fuerit,
2842 876 3054 937 neque
3108 854 3372 921 aliunde
3429 853 3795 919 timendum
3838 862 3939 918 est
3981 854 4113 917 nisi
4157 854 4238 919 ab
4281 854 4508 921 iisdem

2564 942 2678 1023 qui
2720 940 3098 1023 tragoediae
3143 941 3599 1007 Garnerianae
3642 939 3910 1023 choragi
3955 939 4241 1005 fuerunt.
4328 941 4512 1005 Prin-

2563 1027 2775 1109 cipem
2811 1027 3156 1092 turbarum
3182 1031 3239 1106 ⁴)
3274 1030 3334 1091 ἐν
3361 1030 3764 1111 πρεσβπερίῳ
3808 1046 3952 1091 esse
3985 1026 4215 1090 mirari
4257 1026 4506 1093 desine:

2563 1132 2699 1177 non
2758 1113 2936 1177 enim
2999 1113 3125 1178 fuit
3178 1122 3511 1197 χειροτονία
3575 1114 3907 1178 seniorum
3964 1126 4278 1177 consueto
4334 1133 4510 1179 more

2563 1197 2808 1277 habita,
2888 1197 3003 1264 sed
3083 1200 3350 1265 nomine
3416 1200 3843 1281 magistratus
3921 1198 4285 1264 renunciati
4361 1205 4510 1264 sunt

2564 1284 2878 1363 seniores,
2926 1285 3008 1350 ad
3044 1286 3387 1350 arbitrium
3424 1282 3999 1367 (quemadmodum
4035 1303 4154 1366 per
4189 1292 4257 1348 te
4300 1284 4513 1367 ipsum

2563 1371 2731 1436 scire
2774 1374 2989 1454 potes)
3032 1371 3232 1437 unius
3276 1379 3394 1437 aut
3436 1370 3726 1436 alterius.
3817 1368 4010 1436 Onus
4047 1390 4169 1453 ego
4212 1391 4361 1435 sum
4404 1370 4514 1437 de-

2563 1465 2885 1539 precatus,
2965 1466 3167 1540 utque
3231 1456 3538 1522 videbam
3615 1455 3822 1522 facilis
3887 1465 4032 1520 erat
4105 1457 4508 1540 impetratio:

2562 1543 2847 1624 pastoris
2893 1552 3112 1608 tamen
3148 1543 3531 1629 cumprimis
3575 1552 3644 1607 et
3686 1541 3964 1606 aliorum
4008 1540 4326 1606 bonorum
4367 1564 4512 1625 pre-

2562 1626 2746 1694 cibus
2789 1649 2895 1693 me
2937 1629 3117 1695 vinci
3173 1651 3319 1694 sum
3377 1649 3631 1712 passus.
3650 1631 3709 1705 ⁶)
3792 1627 3989 1694 Unde
4034 1649 4234 1711 quum
4289 1629 4359 1692 in
4403 1628 4514 1694 illo

2561 1735 2754 1798 agam
2814 1713 3042 1779 ordine
3100 1716 3322 1797 potius
3380 1714 3657 1781 aliorum
3714 1735 3915 1779 suasu
3973 1723 4168 1797 atque
4224 1713 4514 1797 impulsu

2564 1820 2762 1883 quam
2807 1821 2955 1865 mea
2995 1800 3206 1883 ipsius
3250 1802 3622 1876 voluntate,
3682 1821 3800 1884 pro
3844 1799 4099 1867 viribus
4141 1799 4512 1884 advigilabo

2562 1907 2648 1951 ne
2691 1886 2847 1969 quid
2890 1896 3142 1952 temere
3183 1887 3257 1951 in
3302 1888 3574 1954 ecclesia
3615 1886 3941 1951 turbetur.

2736 1970 2889 2052 Quo
2929 1993 3083 2037 vero
3119 1971 3202 2038 ad
3237 1994 3379 2038 rem
3413 1974 4014 2051 sacramentariam,
4051 1980 4126 2037 ut
4159 1971 4241 2037 de
4277 1991 4515 2037 causae

2562 2066 2825 2123 nostrae
2885 2057 3177 2124 bonitate
3230 2059 3509 2138 confido,
3567 2060 3661 2123 ita
3718 2057 3799 2122 de
3843 2057 4184 2124 Saxonum
4229 2058 4516 2123 obstina-

2561 2144 2741 2210 tione
2798 2151 2867 2210 et
2930 2146 3294 2227 pervicacia
3357 2145 3648 2229 despero.
3754 2144 3935 2225 Quin
3999 2154 4066 2208 et
4117 2144 4516 2209 Francofor-

2562 2228 2821 2295 dienses
2862 2232 3227 2309 ministros,
3288 2230 3660 2296 Germanos
3703 2232 4000 2313 inquam,
4060 2230 4251 2294 audio
4294 2230 4517 2295 nescio

2560 2315 2720 2399 quid
2775 2316 2847 2380 in
2902 2317 3402 2400 peregrinorum
3462 2316 3800 2394 ecclesias,
3860 2337 4026 2398 quae
4083 2315 4170 2380 ibi
4215 2323 4517 2380 nostram

2561 2404 2953 2484 profitentur
2997 2405 3411 2481 sententiam,
3470 2403 3706 2467 moliri.
3735 2406 3785 2485 ὅ)
3876 2401 4193 2484 Suspicor
4237 2415 4514 2482 nostros,

2560 2487 2644 2553 D.
2670 2509 2713 2553 a
2735 2488 2938 2554 Lasco
2981 2499 3227 2565 autore,
3276 2488 3560 2555 voluisse
3603 2510 3754 2555 cum
3791 2488 4147 2554 Germanis
4191 2486 4275 2553 de
4320 2508 4519 2554 causa

2558 2574 2688 2638 ista
2741 2575 2944 2639 fretos
2988 2577 3268 2640 veritate
3313 2574 3561 2658 aliquid
3606 2596 3833 2659 agere:
3893 2574 4004 2639 sed
4051 2575 4356 2639 nesciunt
4401 2574 4518 2638 ho-

2560 2681 2713 2725 rum
2769 2660 3116 2726 hominum
3174 2662 3513 2745 ingenium
3557 2663 3667 2744 qui
3727 2662 4010 2744 seposita
4067 2660 4519 2742 disputatione

2561 2746 2767 2811 solida
2826 2747 3140 2813 conviciis
3193 2759 3403 2832 agunt
3456 2759 3523 2811 et
3580 2748 3910 2831 principes
3968 2768 4043 2813 ac
4086 2747 4519 2828 magistratus

2560 2833 2628 2896 in
2666 2852 2786 2898 nos
2821 2832 3194 2899 clanculum
3236 2833 3613 2898 incendunt.
3684 2833 4127 2914 Quamobrem
4168 2832 4518 2897 consilium

2561 2925 2752 2983 tuum
2794 2919 3013 3002 potius
3055 2919 3284 2998 laudo,
3338 2921 3449 3002 qui
3493 2941 3608 3003 spe
3651 2918 3955 3002 colloquii
3999 2917 4363 2984 amicabilis
4411 2917 4521 2982 de-

2560 3004 2775 3088 posita
2834 3014 2902 3071 et
2962 3007 3431 3090 compositione
3495 3005 3677 3071 omni
3751 3004 4075 3089 aequabili
4149 3003 4521 3088 desperata,

2562 3090 2714 3157 stilo
2771 3091 3108 3175 firmisque
3163 3092 3558 3172 rationibus,
3625 3091 3859 3175 quibus
3915 3091 4116 3157 armis
4169 3091 4361 3157 Deus
4416 3110 4521 3155 me

2560 3177 2775 3242 iudice
2819 3190 2885 3243 te
2928 3178 3180 3243 affatim
3238 3180 3577 3256 instruxit,
3636 3178 3960 3261 Vesfalum
4002 3197 4155 3242 cum
4199 3177 4413 3261 impia
4456 3181 4524 3239 et

2561 3274 2936 3348 portentosa
2969 3263 3233 3329 illorum
3256 3265 3616 3348 ubiquitate
3644 3265 4007 3347 susceperis
4030 3262 4519 3329 debellandum.

2558 3351 2886 3415 Fortunet
2928 3349 3116 3415 Deus
3174 3361 3447 3418 conatus
3490 3361 3560 3416 et
3612 3351 3936 3417 fructibus
3980 3349 4384 3433 exspectatis
4427 3348 4525 3413 la-

2557 3434 2749 3502 bores
2792 3443 2945 3501 tuos
2988 3457 3125 3501 non
3166 3437 3455 3503 frustret.

2728 3522 2874 3606 Ego
2930 3543 3086 3588 vero
3152 3523 3305 3606 quia
3369 3533 3434 3588 te
3491 3522 3681 3589 video
3746 3522 4015 3587 avidum
4080 3519 4529 3606 cognoscendi

2559 3606 2715 3691 quid
2760 3629 2983 3692 agam,
3038 3608 3283 3674 librum
3328 3608 3410 3675 de
3456 3609 3630 3675 votis
3683 3607 4021 3686 adornavi,
4043 3612 4099 3684 ⁷)
4144 3629 4276 3690 quo
4322 3606 4525 3672 rabu-

2528 3694 2663 3760 lae
2707 3694 2967 3759 cuidam
3006 3696 3226 3780 Anglo
3270 3694 3356 3760 D.
3408 3694 3720 3761 Smithaeo
3760 3694 4140 3777 respondeo.
4208 3691 4353 3759 Sed
4390 3712 4527 3757 non

2558 3788 2720 3863 puto
2763 3778 3003 3845 librum
3042 3781 3363 3865 proximis
3402 3781 3719 3846 nundinis
3755 3782 4105 3858 exiturum,
4152 3781 4312 3863 quia
4356 3791 4527 3843 tem-

2560 3887 2712 3949 pus,
2757 3876 2837 3930 ut
2881 3866 3100 3944 video,
3155 3889 3287 3932 non
3333 3868 3601 3948 sufficit,
3662 3865 3895 3932 deinde
3939 3887 4080 3931 rem
4121 3865 4276 3949 plus
4322 3883 4526 3949 quam

2562 3961 2859 4036 oporteat
2900 3973 3036 4018 non
3081 3974 3300 4037 urgeo.
3382 3954 3578 4019 Nunc
3621 3967 3840 4018 autem
3886 3971 4311 4035 susceperam
4377 3950 4530 4015 Vin·

2561 4039 2875 4104 thoniensi
2937 4057 3307 4119 occurrere,
3328 4041 3387 4119 8)
3454 4059 3531 4104 ac
3595 4040 3736 4105 eius
3800 4037 4043 4104 librum
4106 4039 4233 4102 ista
4304 4036 4389 4102 de
4455 4055 4527 4100 re

2767 4241 2832 4308 4)
2867 4239 3087 4298 Nomen
3122 4245 3433 4299 coniectura
3468 4250 3685 4299 tantum
3703 4243 3935 4312 prodere
3965 4257 4259 4311 possumus
4286 4239 4531 4295 Antonii

2569 4312 2804 4376 Oohelet,
2848 4319 3043 4368 contra
3088 4328 3241 4382 quem
3285 4314 3399 4368 iam
3440 4313 3775 4377 Gar-uerius,
3822 4328 3989 4382 quum
4036 4312 4266 4366 diaconi
4300 4325 4531 4364 munere

2560 4382 2728 4452 fuum·
2758 4381 2912 4436 vellet
2961 4389 3437 4438 remonstraverat.
3511 4382 3704 4451 (Dior.
3742 4382 3926 4438 Marb.
3967 4381 4044 4436 ad
4077 4380 4129 4435 ὃ.
4175 4377 4295 4436 Oct.
4336 4379 4457 4444 53.)

2770 4449 2827 4514 5)
2863 4422 3053 4504 L‘eiam
3091 4450 3386 4506 Sleidanus
3418 4457 3701 4520 cooptatus
3733 4457 3828 4506 est.
4425 4517 4435 4528 ¹

2772 4517 2831 4584 6)
2870 4518 3119 4600 Beyerus
3152 4536 3196 4575 c.
3231 4519 3448 4589 eonem-s
3493 4521 3557 4575 id
3601 4520 3838 4590 aqebant
3869 4524 3931 4573 ut
3951 4518 4251 4653 ἔσῗρνίπέ
4288 4516 4532 4598 aimme-

2563 4593 2754 4643 rentur
2787 4593 2973 4657 utpote
3003 4606 3066 4643 m
3101 4590 3334 4644 articulo
3368 4590 3435 4644 de
3468 4603 3638 4644 coena
3674 4590 3743 4644 ab
3779 4589 3924 4657 Auo.
3995 4604 4063 4642 οη
4095 4626 4110 4640 .
4148 4587 4534 4640 deense-entes.

2563 4656 2860 4712 Addebam
2900 4657 3028 4710 dass
3075 4658 3165 4712 die
3210 4659 3476 4712 Fremden
3523 4658 3735 4713 sowohl
3777 4673 4063 4727 gemeyner
4110 4652 4535 4724 Burgersehafflz

2562 4726 2674 4779 vnd
2727 4724 2865 4779 auch
2919 4727 3025 4780 den
3078 4726 3486 4782 Kaufl'hendcln
3538 4728 3596 4780 in
3642 4728 3859 4781 Messon
3914 4724 4303 4789 nachtheylieh
4360 4724 4532 4776 scien.

2566 4795 2880 4915 (Ζαεοήνιῖι
2930 4811 3007 4849 an
3058 4795 3163 4849 den
3214 4796 3367 4852 Rath
3415 4795 3502 4852 29.
3543 4795 3659 4851 Oct.
3707 4796 3827 4851 und
3873 4794 3922 4848 7.
3961 4794 4105 4850 Nov.
4191 4792 4368 4859 Frkl.
4410 4791 4533 4845 Bel.

2564 4862 2774 4917 Hamil.
2856 4902 2867 4915 .
2907 4863 3046 4917 Beil.
3082 4863 3132 4929 5,
3166 4881 3221 4933 p.
3261 4864 3309 4933 7,
3344 4871 3395 4922 et
3429 4865 3571 4922 Beil.
3606 4864 3656 4934 6,
3686 4882 3747 4935 p.
3783 4864 3832 4919 9.
3904 4863 4207 4918 Fresenius
4248 4862 4396 4918 KG.
4433 4860 4535 4916 der

2565 4929 2692 4999 Ref.
2726 4933 2787 4986 in
2817 4930 2982 4999 Frlcf.
3008 4949 3068 5001 p.
3093 4931 3177 4988 86.
3211 4932 3326 5002 93.)
3392 4933 3608 4990 Ansam
3638 4933 3891 5003 praebuit
3926 4932 4102 4988 Lam·
4132 4931 4274 4988 liber
4310 4937 4367 4986 et
4399 4929 4536 4984 alte·

2561 5002 2685 5056 rius
2717 5000 2905 5070 templi
2936 5000 3284 5057 desiderium.

2771 5069 2826 5133 ⁷)
2860 5069 3116 5125 Defensio
3151 5071 3221 5124 ad
3256 5072 3322 5125 B.
3359 5070 3639 5141 Smythaei
3686 5072 3822 5126 dues
3867 5072 4082 5125 libellos
4128 5070 4196 5123 de
4246 5069 4536 5123 coelibatu

2567 5139 2911 5194 sacerdotum
2947 5145 3005 5193 et
3048 5141 3192 5195 votis
3226 5141 3556 5194 monasticis.
3602 5140 3768 5194 Basil.
3806 5141 4003 5194 Perna.
4043 5138 4189 5193 1559.
4238 5138 4295 5191 8.
4378 5137 4537 5191 Coro

2567 5208 2809 5263 dicatum
2843 5213 2894 5262 et
2916 5214 2977 5263 ut
3012 5209 3165 5263 vides
3195 5223 3320 5264 sero
3342 5209 3551 5263 dmum
3587 5209 3806 5266 editum.
3860 5208 4136 5274 (Schmidt
4170 5207 4356 5261 Verm.
4377 5203 4535 5268 228.)

2772 5276 2829 5344 8)
2866 5278 3121 5332 Defensio
3140 5278 3420 5332 doctrinae
3438 5279 3641 5333 veteris
3675 5280 3744 5333 de
3777 5284 4124 5333 sacrosancto
4158 5278 4539 5330 eucharistiae

2569 5352 2909 5404 sacramento
2946 5348 3069 5400 adv.
3093 5347 3282 5418 Steph.
3312 5347 3702 5403 Gardinerum.
3723 5348 3844 5418 Tig.
3884 5348 4175 5403 Froschov.
4195 5345 4399 5412 (1559)
4440 5347 4534 5399 sol.
