4850 6200
313 444 420 509 2ss

370 628 486 684 Heu
523 626 722 698 quibus
755 627 890 681 haec
922 628 1063 683 odiis
1099 629 1278 684 moliri
1311 628 1573 697 incendia,
1610 631 1768 686 siccis

457 697 471 710 ⁰
506 697 675 751 oculis
709 705 956 820 spectare
989 697 1224 752 hominis
1257 698 1570 769 luctumque
1602 703 1941 771 necemque?

472 765 510 821 h
546 766 726 847 pudor
788 767 1025 821 aeternis
1058 767 1262 821 factum
1297 784 1330 822 o
1364 770 1722 825 memorabile
1753 769 1971 825 saeclis!

367 836 478 902 Quo
514 842 691 905 pietas
726 836 945 890 deserta
977 836 1131 905 abiit,
1165 837 1492 891 coelestibus
1531 855 1642 892 una

364 905 541 974 Digna
573 905 788 972 animis,
821 914 986 974 atque
1019 923 1129 960 una
1164 906 1285 960 unis
1321 909 1561 976 optanda
1594 909 1840 963 renatis?

497 1059 660 1113 Nunc
828 1060 1107 1113 vobiscum
1143 1059 1293 1114 effari
1328 1070 1494 1130 atque
1530 1062 1818 1129 exquirere
1854 1079 2041 1117 causas

365 1127 474 1182 lan
509 1129 674 1182 liceat
815 1130 852 1195 i,
887 1129 1166 1198 iustasque
1201 1129 1389 1183 audire
1424 1130 1688 1200 querelas.

368 1197 526 1251 Nulla
560 1204 745 1251 tamen
783 1213 879 1250 vos
914 1199 1167 1267 suspicio,
1203 1198 1351 1251 nulla
1387 1199 1590 1252 excitet
1625 1200 1723 1266 ira,

364 1266 515 1320 Neve
549 1283 742 1319 manus
776 1266 982 1333 pudeat
1015 1276 1172 1320 tanto
1209 1267 1340 1319 dare
1376 1268 1601 1322 crimine
1637 1269 1824 1322 victas.

363 1334 477 1390 Nos
511 1336 678 1389 etiam
713 1338 938 1403 natique
975 1336 1075 1389 Dei
1113 1336 1422 1405 Christique
1456 1337 1684 1391 clientes

364 1405 469 1458 Hic
501 1421 704 1469 sumus,
737 1414 796 1456 et
831 1412 1072 1457 nostram
1107 1404 1284 1457 fecere
1392 1405 1561 1458 ricula
1596 1410 1803 1459 certam

363 1473 536 1527 Multa
565 1472 747 1536 fidem,
783 1472 1128 1542 Ausoniaque
1163 1474 1287 1527 ideo
1321 1422 1648 1527 ggcessimus
1682 1473 1860 1544 ora,⁸)

364 1543 616 1611 Amplexi
651 1541 917 1606 exsilium,
953 1543 1262 1612 ignotisque
1296 1542 1606 1596 habitamus
1645 1544 1699 1597 in
1736 1543 1901 1609 arvis,

361 1611 666 1680 Paupertas
701 1610 898 1680 quibus
932 1628 1041 1663 una
1076 1627 1276 1677 comes,
1315 1613 1511 1681 quibus
1546 1629 1738 1681 aspera
1772 1613 1920 1666 cultu

363 1680 466 1734 Est
499 1679 681 1743 facies,
719 1680 916 1748 quibus
950 1680 1092 1733 haud
1129 1682 1297 1734 certis
1332 1682 1467 1735 dant
1500 1681 1645 1735 facta
1679 1682 1872 1735 diebus

363 1749 564 1813 Verba,
599 1748 697 1803 sed
732 1748 935 1801 assidui
969 1749 1125 1802 fessis
1159 1750 1419 1804 alimenta
1453 1749 1681 1803 labores.

357 1817 485 1940 {gil
508 1817 864 1883 evangelium,
899 1817 946 1870 si
984 1818 1200 1888 quando
1234 1820 1378 1872 conti
1423 1820 1464 1871 ’t
1499 1836 1740 1888 usquam,

486 1886 522 1938 d
559 1887 740 1954 pretio
773 1886 980 1939 inducti
1017 1888 1192 1955 pactis
1232 1903 1299 1940 ue
1440 1888 1720 1941 commoda
1755 1888 1917 1941 rebus

361 1956 678 2019 Attulimus,
716 1955 865 2009 vitae
900 1955 998 2008 sed
1032 1973 1133 2025 per
1167 1956 1481 2010 discrimina
1515 1965 1661 2023 nota,

359 2023 594 2094 Ingressi
632 2039 740 2093 quo
774 2040 969 2077 numen
1005 2027 1136 2093 agit,
1173 2041 1281 2094 quo
1316 2025 1515 2079 blanda
1556 2027 1802 2080 volentes

361 2092 400 2146 S
535 2100 713 2158 vocat,
750 2093 1009 2147 adversos
1043 2112 1240 2163 magna
1276 2096 1330 2147 vi
1365 2096 1656 2149 stravimus
1691 2095 1892 2161 hostes,

472 2179 608 2232 quos
641 2162 756 2214 fata
788 2162 1006 2231 dabant,
1042 2180 1179 2233 quos
1212 2163 1439 2233 spiritus
1473 2164 1620 2217 intus
1653 2164 1870 2233 agebat,

363 2231 644 2285 Iunximus
680 2238 899 2300 ereptos
933 2230 1167 2286 Satanae
1202 2249 1345 2287 nova
1377 2239 1602 2302 pectora
1635 2233 1869 2289 Christo.

497 2386 565 2439 In
599 2385 806 2438 facinus
840 2402 980 2454 quae
1014 2401 1175 2439 causa
1209 2386 1395 2447 trahit,
1430 2403 1638 2454 precor,
1677 2387 1824 2441 edite
1860 2394 2031 2453 vates,

361 2454 859 2535 Christicolumque
894 2455 1088 2509 duces!
1163 2456 1519 2509 Servetumne
1553 2457 1752 2525 impius
1787 2474 1946 2513 error

357 2523 462 2577 Ille
495 2539 625 2578 suus
661 2530 915 2576 meritum
951 2524 1179 2577 flammis
1213 2526 1497 2578 ultricibus
1531 2526 1747 2579 aufert?

358 2594 444 2645 Διι
485 2600 697 2646 vestras
731 2592 878 2645 acuit
913 2608 1071 2645 curas
1107 2599 1283 2646 metus
1319 2594 1568 2663 impiger,
1605 2610 1760 2647 error

357 2661 444 2714 Ne
483 2662 594 2714 late
628 2677 854 2729 serpens
887 2662 1135 2729 specioso
1171 2663 1386 2715 nomine
1422 2662 1619 2716 fratres

360 2730 407 2784 E
442 2730 627 2784 medio
661 2730 907 2783 incautos
943 2736 1165 2799 raperet
1198 2733 1509 2799 sanctisque
1545 2738 1768 2801 pararet

357 2798 623 2854 Ooetibua
657 2799 914 2853 invidiam
949 2800 1272 2869 turbamque
1306 2817 1622 2869 moramque
1661 2804 1996 2873 necemque?

499 2951 652 3005 Inter
685 2951 1035 3007 Christicolae
1069 2952 1258 3007 habuit
1292 2956 1340 3007 si
1375 2970 1571 3008 nomen
1608 2962 1667 3008 et
1701 2972 1829 3009 usus

357 3019 792 3104 Servantemque
828 3022 977 3075 nefas
1011 3022 1358 3092 stygiumque
1393 3023 1449 3076 in
1483 3023 1646 3077 corde
1683 3041 1950 3081 venenum

357 3087 410 3144 Is
433 3107 667 3145 numero
702 3109 811 3144 iam
847 3091 1016 3145 frater
1051 3098 1184 3158 erat,
1221 3109 1329 3147 non
1365 3108 1583 3146 carcere
1619 3110 1778 3148 caeco

355 3157 570 3213 Includi
607 3160 849 3230 dirisque
883 3162 1016 3242 peti²
1052 3178 1160 3215 non
1196 3162 1411 3230 ignibus
1445 3163 1530 3215 uri

357 3226 668 3283 Debuerat:
705 3229 802 3282 sed
838 3230 885 3282 si
921 3246 1042 3300 quis
1078 3247 1247 3298 amor,
1282 3230 1329 3284 si
1367 3231 1575 3285 viscera
1609 3230 1824 3299 Christi,

360 3296 417 3350 Bi
455 3314 568 3366 qna
601 3297 706 3350 ruit
739 3315 892 3352 mens
927 3298 1169 3352 aetherei
1205 3316 1502 3369 sensusque
1577 3303 1798 3369 arentis,

353 3365 494 3420 'l'um
530 3367 615 3419 lac
684 3367 786 3420 mis
820 3367 931 3421 late
967 3371 1194 3421 fratrum
1232 3370 1487 3436 luctuque
1560 3370 1804 3425 olentum

357 3433 627 3505 Excipien
667 3452 730 3488 us
767 3443 902 3501 erat,
937 3438 1256 3507 nocteisque
1292 3438 1516 3507 diesque
1555 3439 1854 3494 vacandum

353 3502 496 3557 'rum
530 3505 802 3574 precibus,
838 3505 1197 3575 Christusque
1232 3507 1486 3576 Deusque
1521 3507 1577 3561 in
1614 3517 1740 3562 vota
1774 3509 2063 3577 vocandus,

355 3572 476 3638 Quo
509 3574 680 3627 miser
714 3590 954 3628 errorem
991 3592 1057 3627 ex
1095 3575 1288 3629 animis
1325 3576 1578 3644 virusque
1613 3578 1907 3647 malignum

357 3640 673 3710 nvomeret,
710 3643 987 3712 mentique
1023 3660 1152 3698 suae
1188 3651 1517 3715 optataeque
1553 3645 1716 3701 saluti

357 3707 630 3765 &dditus
665 3711 888 3766 afferret
923 3713 1190 3767 moerenti
1226 3713 1425 3783 gandia
1457 3719 1633 3770 coetu.

497 3866 612 3919 Ceu
650 3881 810 3935 quem
847 3871 1122 3921 tartareus
1156 3868 1337 3922 subito
1373 3869 1450 3921 nil
1486 3868 1596 3921 tale
1630 3874 1931 3939 putantem.

353 3931 601 4003 Spiritus
637 3934 877 4005 abripuit
909 3936 1276 4007 miserumque
1312 3937 1417 3990 huc
1452 3943 1636 3990 versat
1670 3943 1728 3991 et
1763 3939 1906 4005 illuc,

355 4002 469 4056 Aut
505 4005 554 4058 si
592 4019 756 4073 quem
791 4006 1043 4059 morbose
1076 4006 1193 4058 lues
1228 4021 1558 4074 aegrumque
1592 4005 1788 4076 fatigat

355 4069 555 4128 Febris
592 4088 774 4142 agens,
813 4079 1156 4142 mentemque
1192 4074 1385 4128 adimit
1419 4090 1745 4156 sensumque
1783 4081 2025 4144 veterno,

611 4158 678 4196 ae
714 4142 940 4211 pictatis
975 4160 1139 4212 egens
1174 4147 1474 4212 morboque
1509 4144 1680 4196 levari

353 4208 581 4276 Debuit,
617 4226 682 4263 ac
715 4210 871 4264 reddi
908 4212 1080 4266 eiecto
1117 4213 1222 4265 sibi
1255 4214 1418 4266 corde
1454 4212 1652 4276 furore,

355 4278 451 4332 Sic
485 4279 671 4333 decuit
707 4287 875 4344 vates,
911 4281 1184 4334 imitantia
1218 4292 1444 4350 pectora
1478 4282 1769 4341 Christum,

353 4345 561 4402 offleii·
593 4353 809 4402 certare
843 4350 949 4419 piis
983 4351 1296 4419 nullumque
1332 4352 1518 4420 sopori

354 4415 534 4470 Nocte
569 4416 769 4487 dieque
803 4417 995 4482 locum,
1033 4419 1347 4488 nullumque
1382 4420 1690 4487 relinquere
1726 4419 1944 4475 mensis.

355 4483 450 4540 Sic
486 4493 706 4540 vestrae
741 4485 864 4539 fldei
901 4487 1062 4556 ratio,
1098 4489 1177 4540 sic
1209 4488 1396 4541 fratris
1431 4487 1683 4541 habenda

352 4553 500 4608 Oura
531 4555 653 4612 ruit.
692 4553 922 4609 Satanas
958 4573 1119 4625 quem
1154 4557 1459 4610 abduxerat
1493 4556 1710 4610 invidus
1745 4562 1884 4612 astu.

351 4620 456 4677 Eia
488 4623 687 4678 studiis
722 4639 857 4693 opus
894 4633 979 4678 est
1012 4627 1106 4679 ubi
1142 4627 1251 4679 talc
1285 4625 1416 4695 quid
1453 4626 1652 4681 accidit
1686 4626 1780 4679 ulli

353 4689 695 4761 Bostratum,
731 4693 958 4747 rudibus
993 4712 1132 4764 quae
1169 4696 1328 4748 iussit
1360 4696 1609 4764 patribus
1643 4696 1772 4749 olim

351 4758 622 4826 Christus,
657 4763 1078 4833 apostolicisque
1115 4764 1264 4830 viris,
1338 4766 1495 4818 uibus
1530 4781 1639 4818 una
1671 4764 1887 4833 parenti

351 4825 495 4883 Cara
527 4847 628 4885 suo
663 4832 847 4900 proles
883 4832 1047 4885 larvis
1082 4835 1312 4886 terrenti
1351 4850 1414 4887 us
1449 4839 1573 4886 acta

347 4893 756 5021 fflffifibfflqw
791 4901 964 4966 malis,
1003 4918 1166 4969 quum
1205 4919 1314 4956 non
1347 4901 1535 4956 oblata
1569 4902 1743 4956 iuvari

457 4984 578 5022 rum
611 4968 831 5022 auxiliis
865 4970 1142 5040 tantisque
1179 4986 1456 5040 emergere
1492 4971 1669 5024 turbis

349 5032 564 5102 Posset,
599 5039 762 5107 inops
794 5038 1017 5092 tandem
1053 5040 1201 5094 tristi
1235 5057 1355 5094 cum
1394 5045 1549 5111 patre
1585 5041 1785 5094 reiecta
1820 5045 1920 5096 est.

348 5101 489 5158 Tum
525 5107 699 5161 bonus
730 5106 1085 5176 increpitans,
1121 5125 1155 5162 o
1192 5125 1287 5163 vos
1324 5109 1525 5165 ieiunia
1557 5110 1774 5176 mensis,

489 5379 549 5446 3)
583 5380 766 5438 Auctor
801 5380 1006 5439 Italion
1040 5398 1096 5439 se
1126 5383 1425 5454 proficuum

494 5462 714 5524 Osirim
743 5481 929 5538 opera.
1013 5468 1125 5526 Vol·
1164 5468 1294 5527 XV.

1969 448 2134 512 1554
2179 442 2634 515 SEPTEMB.
4183 453 4319 518 242

2421 633 2669 688 Christus
2704 632 2799 699 ait,
2833 632 2965 690 ferri
2999 634 3169 704 magis
3202 637 3330 687 ants
3362 649 3663 706 precesque
3737 636 3872 692 uicti

2420 701 2734 772 Optaudum
2770 708 2870 767 est,
2905 702 3179 757 hominem
3216 719 3379 772 quam
3412 708 3569 757 tanta
3602 705 3663 758 in
3696 721 3727 759 c
3747 706 3849 760 ade
3886 707 4138 779 relinqul.
4153 711 4206 779 ⁴)

2562 840 2621 893 Si
2654 840 2826 892 vestri
2862 856 2960 893 vos
2994 857 3123 894 cura
3155 840 3356 921 gregis,
3389 842 3438 894 si
3472 842 3650 910 gratia
3682 842 3916 899 fratrum

2420 908 2614 963 Altera
2649 909 2956 974 commovit,
2994 926 3129 977 quos
3164 910 3257 962 ille
3292 910 3571 963 erroribus
3607 918 3730 966 atro

2422 977 2533 1031 Ore
2565 977 2854 1042 infecisset,
2891 978 2980 1030 vel
3014 978 3234 1048 scriptis
3269 986 3396 1031 ante
3431 979 3645 1045 libellis,

2422 1048 2535 1100 Aut
2568 1048 2613 1099 si
2658 1046 2896 1101 venturis
2930 1046 3011 1099 ita
3045 1047 3390 1116 prospexisse
3424 1049 3644 1116 periclis

2421 1116 2525 1169 Est
2559 1115 2751 1180 visum,
2789 1123 2846 1168 et
2879 1122 3034 1168 tanta
3067 1118 3460 1170 excandescere
3496 1118 3692 1170 iustius
3726 1118 3825 1181 ira,

2419 1183 2652 1254 Decepit
2687 1184 2926 1237 studium
2961 1194 3125 1251 certe,
3163 1201 3225 1238 ac
3259 1194 3614 1255 praepostera
3648 1202 3780 1239 cura

2422 1253 2540 1306 Vos
2642 1253 2756 1322 egis
2791 1252 3049 1306 aetherei.
3124 1253 3246 1307 Non
3284 1257 3390 1306 ista
3424 1254 3683 1308 candidus
3719 1260 3839 1311 arte

2422 1321 2715 1376 Doctrinae
2752 1328 3004 1375 servatur
3038 1322 3209 1376 honos
3245 1323 3457 1375 animae
3500 1340 3567 1376 ue
3603 1326 3831 1387 piorum.

2421 1390 2545 1445 Non
2583 1391 2831 1444 Christus
2865 1392 3191 1444 monstravit
3226 1393 3369 1445 iter?
3495 1408 3564 1446 on
3602 1393 3802 1447 Paulus
3836 1393 4043 1449 eisdem

2420 1459 2680 1513 Passibus
2714 1460 2976 1513 incessit?
3046 1460 3188 1513 Hinc
3223 1461 3371 1513 servi
3406 1464 3657 1529 exempla
3694 1461 3900 1528 videre,

2419 1527 2562 1582 Hinc
2601 1528 2813 1582 Domini
2849 1536 3140 1597 praecepta
3174 1530 3314 1581 licet.
3386 1529 3529 1583 Num
3568 1538 3752 1583 vestra
3785 1531 4025 1600 putanda

2421 1596 2674 1651 Consiliis
2708 1598 2935 1650 meliora
2969 1598 3120 1650 suis?
3190 1596 3331 1650 Num
3367 1597 3487 1651 iura
3521 1599 3716 1651 libebit

2421 1664 2668 1719 Condere
2705 1672 2762 1718 et
2797 1665 2897 1718 hac
2932 1667 3133 1719 sanctis
3170 1666 3439 1719 dominari
3474 1667 3530 1720 in
3567 1668 3812 1720 coetibus
3850 1669 4011 1721 arte?

2422 1736 2737 1789 correctum
2771 1735 2939 1787 semel
2974 1741 3067 1787 aut
3103 1735 3186 1787 bis
3222 1737 3481 1804 oportuit,
3521 1736 3646 1788 inde
3685 1736 3887 1790 reverti

2424 1802 2481 1855 Si
2518 1805 2804 1872 impatiens
2840 1804 3005 1857 animi
3042 1805 3128 1857 vel
3164 1814 3360 1873 coepta
3396 1805 3704 1873 relinquere
3742 1806 3926 1871 nollet,

2421 1871 2559 1924 Tum
2596 1879 2754 1925 coetu
2789 1871 3083 1926 eiiciendus
3117 1879 3252 1937 erat,
3288 1872 3657 1941 prohibendus
3694 1878 3751 1927 et
3786 1890 3887 1928 usu

2422 1940 2820 1995 Christicolum.
2894 1941 3167 2011 Quidquid
3203 1956 3369 2010 supra
3405 1948 3503 2005 est,
3542 1942 3740 1995 iniuria
3773 1943 3919 2009 (veri

2422 2009 2480 2062 si
2519 2027 2626 2079 qua
2660 2011 2817 2077 fides)
2852 2009 3042 2064 fertur.
3114 2009 3346 2064 Satanae
3381 2010 3511 2064 dare
3547 2027 3778 2080 corpora
3813 2011 3965 2066 vobis

2421 2079 2527 2131 Fas
2562 2086 2696 2145 erat,
2734 2079 2876 2132 haud
2912 2080 3145 2132 animam
3181 2080 3435 2132 immissis
3472 2082 3818 2149 exstinguere
3852 2081 4098 2137 flammis.

2421 2148 2681 2202 Romanis
2718 2146 2853 2202 haec
2887 2147 3051 2217 digna
3085 2147 3216 2201 feris
3252 2155 3309 2201 et
3345 2149 3596 2217 turpibus
3633 2149 3773 2202 ursis

2423 2216 2663 2271 Saevitia
2697 2224 2798 2283 est,
2831 2233 2939 2270 non
2977 2217 3085 2269 ista
3118 2217 3240 2338 Biia,
3279 2233 3386 2270 non
3424 2224 3647 2286 pectora
3683 2217 3901 2272 Christo

2424 2285 2792 2340 Conveniunt:
2830 2303 2941 2339 non
2974 2286 3080 2339 ista
3166 2301 3276 2351 ens,
3313 2303 3423 2339 non
3460 2287 3673 2339 mollior
3709 2303 3937 2356 usquam

2421 2354 2460 2409 8
2503 2356 2660 2408 iritus
2697 2355 2929 2419 edocuit,
2967 2372 3073 2408 non
3107 2356 3251 2408 tanti
3288 2356 3538 2424 exempla
3572 2356 3773 2409 furoris

2423 2424 2464 2479 C
2506 2424 2671 2476 ristus
2708 2425 2763 2477 in
2800 2424 3069 2476 errauteis
3104 2424 3305 2477 mansit
3340 2423 3467 2476 dum
3506 2425 3618 2476 vita
3654 2425 3895 2492 reliquit.

2422 2492 2527 2547 Sed
2542 2491 2591 2555 ⁵)
2629 2499 2820 2546 contra
2854 2493 3109 2560 cognovit
3142 2493 3236 2544 ubi
3272 2492 3611 2560 indignantia
3647 2494 3920 2562 quondam

2422 2561 2602 2615 Corda
2635 2563 2800 2614 duum
2833 2562 3074 2614 ultriceis
3111 2562 3352 2629 petitura
3386 2578 3454 2614 ex
3491 2561 3712 2615 aethere
3748 2561 3991 2616 flammas

2421 2629 2486 2684 In
2523 2629 2770 2684 Samaras
2808 2630 3007 2682 victum
3043 2630 3222 2698 pretio
3259 2638 3542 2698 asportare
3579 2632 3848 2684 vetanteis

2422 2698 2683 2752 Protinus
2719 2698 2987 2768 increpuit
3021 2699 3273 2767 iustaque
3309 2700 3515 2751 exarsit
3549 2701 3617 2753 ab
3656 2700 3751 2765 ira,

2424 2766 2450 2819 1
2489 2783 2756 2836 narosque
2795 2783 2991 2820 vocans
3027 2768 3253 2821 comites
3290 2784 3579 2836 rerumque
3618 2768 3809 2838 suique

2470 2843 2618 2889 ertus
2656 2837 2758 2889 ait:
2799 2836 2993 2889 Vestra
3027 2852 3061 2888 o
3096 2837 3217 2904 quis
3252 2844 3477 2905 pectora
3511 2837 3735 2904 spiritus
3771 2844 3945 2905 urget,

2424 2903 2568 2958 Num
2604 2922 2754 2958 meus
2789 2921 2856 2957 an
2897 2905 3147 2973 Satanae,
3184 2914 3475 2973 tantosque
3510 2906 3569 2958 in
3604 2905 3768 2958 corde
3803 2904 4011 2960 furores

2425 2973 2681 3027 Excitat?
2752 2973 2841 3027 An
2877 2973 3115 3027 nondum
3150 2973 3324 3026 divini
3358 2989 3520 3029 sensa
3553 2974 3800 3043 magistri

2425 3042 2661 3097 Induitis
2695 3043 2861 3096 toties
2896 3042 3126 3096 moniti?
3196 3042 3314 3096 Huc
3347 3058 3447 3113 age
3485 3043 3684 3095 vertite
3718 3042 3971 3112 menteis,

2428 3113 2681 3183 Quosque
2717 3113 2869 3182 sequi
2903 3113 3131 3182 posthac
3166 3111 3357 3165 deceat
3392 3128 3489 3165 vos
3524 3112 3717 3166 discite
3755 3128 3949 3179 mores,

2427 3182 2487 3236 si
2522 3182 2660 3234 libet
2694 3198 2813 3235 esse
2848 3197 2999 3236 meos
3035 3182 3307 3251 rectisque
3345 3182 3657 3234 incumbere
3693 3182 3856 3238 votis.

2427 3250 2552 3304 Non
2588 3267 2689 3318 ego
2726 3249 3018 3320 perdendis
3050 3250 3160 3302 iam
3194 3250 3391 3303 missus
3426 3250 3497 3302 ab
3534 3251 3755 3303 aethere
3794 3250 3920 3304 veni

2427 3319 2707 3384 Gentibus,
2744 3324 2840 3372 aut
2873 3319 3031 3372 taleis
3066 3323 3380 3387 sumpturus
3415 3318 3640 3371 crimine
3676 3334 3881 3387 poenas

2436 3388 2618 3442 Ultor:
2657 3387 2752 3440 sed
2789 3404 2848 3441 re
2890 3389 3029 3441 niem
3067 3387 3282 3441 afflictis
3318 3389 3601 3456 aegrisque
3637 3388 3868 3440 salutem

2426 3457 2632 3525 Affero,
2668 3457 2881 3510 crimini
2920 3473 2983 3509 ue
3020 3457 3235 3510 veniam
3271 3457 3553 3524 lucemque
3590 3456 3847 3509 tenebris.

2425 3525 2542 3579 Has
2576 3541 2743 3589 meus,
2782 3541 2815 3579 o
2850 3525 3090 3589 comites,
3127 3530 3314 3578 servat
3349 3526 3449 3577 sub
3487 3533 3709 3594 pectore
3745 3541 3903 3578 curas

2427 3594 2677 3664 Spiritus,
2714 3595 2915 3647 auxilio
2950 3593 3161 3647 miseris
3197 3595 3498 3664 opibusque
3535 3592 3782 3647 iuvandis

2424 3664 2473 3716 A
2514 3663 2638 3728 tior,
2674 3662 2950 3732 ingenium
2988 3662 3230 3716 referens
3265 3664 3546 3732 patrisque
3586 3662 3804 3730 Deique,

2427 3731 2472 3785 11
2500 3738 2674 3785 ustrat
2709 3732 2801 3800 qui
2836 3731 2967 3792 sole,
3003 3732 3178 3801 plagis
3214 3748 3379 3800 quum
3413 3731 3588 3799 surgit
3624 3735 3754 3796 eois,

2424 3800 2696 3855 Insonteis
2730 3800 3044 3869 sonteisque
3079 3816 3194 3869 suo,
3231 3805 3290 3853 et
3323 3800 3647 3853 coelestibus
3684 3814 3844 3869 agros

2427 3869 2727 3923 Amborum
2764 3868 3053 3923 foecundat
3087 3868 3259 3939 aquis,
3296 3868 3468 3923 bonus
3503 3869 3749 3921 omnibus
3785 3867 3946 3922 idem.

2565 4006 2706 4070 Quin
2741 4006 2907 4059 etiam
2940 4012 3101 4060 coetu
3135 4005 3339 4060 eiectus
3376 4021 3483 4058 non
3518 4005 3692 4057 hostis
3728 4004 3920 4060 haberi

2426 4074 2722 4141 Debuerat,
2759 4074 2927 4128 Paulo
2961 4074 3008 4127 si
3045 4073 3177 4143 quid
3211 4073 3318 4128 iam
3353 4073 3644 4127 credimus:
3683 4089 3847 4143 aegro

2424 4142 2532 4197 Sed
2568 4151 2824 4212 tauquam
2858 4143 3016 4196 fratri
3051 4143 3286 4197 monitus
3321 4142 3615 4211 adiungere
3650 4143 3867 4195 crebros

2425 4212 2785 4280 Fundereque
2822 4211 3058 4265 inductis
3095 4213 3387 4281 vinumque
3423 4213 3708 4281 oleumque
3743 4211 3979 4265 vicissim

2426 4281 2771 4345 Vulneribus,
2807 4281 3120 4351 palmasque
3156 4280 3341 4346 leveis,
3379 4287 3435 4334 et
3471 4280 3710 4334 molliter
3744 4281 3854 4332 iras

2424 4349 2646 4404 Addere
2681 4348 3032 4404 Christicolas
3067 4350 3248 4404 decuit
3281 4352 3605 4429 coetumque
3642 4349 3946 4418 magistros.

2421 4418 2563 4473 Nam
2601 4419 2848 4489 patribus
2882 4419 3152 4475 medicina
3184 4419 3340 4471 malis
3377 4419 3572 4471 eiectio
3607 4417 3815 4498 priscis,

2422 4487 2605 4557 Aspra
2639 4487 2781 4554 licet,
2817 4503 2928 4543 non
2964 4503 3139 4558 poena
3169 4487 3290 4554 fuit,
3328 4503 3428 4541 nec
3463 4487 3724 4540 fratribus
3760 4486 3938 4556 aegris

2420 4555 2502 4610 Ut
2536 4572 2679 4610 nunc
2713 4556 3007 4626 perniciem
3042 4557 3361 4625 letaleisque
3398 4555 3582 4610 attulit
3614 4556 3740 4618 iras,

2419 4624 2535 4679 Iam
2572 4641 2702 4679 vero
2738 4641 2769 4678 e
2806 4630 3008 4693 vestro,
3042 4633 3105 4679 ut
3139 4625 3283 4678 fama
3316 4631 3416 4690 est,
3454 4624 3648 4678 eiectio
3688 4631 3846 4678 coetu

2420 4694 2587 4747 Pulsa
2622 4694 2740 4748 abit
2774 4699 2835 4748 et
2866 4695 3072 4764 repetit
3104 4701 3291 4749 coetus
3325 4694 3503 4747 invisa
3539 4694 3768 4762 priores,

2417 4763 2802 4833 Expulsaeque
2836 4765 3013 4818 locum
3049 4764 3136 4817 vel
3172 4764 3370 4818 blanda
3404 4763 3624 4816 licentia
3658 4759 3809 4814 duris

2417 4831 2594 4886 Saeva
2628 4831 2978 4901 magistratus
3012 4832 3193 4886 tenuit
3225 4832 3313 4886 vel
3350 4832 3559 4900 legibus
3593 4829 3677 4883 ira

2417 4901 2678 4971 Corpora,
2715 4917 2823 4955 non
2858 4902 3079 4967 animas,
3117 4902 3262 4955 iusto
3298 4916 3626 4970 oppressura
3660 4897 3859 4952 furore.

2549 5106 2611 5169 4)
2650 5106 2715 5161 Si
2759 5113 2819 5163 tu
2858 5106 3120 5173 fortasse,
3177 5106 3420 5162 benevole
3455 5106 3645 5168 lector,
3693 5104 3903 5174 alioqui
3937 5103 4304 5170 doctissimus,

2340 5174 2478 5245 quid
2509 5175 2599 5231 hie
2632 5177 2742 5258 sabi·
2782 5176 2910 5232 velit
2939 5193 3060 5233 cum
3096 5177 3214 5231 seis
3246 5173 3711 5258 sesquipedalibus
3756 5174 3937 5255 perbis
4011 5191 4123 5231 non
4160 5195 4307 5234 asse-

2340 5250 2544 5367 ΜΞΝ
2576 5246 2780 5312 tumr,
2818 5244 2928 5315 leqe
2962 5259 3160 5315 quaeso
3189 5259 3486 5314 pemopen
3520 5242 3888 5312 evanqelwam
3930 5216 4132 5304 Manli.
4169 5251 4308 5309 xvir,

2533 5329 2940 5452 εέῗςὲαιυοητία
2970 5398 3037 5440 ex
3074 5382 3212 5440 Lue-
3253 5381 3358 5438 lx.
3396 5380 3463 5438 51
3503 5395 3647 5452 seqq.
3818 5469 3890 5522 16
