4850 6200
352 437 470 500 697

354 621 682 708 Seigneur
717 623 799 690 de
842 646 917 690 sa
960 623 1153 690 bonte
1209 644 1447 691 envers
1502 645 1686 703 nous,
1746 634 1817 690 et
1870 634 2307 692 mesmement

355 730 592 775 envers
636 729 758 776 nos
816 710 1172 787 entrailles,
1229 712 1523 776 assavoir
1579 720 1803 776 nostre
1859 732 2067 795 povre
2120 720 2302 778 trou-

352 816 550 880 peau:
598 802 667 861 et
710 796 772 861 18
814 796 1042 879 prions
1102 796 1257 880 qu’il
1314 796 1405 861 lui
1453 797 1664 880 plaiae
1720 796 1786 862 la
1839 798 2185 864 continuer
2240 807 2306 865 et

353 882 667 947 acroistre
708 883 888 948 selon
932 903 1005 947 sa
1047 902 1377 966 promesse
1421 894 1485 947 et
1524 883 1819 949 maniere
1865 883 1945 949 (18
1982 882 2145 948 faire
2187 905 2305 948 en-

351 987 504 1033 vers
549 975 698 1034 tous
750 968 846 1033 les
910 968 1102 1034 siens.
1214 969 1308 1033 Et
1370 978 1579 1052 quant
1643 969 1685 1033 a
1747 990 1821 1036 88
1884 970 1997 1053 qui
2061 990 2101 1034 a
2166 979 2305 1035 este

352 1052 555 1119 188818
600 1052 681 1119 (18
724 1061 946 1120 nostre
988 1055 1368 1137 corruption
1413 1055 1627 1139 parmi
1682 1076 1758 1121 sa
1799 1055 2194 1140 providence
2235 1064 2306 1121 et

353 1160 470 1206 son
514 1160 823 1226 ouvrage,
867 1139 1019 1223 qu'il
1057 1142 1313 1206 n’entre
1372 1142 1557 1223 point
1611 1161 1696 1206 88
1750 1142 2090 1226 ingement
2145 1162 2305 1210 aveo

352 1246 549 1304 nous,
609 1227 775 1292 mais
835 1225 987 1309 qu’il
1052 1246 1219 1291 noue
1284 1226 1618 1309 pardonne
1683 1238 1752 1292 et
1817 1228 1959 1294 cela
2037 1243 2105 1292 et
2162 1237 2305 1293 tant

354 1310 641 1377 d'autres
698 1312 1190 1378 meschancetez
1246 1333 1332 1378 au
1376 1312 1548 1377 Nom
1606 1311 1687 1379 de
1735 1333 1855 1379 son
1897 1312 2040 1380 Fils
2083 1313 2301 1379 Iesus:

352 1406 419 1463 et
453 1395 610 1480 qu’il
653 1418 820 1463 nous
864 1399 1144 1464 reformo
1188 1398 1531 1463 tellement
1572 1420 1694 1483 par
1732 1421 1850 1465 son
1894 1400 2125 1482 Esprit
2178 1422 2303 1483 que

352 1502 519 1549 nous
562 1482 1000 1550 sabbatisions
1058 1485 1291 1549 mieux
1347 1506 1473 1568 que
1528 1485 1779 1565 iamais,
1838 1505 2210 1569 188888888
2265 1493 2306 1550 a

351 1577 501 1633 tout
554 1590 628 1635 88
673 1570 786 1653 qui
831 1579 934 1637 est
973 1569 1059 1634 du
1108 1580 1344 1647 nostre,
1408 1592 1569 1653 pour
1626 1591 1793 1637 nous
1831 1572 2067 1637 laisser
2112 1574 2303 1656 paisi-

352 1654 645 1720 blement
686 1657 997 1722 eonduire
1040 1657 1221 1722 selon
1268 1678 1341 1722 sa
1398 1657 1644 1723 saincte
1687 1657 1967 1723 volonte.
2067 1659 2159 1723 Et
2202 1659 2304 1722 s’il

349 1739 445 1805 lui
490 1740 656 1825 plait
696 1763 865 1809 nous
900 1743 1185 1808 chastier
1218 1763 1471 1808 comme
1518 1762 1622 1808 ses
1644 1745 1893 1821 enfanS,
1939 1744 2095 1826 qu'il
2140 1766 2305 1809 nous

348 1826 547 1893 laisse
590 1827 873 1911 plustost
915 1850 1041 1894 anx
1086 1829 1357 1913 galeros,
1402 1829 1771 1911 ausquelles
1818 1850 1983 1896 nous
2025 1851 2306 1895 sommes

350 1911 752 1980 condamnez
798 1920 840 1980 a
880 1917 1270 1998 perpetuite,
1317 1937 1401 1979 ou
1446 1936 1527 1980 en
1573 1915 1851 1998 quelque
1895 1924 2085 1981 autre
2129 1926 2306 1982 sorte

351 1999 510 2081 qu’il
557 1999 647 2064 lui
691 1999 931 2083 plaira:
978 2002 1341 2066 seulement
1386 2001 1540 2084 qu’il
1584 2002 1814 2085 frappe
1871 2023 1989 2067 sur
2032 2023 2197 2067 nous
2240 2013 2307 2067 et

347 2085 413 2149 18
457 2087 710 2151 maison
756 2087 837 2151 de
904 2109 1027 2154 nos
1092 2109 1281 2170 peres
1346 2098 1415 2152 et
1477 2108 1603 2169 que
1670 2109 1742 2153 ce
1790 2088 2026 2170 peuple
2091 2098 2307 2153 estant

348 2180 674 2255 espargne
717 2173 998 2255 plustost
1036 2174 1079 2236 il
1126 2195 1291 2238 nous
1336 2173 1626 2257 abysme.
1689 2174 1911 2251 Helas,
1959 2172 2304 2258 Seigneur,

346 2268 417 2322 ta
463 2256 727 2322 volonte
772 2259 901 2323 soit
932 2260 1145 2325 faicte.
1246 2264 1429 2343 Ayes
1489 2260 1651 2341 pitie
1711 2259 1791 2324 de
1850 2281 2015 2325 nous
2083 2272 2148 2323 ct
2192 2258 2303 2325 des

347 2342 569 2408 brebis
614 2342 695 2408 (18
742 2352 812 2409 18
847 2356 1130 2429 pasture,
1178 2345 1525 2428 lesquelles
1572 2360 1644 2409 tu
1688 2367 1853 2411 nous
1906 2366 1979 2411 as
2033 2347 2304 2412 commi-

346 2450 473 2508 888,
518 2430 703 2495 voire
748 2451 894 2495 ame
929 2452 1093 2514 pour
1134 2450 1297 2496 ame.
1401 2430 1547 2512 Que
1591 2453 1664 2497 88
1707 2453 1831 2514 que
1888 2438 1962 2497 tu
2007 2432 2207 2498 disois
2265 2433 2307 2496 a

345 2513 419 2582 S.
465 2515 697 2580 Pierre
755 2536 1036 2582 1888888
1095 2518 1419 2583 188818818
1467 2539 1550 2582 88
1610 2539 1729 2583 888
1786 2518 2042 2583 81811188
2098 2527 2165 2583 81
2219 2540 2303 2584 88

345 2622 471 2667 888
533 2621 790 2667 888818;
858 2602 1088 2668 Ρ18118
1142 2602 1591 2668 m’aimes-tu?
1679 2604 1803 2669 Pai
1860 2624 2000 2669 mes
2065 2603 2300 2670 brebis.

345 2685 498 2769 Quo
540 2687 610 2752 la
649 2687 899 2754 charite
943 2689 1023 2754 de
1066 2689 1322 2772 Moyse,
1368 2689 1448 2754 de
1492 2687 1563 2754 S.
1606 2690 1779 2755 Paul
1822 2700 1889 2755 et
1931 2710 2177 2755 mesme
2224 2688 2302 2756 de

343 2772 535 2839 Iesus
579 2772 805 2840 Christ
849 2776 978 2840 soit
1032 2777 1361 2841 tousiours
1420 2776 1665 2840 devant
1718 2795 1841 2841 nos
1905 2796 2102 2860 yeux.
2207 2774 2301 2842 08

343 2880 475 2942 que
552 2878 718 2925 nous
802 2859 1206 2927 demandons
1286 2882 1454 2945 pour
1537 2883 1704 2927 nous
1775 2863 1951 2927 aussi
2025 2862 2300 2928 faisons·

343 2964 513 3010 nous
555 2966 722 3029 pour
766 2965 950 3025 vous,
997 2958 1035 3011 o
1077 2949 1480 3026 bien-aimez,
1538 2957 1606 3013 et
1661 2956 2093 3013 mesmement
2135 2968 2302 3031 pour

348 3052 512 3100 vous
557 3052 680 3098 nos
724 3032 891 3098 bons
933 3033 1138 3101 Peres
1182 3055 1265 3100 88
1325 3034 1503 3101 18888
1548 3033 1794 3110 0111181,
1848 3032 2175 3101 1188811818
2236 3044 2303 3100 81

341 3117 800 3185 tres-honorez
835 3131 1139 3204 pasteurs
1185 3120 1264 3186 de
1301 3143 1422 3187 son
1448 3121 1705 3205 Eglise:
1745 3143 1908 3188 vous
1948 3122 2172 3204 prians
2219 3119 2301 3186 de

341 3204 509 3270 faire
566 3204 629 3269 18
671 3226 922 3272 1888188
965 3228 1047 3271 88
1091 3220 1312 3272 vostre
1369 3206 1628 3273 endroit
1682 3228 1852 3290 pour
1906 3229 2091 3286 nous,
2130 3207 2300 3271 ainsi

339 3311 471 3374 que
516 3310 688 3356 nous
711 3313 878 3358 nous
910 3292 1455 3359 recommandons
1488 3294 2067 3359 affectueusement
2111 3299 2152 3358 a
2183 3314 2299 3359 vos

341 3377 597 3444 bonnes
639 3397 887 3461 graces.
944 3379 1048 3444 La
1090 3400 1288 3463 grace
1309 3387 1373 3445 et
1419 3380 1722 3446 dilection
1765 3379 1844 3444 de
1876 3380 2050 3445 Dieu
2074 3387 2297 3445 nostre

339 3461 469 3529 bon
527 3462 700 3530 Pere
755 3485 878 3547 par
942 3471 1164 3530 nostre
1220 3464 1548 3550 Seigneur
1619 3475 1684 3530 et
1747 3467 2053 3532 sauveur
2108 3464 2296 3531 Iesus

342 3547 578 3615 Christ
619 3570 738 3616 son
780 3550 926 3616 Fils
970 3573 1051 3616 88
1106 3551 1171 3615 18
1212 3553 1633 3618 communion
1677 3549 1766 3617 du
1808 3552 2019 3618 sainct
2068 3552 2299 3634 Esprit

339 3636 467 3700 soit
514 3641 556 3701 a
598 3636 832 3701 iamais
870 3658 1031 3703 avec
1076 3658 1235 3703 vous
1280 3649 1445 3703 tous.
1536 3640 1768 3703 Amen.
1860 3639 1999 3704 Des
2045 3639 2297 3720 prisons

338 3719 419 3787 (18
466 3721 829 3788 Chamberi
871 3744 944 3789 ce
990 3724 1580 3808 vingtcinquiesme
1624 3723 1706 3789 (18
1746 3723 1985 3789 Iuillet.

792 3859 930 3925 Vos
966 3859 1270 3926 humbles
1313 3861 1521 3927 freres
1556 3861 1651 3926 les
1691 3881 2122 3926 susnommez.

1228 4562 1427 4632 2252.

824 4716 1327 4784 FARELLUS
1364 4716 1802 4784 CALVINO.

514 4886 902 4954 Gratulatur
954 4889 1014 4954 ei
1063 4889 1425 4956 Galla-sium
1476 4890 1770 4972 colleyam
1834 4890 2190 4956 restitutum
2233 4896 2289 4956 et

334 4971 870 5039 Melanchthonem
924 4975 993 5040 in
1045 4996 1112 5040 re
1182 4978 1683 5041 sacramentaria
1750 4976 1996 5041 tandem
2043 4976 2288 5057 publice

331 5060 584 5125 veritati
625 5061 932 5126 caleulum
976 5062 1384 5127 adiecturum.
1490 5062 1829 5127 Seditiosos
1867 5067 2075 5128 contra
2118 5064 2286 5129 eccle·

333 5147 502 5210 siam
532 5146 753 5229 potius
786 5168 979 5229 quam
1016 5146 1465 5229 rempublicam
1496 5150 1886 5230 conspirasse
1916 5155 2117 5231 putat.

336 5320 449 5383 (Ex
483 5319 827 5388 autographo
863 5319 993 5374 Cod.
1030 5320 1226 5374 Gener.
1272 5317 1390 5384 115,
1428 5320 1519 5374 sol.
1558 5319 1676 5387 121,
1711 5321 1832 5374 coll.
1864 5337 1984 5373 cum
2022 5321 2287 5391 Ood.116‚

427 5388 515 5443 sol.
553 5387 641 5457 39,
674 5388 816 5459 Epp.
854 5389 1110 5443 Beruens.
1151 5389 1246 5443 VI.
1285 5407 1405 5458 pag.
1441 5386 1544 5441 471
1581 5396 1638 5441 et
1673 5388 1890 5444 Simleri
1925 5390 2046 5445 Vol.
2081 5387 2201 5456 85.)

2158 441 2321 503 1565
2360 437 2547 504 IUL.

4234 440 4361 503 698

2580 626 3161 692 Praestantissimo
3217 625 3467 691 Christi
3535 647 3723 692 servo
3794 625 4028 691 Ioanni
4081 626 4359 692 Calvino

2407 713 2654 797 pastori
2698 713 3006 778 ecclesiae
3048 711 3456 778 Genevensis
3500 712 3748 777 invicto
3778 712 4033 778 Christi
4074 712 4359 779 athletae

2406 800 2596 864 fratri
2640 808 2706 863 81
2749 809 3157 884 symmystae
3191 818 3387 881 quam
3425 798 3775 863 carissimo.

3853 936 4184 1003 Genevae.

2579 1106 2648 1171 S.
2711 1108 2844 1171 Vix
2893 1108 3156 1173 tandem
3215 1108 3398 1191 potui
3448 1108 3833 1192 intelligere,
3889 1129 4086 1191 quum
4138 1117 4359 1174 tamen

2409 1193 2759 1278 diligenter
2801 1195 3217 1276 inquirerem,
3280 1192 3554 1260 audiens
3613 1206 3690 1259 ut
3738 1215 4002 1260 8888888
4047 1206 4204 1273 8181,
4258 1215 4361 1260 88-

2408 1288 2638 1344 tavum
2675 1301 2817 1344 esse
2862 1279 3088 1344 datum
3133 1282 3510 1345 ministrum
3563 1281 3926 1346 Gallasium
3969 1280 4088 1344 tibi
4144 1293 4212 1345 et
4254 1301 4361 1346 ec·

2407 1365 2648 1431 8188188
2691 1366 3091 1431 18811181818.
3118 1371 3170 1439 ¹)
3226 1366 3391 1443 Tibi,
3438 1367 3548 1431 isti
3592 1376 3658 1431 et
3703 1366 4009 1432 ecclesiae
4043 1366 4356 1448 gratulor.

2409 1450 2685 1517 Utinam
2742 1452 2837 1517 ita
2888 1453 3149 1517 miseris
3205 1473 3464 1535 possem
3512 1451 3861 1537 gratulari.
3920 1452 4033 1535 qui
4090 1462 4356 1518 autores

2410 1538 2677 1601 fuerunt
2723 1536 2794 1601 in
2838 1539 2936 1602 tui
2976 1538 3310 1612 invidiam,
3351 1548 3485 1603 uta
3529 1550 3595 1603 te
3631 1540 3940 1603 remotior
3973 1539 4177 1603 fieret.
4223 1536 4359 1604 Sed

2409 1622 2560 1705 plus
2603 1643 2798 1705 quam
2845 1624 3155 1699 infelices,
3202 1645 3406 1706 quum
3451 1633 3722 1707 gravate
3781 1632 3847 1689 18
3890 1624 4217 1701 audirent,
4280 1633 4360 1688 ut

2411 1708 2668 1775 dicebat
2707 1709 2972 1786 Viretus,
3016 1732 3190 1776 8888
3234 1713 3290 1775 81
3334 1710 3581 1775 vellent
3613 1731 3742 1775 non
3854 1720 4060 1775 88881.
4116 1710 4360 1775 Merito

2411 1815 2609 1879 agere
2651 1796 2898 1878 gratias
2943 1795 3230 1860 Domino
3287 1794 3596 1862 debemus
3640 1817 3766 1879 quo
3865 1796 3960 1860 ita
4017 1796 4356 1862 ecclesiam

2411 1882 2801 1964 repurgarit.
2860 1881 3173 1961 Historia,
3193 1881 3250 1964 ⁴²)
3295 1903 3461 1963 quae
3496 1904 3629 1948 non
3669 1884 3810 1947 sine
3832 1902 4030 1947 88888
4073 1883 4356 1965 gemitus

2410 1968 2700 2032 excitare
2738 1967 2945 2043 debet,
2983 1968 3155 2049 quod
3191 1969 3286 2032 ita
3307 1969 3525 2034 insani
3559 1968 3860 2033 homines
3896 1968 3968 2032 in
3992 1968 4357 2032 Dominum

2408 2054 2792 2136 insurgant,
2850 2074 3162 2138 magnum
3209 2054 3403 2119 affert
3458 2054 3770 2139 gaudium
3826 2052 3995 2136 quod
4066 2066 4203 2118 tam
4247 2052 4356 2119 be-

2409 2140 2614 2222 nigne
2663 2140 2843 2205 Deus
2888 2141 3024 2204 suis
3065 2141 3419 2224 prospiciat
3461 2152 3529 2205 et
3573 2140 3871 2205 consulat
3913 2141 4279 2223 eripiatque
4318 2159 4359 2203 8

2409 2225 2602 2290 188118
2646 2245 2857 2308 neque
2900 2227 3217 2307 praevisis
3262 2247 3470 2308 neque
3513 2228 3831 2310 cogitatis.
3919 2225 4231 2290 Nondum
4276 2225 4359 2290 ad

2410 2309 2800 2376 Blaurerum
2864 2314 3067 2377 missa
3130 2312 3256 2376 fuit
3331 2313 3484 2394 quia
3556 2313 3869 2377 nuncium
3936 2333 4070 2377 non
4136 2309 4355 2377 habui.

2410 2395 2754 2477 Quantum
2790 2418 3055 2479 possum
3096 2400 3380 2479 assequi,
3442 2395 3689 2463 dudum
3736 2399 4192 2481 parturiebant
4233 2398 4357 2462 im-

2408 2482 2592 2564 probi
2639 2502 2803 2566 quae
2845 2483 3016 2547 male
3051 2483 3318 2548 tandem
3356 2504 3582 2565 parere
3618 2484 4052 2548 enitebantur.
4114 2483 4358 2551 Hostes

2408 2588 2635 2634 omnes
2693 2578 2828 2633 tam
2886 2568 2999 2651 qui
3064 2591 3212 2634 cum
3279 2569 3658 2653 Hieronymo
3729 2591 3924 2651 quam
3987 2569 4233 2634 Ser-veto
4289 2579 4357 2634 et

2412 2653 2767 2720 castalione
2821 2655 3073 2720 faciunt
3135 2655 3560 2720 minabantur
3604 2656 3951 2732 Genevae,
4012 2675 4097 2718 ne
4140 2653 4354 2720 dicam

2407 2739 2547 2804 tibi.
2657 2740 2973 2806 Dominus
3015 2743 3310 2807 omnium
3371 2743 3675 2806 immutet
3723 2741 3937 2819 corda,
3995 2750 4071 2805 ut
4128 2760 4355 2806 omnes

2408 2825 2667 2891 discant
2709 2847 2860 2891 eum
2907 2827 3140 2893 timere
3183 2849 3259 2893 ac
3302 2829 3506 2893 verbo
3551 2828 3757 2911 ipsius
3801 2848 4050 2910 parere.

2579 2911 2792 2977 Valde
2813 2933 2920 2978 me
2961 2916 3267 2979 recreasti
3292 2934 3406 2997 spe
3429 2934 3627 2995 quam
3646 2915 3805 2979 facis
3851 2912 3930 2978 (18
3956 2912 4273 2994 Philippo,
4296 2913 4352 2990 ⁸)

2406 2998 2519 3080 qui
2575 2999 2826 3064 utinam
2889 2997 3153 3065 tandem
3209 3001 3542 3083 praesenti
3612 3001 3830 3065 animo
3889 2998 4200 3064 ecclesiae
4250 3018 4355 3062 ra·

2406 3083 2653 3150 tionem
2698 3083 2953 3161 habeat,
2999 3097 3065 3151 et
3120 3108 3396 3152 excusso
3440 3087 3621 3152 omni
3662 3096 3846 3152 metu
3905 3084 4077 3168 quod
4120 3105 4356 3150 verum

2404 3180 2506 3236 est
2548 3171 2745 3255 plane
2799 3171 3083 3238 fateatur
3136 3183 3204 3238 et
3258 3173 3422 3238 falsa
3479 3173 3702 3238 omnia
3759 3171 4041 3238 damnet.
4145 3170 4355 3253 Spero

2403 3257 2690 3323 multum
2733 3257 2992 3324 fructus
3037 3259 3120 3324 ad
3164 3260 3471 3325 ecclesias
3507 3260 3896 3324 rediturum.
3956 3257 4132 3340 Opto
4169 3257 4355 3322 vinc-

2404 3343 2491 3407 tis
2535 3345 2779 3409 nostris
2798 3349 2855 3418 ⁴)
2915 3353 3325 3428 praesentem
3382 3344 3745 3411 Dominum
3806 3366 4066 3428 semper
4109 3343 4356 3422 adesse,

2401 3446 2469 3493 et
2513 3451 2739 3494 veram
2808 3431 3035 3516 largiri
3094 3431 3564 3497 liberationem.
3670 3430 3863 3513 Quod
3917 3431 4071 3495 olim
4131 3429 4248 3495 abs
4291 3441 4357 3494 te

2400 3515 2719 3597 petebam,
2761 3517 3005 3582 iterum
3048 3526 3114 3582 et
3156 3519 3392 3583 iterum
3440 3526 3626 3600 peto,
3673 3539 3758 3583 ne
3801 3519 3870 3581 in
3917 3517 4119 3582 tantis
4178 3515 4356 3580 labo-

2402 3601 2584 3665 ribus
2623 3611 2691 3667 te
2726 3623 3098 3681 consumas,
3157 3612 3356 3686 teque
3414 3624 3653 3687 graves
3710 3602 4051 3668 scribendo
4110 3600 4192 3665 ad
4248 3621 4355 3667 me

2401 3694 2471 3751 et
2513 3688 2644 3752 mei
2688 3688 2934 3755 similes
2978 3688 3093 3755 88(1
3136 3690 3544 3772 provinciam
3591 3689 3741 3754 aliis
3775 3691 4103 3772 iniungas.
4190 3685 4353 3752 Om-

2401 3794 2519 3838 nes
2577 3772 2911 3839 laetantur
2961 3796 3158 3858 super
3215 3776 3429 3859 gratia
3484 3776 3757 3840 Domini
3811 3776 3924 3841 isti
3977 3774 4151 3840 facta
4209 3772 4356 3840 urbi

2403 3867 2471 3924 et
2512 3860 2636 3942 piis
2680 3861 3044 3944 peregrinis
3089 3869 3156 3926 et
3198 3862 3460 3928 exteris.
3552 3861 3953 3927 Gratissima
3996 3861 4124 3926 fuit
4167 3878 4354 3942 prae-

2400 3945 2571 4011 fecto
2612 3955 2728 4012 tua
2769 3947 3094 4024 salutatio,
3139 3948 3450 4030 iubetque
3501 3955 3566 4012 te
3610 3949 3871 4013 salvum
3917 3967 4059 4011 esse
4113 3956 4181 4010 et
4223 3946 4354 4011 ool-

2401 4029 2548 4115 1888
2589 4032 2768 4097 item.
2860 4032 3067 4116 Cupio
3110 4033 3251 4117 pios
3294 4033 3530 4112 salvos,
3587 4034 3873 4117 collegas
3930 4044 3996 4097 et
4051 4032 4355 4113 reliquos,

2400 4136 2566 4199 quos
2622 4127 2963 4201 praetereo
3029 4120 3367 4185 nominare
3435 4141 3521 4183 no
3580 4129 3648 4185 te
3726 4120 3976 4185 diutius
4042 4137 4352 4183 remorer.

2401 4201 2572 4270 Vale
2614 4205 2800 4270 bene.
2860 4205 3187 4271 Dominus
3231 4205 3419 4272 Iesus
3465 4227 3724 4289 semper
3769 4206 3888 4271 tibi
3932 4215 4000 4269 et
4043 4203 4354 4270 888188188

2400 4290 2721 4355 1118181818
2766 4288 2961 4355 addat
3007 4293 3309 4375 gratiam,
3371 4291 3721 4375 omniaque
3765 4291 3999 4357 reddat
4043 4289 4351 4355 feliciora.

2400 4374 2714 4441 Neocomi
2760 4378 2862 4440 27.
2909 4376 3064 4442 Iulii
3116 4382 3298 4442 1555.

3428 4515 3610 4581 Tuus
3646 4523 3821 4579 totus
3857 4512 4179 4578 Farellus.

2397 4683 2585 4738 2252.
2603 4686 2659 4753 l)
2705 4685 2840 4741 Vide
2867 4685 3272 4754 praecedentes·
3328 4686 3561 4741 Caluini.
3615 4686 3797 4739 Antea
3849 4684 3961 4738 iam
4010 4683 4129 4738 eius
4169 4683 4356 4749 fuerat

2394 4770 2765 4811 manaem.

2602 4824 2656 4890 2)
2695 4824 2770 4878 N.
2804 4822 2959 4877 2243.

2600 4893 2655 4962 3)
2695 4894 2768 4949 Ν.
2803 4891 2958 4946 2245.

2601 4961 2663 5030 4)
2706 4963 3222 5019 Οαωενίαοεηεῶαε.

3117 5237 3521 5250 ——a-
