4850 6200
445 405 576 469 407

451 589 568 656 (Ex
623 596 851 660 autogra
887 590 961 644 ho
1010 588 1168 643 Arch.
1216 588 1394 643 Tui-ic.
1451 587 1624 641 Scrin.
1668 585 1728 641 B.
1775 586 1919 657 Epp.
1967 586 2118 640 Tom.
2166 587 2210 639 Ι.
2258 600 2399 638 nunc

662 659 803 713 Plut.
924 700 934 711 .
972 658 1092 713 Vol.
1129 655 1247 727 105,
1281 657 1372 711 fol.
1411 654 1531 710 631.
1567 683 1630 691 —
1670 656 1886 710 Simler.
1923 656 2042 709 Vol.
2082 652 2196 719 84.)

629 847 949 914 Doctrina
980 844 1258 912 candore
1293 853 1359 910 et
1392 845 1634 928 pietate
1669 843 1908 910 eximio
1943 842 2084 908 viro
2106 841 2189 908 D.
2213 841 2398 907 Hen-

443 933 666 1019 ryoho
719 932 1105 1016 Bullingero
1164 930 1475 997 ecclesiae
1518 930 1872 1013 Tigurinae
1929 928 2176 1011 pastori
2233 929 2400 1012 vigi-

453 1019 823 1085 lantissimo
865 1017 1050 1084 fratri
1091 1038 1167 1083 ac
1210 1015 1474 1082 domino
1516 1014 1935 1081 observando.
1970 1098 2231 1166 zurich

631 1273 934 1340 Gratiam
983 1283 1049 1338 et
1102 1292 1324 1356 pacem
1379 1293 1420 1339 a
1463 1274 1606 1339 Deo
1658 1278 1847 1356 patre
1899 1291 2019 1353 per
2062 1270 2403 1337 Christum

457 1371 876 1426 servatorem.
980 1358 1413 1424 Gratissimae
1468 1357 1656 1436 nobis
1710 1357 1892 1422 fuere
1945 1357 2175 1422 literae
2229 1366 2401 1435 tuae,

454 1455 536 1512 ut
578 1446 898 1512 hactenus
938 1464 1166 1509 omnes
1200 1443 1282 1510 ad
1312 1464 1431 1509 nos
1465 1444 1722 1521 missae,
1768 1443 2150 1526 praesertim
2196 1464 2400 1525 quum

455 1553 575 1616 pro
619 1542 736 1596 tua
791 1530 1202 1596 humanitate
1245 1530 1530 1595 volueris
1587 1528 1772 1596 nobis
1829 1528 2200 1612 significare
2245 1528 2401 1611 quid

455 1616 645 1683 vobis
705 1617 777 1681 in
828 1635 1141 1698 responso
1185 1616 1269 1681 D.
1318 1615 1577 1681 Calvino
1637 1613 1850 1680 dando
1911 1616 2125 1678 visum
2182 1615 2396 1679 fuerit.

455 1702 719 1770 Scimus
762 1722 920 1766 sane
963 1722 1081 1766 nos
1124 1723 1253 1766 non
1307 1702 1553 1767 iuratos
1597 1723 1738 1766 esse
1792 1701 1862 1762 in
1908 1701 2107 1765 verba
2150 1712 2397 1765 vestra:

455 1789 702 1855 scimus
755 1788 914 1852 item
959 1796 1279 1870 quantum
1335 1787 1577 1852 officiat
1634 1786 1951 1852 dissensio
1996 1786 2401 1870 opinionum-

455 1895 583 1958 que
625 1874 911 1939 varietas
963 1871 1380 1938 ecclesiarum
1433 1872 1724 1938 eiusdem
1768 1871 2215 1955 professionis:
2276 1872 2398 1937 sci-

453 1981 605 2024 mus
668 1959 828 2023 item
893 1966 1208 2041 quantum
1284 1959 1582 2042 proficiat
1645 1977 2000 2024 consensus
2065 1960 2261 2021 etiam
2327 1958 2398 2022 in

452 2045 652 2111 rebus
695 2044 1004 2121 externis,
1048 2051 1294 2127 quanto
1327 2045 1537 2129 magis
1581 2045 1652 2108 in
1687 2043 2156 2127 spiritualibus.
2226 2043 2399 2108 Gra-

455 2131 581 2196 tias
625 2151 701 2195 eo
743 2132 1009 2194 nomine
1051 2130 1170 2193 tibi
1208 2130 1523 2195 habemus
1559 2130 1900 2194 maximas.
1979 2129 2150 2194 Nam
2195 2151 2398 2211 quan-

453 2225 598 2282 tum
642 2217 961 2282 hactenus
1019 2216 1500 2298 profecerimus,
1562 2224 1703 2280 tum
1762 2216 1830 2279 in
1889 2215 2177 2281 consiliis
2233 2216 2398 2281 acci-

453 2302 708 2385 piendis
771 2311 840 2366 et
904 2299 1152 2379 dandis,
1219 2316 1361 2366 tum
1428 2302 1498 2366 in
1554 2300 1895 2366 concordia
1954 2314 2020 2365 et
2077 2323 2398 2366 consensu

452 2385 939 2464 conservandis,
1012 2387 1137 2452 dici
1203 2408 1333 2452 non
1400 2396 1630 2471 potest.
1736 2386 1876 2453 Sub
1938 2395 2157 2451 vestra
2220 2388 2397 2451 enim

452 2473 801 2539 autoritate
846 2482 1054 2536 tutam
1088 2474 1283 2537 etiam
1322 2481 1629 2550 nostram,
1659 2476 1706 2555 ¹)
1750 2474 2049 2556 quamvis
2094 2495 2172 2537 ea
2216 2473 2399 2537 nulla

450 2560 554 2624 sit.
621 2556 785 2623 Inde
830 2558 1340 2625 emolumentum
1379 2580 1510 2623 non
1547 2559 1823 2642 vulgare
1861 2558 2152 2623 videmus
2197 2558 2396 2623 eccle-

448 2646 584 2711 siae
630 2656 891 2709 nostrae
935 2644 1256 2710 accedere.

622 2728 985 2796 Scribimus
1033 2730 1295 2797 Calvino
1340 2751 1457 2795 nos
1503 2730 1752 2813 gratias
1796 2752 1990 2813 agere
2033 2729 2178 2795 Deo
2222 2731 2396 2813 patri

449 2816 618 2900 quod
654 2838 725 2881 os
765 2828 833 2880 et
873 2816 1264 2898 sapientiam
1302 2815 1486 2881 nobis
1521 2816 1992 2893 subministret,
2031 2839 2231 2898 quum
2263 2837 2397 2881 non

449 2903 661 2969 solum
709 2901 1011 2966 ducimur
1054 2900 1168 2965 sed
1212 2911 1278 2965 et
1323 2899 1727 2966 traducimur
1770 2924 1983 2966 coram
2021 2901 2286 2984 regibus
2332 2912 2398 2966 et

446 2986 853 3072 principibus
917 2986 1044 3068 piis
1110 2997 1176 3051 et
1254 2986 1491 3070 impiis.
1600 2989 2036 3070 Agnoscimus
2104 2988 2394 3053 divinam

445 3073 928 3158 providentiam
973 3093 1137 3155 quae
1193 3070 1564 3138 huiusmodi
1611 3072 2100 3157 hyperaspistas
2146 3072 2396 3138 dederit

450 3160 737 3226 ecclesiis
779 3159 1039 3234 nostris,
1090 3159 1200 3240 qui
1246 3166 1559 3223 tueantur
1601 3179 1863 3224 causam
1906 3161 2195 3240 ipsarum
2239 3179 2393 3225 con-

447 3255 556 3310 tra
599 3244 1011 3310 adversarios
1054 3243 1546 3322 calumniantes,
1597 3245 1772 3328 ipsas
1816 3266 1955 3310 esse
2003 3245 2395 3326 profanatri-

448 3352 557 3397 ces
602 3341 1179 3408 sacramentorum,
1237 3330 1436 3413 impie
1495 3330 1575 3395 de
1618 3331 1781 3407 Deo,
1828 3329 2110 3407 Christo,
2167 3333 2393 3396 minis·

447 3417 644 3495 teri0,
713 3415 909 3480 verbo
975 3424 1042 3479 et
1103 3417 1531 3480 sacramentis
1597 3417 1969 3481 sentientes.
2072 3417 2393 3482 Videmus

452 3523 586 3567 non
632 3502 775 3568 sine
819 3500 1042 3566 divina
1083 3501 1495 3583 providentia
1538 3501 1782 3567 factum
1826 3503 1994 3585 quod
2041 3524 2393 3570 consensus

449 3588 560 3652 ille
601 3599 815 3653 vester
850 3607 1000 3651 cum
1035 3586 1306 3666 Calvino,
1353 3588 1534 3670 prius
1579 3589 1738 3652 satis
1782 3589 2168 3667 succinctus,
2218 3612 2393 3656 nunc

449 3674 782 3757 aliquanto
839 3673 1127 3755 apertior
1185 3673 1418 3737 exierit
1475 3675 1546 3737 in
1602 3674 1951 3753 mundum,
2019 3675 2112 3740 sic
2169 3685 2390 3740 tamen

447 3760 810 3825 instructus
855 3770 928 3824 ut
984 3760 1172 3824 nobis
1214 3779 1600 3842 persuasum
1645 3760 1756 3839 sit,
1819 3760 2210 3826 adversariis
2256 3784 2393 3826 om-

450 3867 599 3911 nem
655 3847 989 3928 abreptam
1034 3866 1265 3909 ansam
1322 3846 1655 3928 amplioris
1711 3845 2095 3925 calumniae,
2153 3849 2394 3913 nostris

448 3953 607 3996 vero
662 3930 883 3995 datam
942 3931 1259 3996 eiusmodi
1315 3931 1860 4014 significationem
1914 3933 2174 3998 unionis
2229 3955 2396 4016 quae

450 4017 828 4083 labefactari
875 4016 1055 4081 nullo
1100 4016 1291 4081 modo
1336 4027 1545 4099 queat.
1616 4018 2081 4084 Maluissemus
2127 4019 2395 4086 adiunc-

453 4119 594 4168 tum
640 4105 954 4185 scriptum
991 4101 1274 4167 Saxonis
1318 4102 1513 4180 illius,
1537 4105 1594 4176 ²)
1639 4125 1773 4168 non
1808 4105 1975 4187 quod
2023 4104 2396 4170 dubitemus

454 4188 535 4256 de
599 4187 726 4254 fide
785 4187 1065 4266 Caluini,
1132 4187 1248 4253 sed
1302 4209 1429 4271 quo
1498 4188 1766 4254 liberior
1827 4211 2124 4256 accessus
2188 4191 2396 4256 factus

449 4275 688 4341 fuisset
730 4276 970 4359 scripto
1018 4274 1271 4340 Calvini
1313 4276 1382 4339 in
1427 4273 1745 4354 Saxones,
1791 4297 1830 4340 a
1871 4297 2148 4358 quorum
2193 4277 2396 4342 eccle-

453 4362 568 4427 siis
604 4362 920 4427 hactenus
955 4360 1341 4426 exsularunt
1376 4369 1750 4427 nostrorum
1790 4363 2044 4445 scripta.
2112 4362 2397 4428 Oramus

453 4456 530 4512 ut
569 4455 805 4532 pergat
847 4455 1034 4512 tanta
1076 4465 1226 4510 cum
1248 4445 1565 4513 modestia
1609 4468 1803 4531 agere
1847 4469 2103 4513 causam
2141 4459 2398 4513 nostra-

454 4555 605 4599 rum
647 4532 1099 4611 ecclesiarum,
1155 4532 1286 4595 imo
1331 4531 1601 4598 Christi.
1691 4533 2091 4598 Pollicemur
2133 4554 2399 4616 operam

455 4634 766 4696 nostram,
812 4628 878 4683 et
914 4619 972 4683 si
1007 4637 1151 4681 eam
1193 4620 1434 4701 scripto
1471 4620 1816 4701 nequimus
1854 4630 2203 4703 praestare,
2240 4618 2398 4684 libe·

455 4705 703 4770 ralibus
747 4713 967 4768 tamen
1012 4703 1341 4786 suffragiis
1384 4714 1449 4769 et
1492 4702 1576 4768 ad
1608 4706 1824 4769 Deum
1862 4708 2151 4770 oratione
2195 4704 2401 4770 ardua

456 4791 583 4874 ipsi
627 4812 758 4854 non
804 4789 1155 4854 defuturos.

629 4875 814 4940 Haec
867 4882 932 4938 te
988 4873 1155 4940 scire
1198 4875 1553 4953 voluimus,
1611 4874 1978 4960 Buzzinqere
2033 4878 2397 4944 carissime:

455 4960 627 5042 quod
665 4962 722 5025 si
766 4961 837 5024 in
878 4969 1001 5025 hac
1037 4969 1261 5026 nostra
1296 4961 1774 5028 consultatione
1812 4962 2051 5027 videris
2089 4973 2399 5040 erratum,

464 5179 652 5234 2008.
683 5182 735 5246 1)
771 5183 967 5235 scimus
1001 5182 1130 5237 add.
1171 5183 1227 5238 S.
2373 5225 2377 5230 -

670 5252 727 5314 2)
762 5249 908 5320 quod
940 5253 1292 5309 inscribitur.-
1326 5253 1498 5307 Recta
1522 5252 1653 5306 fides
1673 5252 1740 5305 de
1769 5269 1965 5306 coena:
2001 5255 2114 5308 nisi
2147 5257 2403 5311 malueris

457 5319 809 5390 Farraginem
846 5321 1024 5376 innui.

1957 394 2484 480 EPISTOLAE
2529 398 2954 461 2098—2100

4320 395 4449 458 408

2504 583 2798 663 admone,
2857 594 2925 647 et
2966 584 3340 667 parebimus
3381 581 3717 649 monitori:
3778 587 4042 666 gratum
4083 580 4261 646 enim
4302 581 4445 647 erit.

2504 668 2927 754 Corrigemus
2982 672 3142 734 item
3200 690 3490 735 errorem
3547 667 3660 752 qui
3710 686 3844 732 non
3896 686 3985 731 ex
4031 663 4279 730 malitia
4334 666 4449 732 sed

2501 756 2720 838 potius
2754 776 2847 855 ‘ex
2889 757 3264 840 ignorantia
3306 754 3511 839 (quod
3548 751 3837 819 nondum
3880 750 4202 828 videmus)
4238 754 4449 835 potuit

2502 862 2863 924 provemre.

2675 926 2848 991 Novi
2892 927 3059 991 nihil
3102 927 3423 994 habemus
3466 947 3665 1010 quam
3707 924 3881 1008 quod
3929 945 4062 989 non
4119 924 4280 989 satis
4323 924 4446 990 mi-

2503 1012 2635 1077 rari
2702 1033 3045 1096 possumus
3123 1013 3603 1097 providentiam
3666 1009 3954 1076 divinam
4020 1011 4090 1075 in
4154 1008 4445 1077 tutandis

2503 1097 2819 1163 fidelibus.
2902 1098 3176 1165 Domini
3220 1109 3557 1178 nostrates,
3600 1099 3971 1164 Beruenses
4014 1104 4080 1161 et
4119 1095 4447 1162 Basilien-

2503 1204 2626 1263 ses,
2669 1185 2803 1249 suis
2847 1185 3136 1252 consiliis
3178 1187 3454 1250 fratrum
3485 1182 4003 1251 Locarnensium
4046 1203 4309 1249 causam
4352 1184 4446 1248 sic

2504 1283 2783 1352 egerunt
2826 1280 2901 1335 ut
2941 1270 3300 1337 adversarii
3343 1272 3636 1355 ipsorum
3680 1267 3929 1347 exsilic,
3977 1289 4253 1352 quorum
4295 1289 4447 1334 san-

2504 1356 2691 1439 guini
2731 1356 2989 1421 inhiare
3033 1357 3433 1436 dicebantur,
3478 1357 3814 1423 satientur.
3904 1353 4146 1421 Vester
4188 1353 4448 1437 amplis-

2504 1441 2710 1507 simus
2752 1455 3017 1507 senatus
3063 1444 3155 1509 sic
3195 1442 3511 1520 decrevit,
3574 1454 3647 1508 ut
3698 1441 3755 1506 si
3809 1442 4055 1507 occasio
4098 1440 4214 1505 illa
4255 1460 4447 1522 prae-

2504 1546 2655 1611 ceps
2699 1548 2768 1592 se
2812 1528 3121 1593 obtulerit
3164 1527 3497 1595 commode
3555 1526 3867 1593 fratribus
3924 1527 4068 1592 istis
4125 1528 4446 1609 ipsorum·

2503 1634 2629 1695 que
2685 1613 3046 1679 rationibus
3098 1615 3348 1680 consuli
3452 1616 3628 1693 ossit,
3688 1613 3874 1679 salva
3929 1633 4048 1696 per
4101 1614 4317 1696 ipsum
4378 1620 4448 1678 et

2502 1698 2817 1764 incolumi
2893 1700 3293 1765 confessione
3371 1720 3405 1764 c
3455 1701 3711 1766 ristiani
3792 1700 4090 1765 nominis.
4209 1698 4261 1764 0
4337 1700 4450 1765 des

2503 1805 2719 1850 armen
2755 1786 3228 1868 Landfridens!
3293 1784 3644 1852 Caeterum
3688 1785 4067 1851 universum
4113 1786 4450 1869 negotium

2504 1870 2941 1936 Locarnicum
2985 1885 3052 1937 et
3093 1873 3568 1956 propositiones
3623 1880 3890 1937 senatus
3934 1871 4139 1937 vestri
4182 1871 4449 1953 amplis-

2504 1956 2681 2034 simi,
2741 1966 3080 2040 praeterea
3139 1970 3284 2023 acta
3345 1969 3483 2023 tum
3537 1960 3605 2022 in
3652 1959 3812 2023 urbe
3859 1966 3998 2021 tum
4040 1958 4112 2021 in
4156 1978 4332 2042 agro,
4378 1968 4451 2021 ut

2503 2041 2689 2107 nobis
2744 2044 3184 2110 communices
3241 2064 3526 2110 oramus.
3618 2044 4091 2109 Describentur
4131 2044 4450 2127 ocyssime

2503 2127 2689 2193 nullo
2734 2141 2846 2193 tuo
2889 2149 3037 2194 cum
3083 2128 3337 2195 damno.
3427 2130 3618 2197 Nova
3671 2151 3835 2213 quae
3892 2129 4122 2205 habes,
4183 2139 4323 2192 tum
4369 2126 4451 2193 de

2502 2215 2749 2298 Anglia
2793 2224 2931 2279 tum
2975 2215 3055 2280 de
3100 2216 3371 2281 caeteris
3415 2217 3629 2293 rebus,
3679 2215 3759 2281 de
3804 2216 4041 2298 quibus
4084 2226 4308 2279 nostra
4351 2215 4451 2278 in-

2502 2301 2734 2365 tererit
2778 2302 2964 2378 scire,
3011 2323 3051 2367 a
3094 2310 3160 2366 te
3205 2312 3677 2385 exspectamus.

2675 2386 2983 2451 Salutant
3028 2399 3092 2453 te
3135 2396 3539 2473 symmystae
3582 2387 3742 2452 mei:
3803 2386 4021 2452 salvos
4064 2387 4222 2452 item
4268 2385 4447 2452 volu-

2500 2493 2647 2536 mus
2694 2495 2809 2538 vos
2852 2495 3094 2549 omnes,
3139 2474 3375 2539 fratres
3417 2473 3890 2539 humanissimi.
3972 2472 4142 2537 Vale
4183 2492 4258 2537 ao
4302 2474 4447 2538 vive

2499 2557 2687 2624 nobis
2731 2579 2807 2623 ac
2842 2559 3150 2625 ecclesiae
3173 2559 3423 2626 Christi
3462 2558 3573 2624 diu
3608 2559 3965 2625 incolumis.
4035 2556 4446 2623 Schaffhusii

2502 2649 2558 2707 5.
2604 2644 2884 2710 Kalend.
2932 2645 3278 2710 Februarii
3322 2666 3494 2711 anno
3539 2645 3619 2710 ab
3665 2644 3816 2710 orbe
3874 2644 4211 2727 redempto
4263 2649 4444 2709 1555.

3668 2782 3851 2846 Tuus
3895 2802 3978 2846 ex
4023 2782 4240 2845 animo

3600 2962 3605 2968 ,
3640 2883 4010 2968 Simpertus
4073 2883 4269 2969 Vogt.

3368 3449 3564 3519 2⁰99.

2621 3603 3049 3670 MINISTRI
3092 3603 3853 3671 SCHAFFHUSIANI
3899 3605 4334 3671 CALVINO.
4374 3596 4381 3601 ⁴

2671 3777 2971 3842 Laudant
3047 3776 3489 3858 Defensionem
3567 3783 3778 3842 contra
3853 3776 4163 3842 Saxonem
4250 3781 4443 3842 istum

2497 3864 2815 3946 scriptam,
2861 3864 2985 3928 imo
3032 3861 3341 3928 Saxonem
3384 3864 3591 3946 ipsam
3634 3864 3796 3944 quod
3836 3865 4142 3928 scribendi
4185 3867 4447 3930 occas-io-

2497 3971 2633 4016 nem
2664 3948 3043 4031 praebuerit.

2809 4120 2921 4186 (Ex
2958 4120 3294 4189 autographo
3332 4120 3462 4175 Cod.
3499 4119 3704 4174 Genev.
3741 4118 3857 4186 196,
3894 4121 3986 4174 fol.
4022 4119 4136 4186 22.)

2670 4291 2927 4376 Insigni
2971 4290 3269 4358 doctrina
3310 4299 3377 4355 et
3419 4292 3657 4374 pietate
3703 4292 3844 4356 viro
3887 4291 3973 4356 D.
4010 4292 4247 4357 Ioanni
4290 4292 4445 4358 Cal-

2500 4378 2657 4444 vino
2724 4376 3030 4443 ecclesiae
3096 4377 3552 4444 Gebennensis
3629 4379 3872 4459 pastori
3938 4377 4449 4464 vigilantissimo

2501 4464 2767 4529 domino
2812 4472 2877 4530 et
2926 4464 3111 4529 fratri
3155 4462 3623 4529 colendissimo.

3937 4549 4267 4616 Genavae.

2674 4703 2973 4770 Gratiam
3030 4714 3098 4768 et
3148 4724 3377 4787 pacem
3419 4726 3459 4769 a
3503 4703 3648 4769 Deo
3699 4714 3885 4787 patre
3936 4724 4056 4788 per
4097 4703 4449 4771 Christum

2502 4799 2906 4857 servatorem
2970 4809 3312 4873 precamur
3373 4791 3490 4856 tibi
3554 4811 3637 4855 ex
3705 4791 3938 4854 animo.
4038 4789 4451 4857 Laudandus

2503 4878 2687 4943 Deus
2732 4896 2806 4940 ac
2848 4884 3036 4958 pater
3071 4875 3339 4941 Domini
3384 4877 3591 4942 nostri
3632 4877 3780 4942 Iesu
3820 4875 4090 4952 Christi,
4137 4878 4245 4959 qui
4286 4876 4447 4943 hao-

2503 4974 2697 5029 tenus
2741 4963 3079 5027 ecclesiam
3125 4981 3309 5027 suam
3355 4983 3489 5027 non
3546 4963 3755 5028 solum
3801 4982 3934 5027 non
3980 4961 4280 5027 destituit
4320 4985 4360 5028 o

2505 5069 2642 5126 sua,
2710 5049 2823 5113 sed
2891 5049 3087 5113 etiam
3154 5069 3318 5132 qnae
3392 5049 3690 5133 promisit
3757 5068 3875 5131 per
3939 5046 4277 5113 Christum
4348 5049 4362 5063 ‘
4424 5049 4440 5062 ‘

2505 5134 2763 5203 abunde
2805 5141 3117 5218 praestat.
3205 5135 3546 5201 Pollicitus
3590 5147 3689 5199 est
3722 5133 3910 5200 nobis
3953 5153 4027 5198 os
4070 5144 4137 5198 et
4178 5135 4445 5218 sapien-

2505 5223 2662 5287 tiam
2713 5241 2916 5302 quum
2984 5221 3299 5288 ducemur
3353 5231 3506 5287 ante
3561 5222 3886 5304 principes
3954 5228 4023 5284 et
4075 5241 4262 5305 reges
4318 5231 4444 5287 etc.

2506 5310 2747 5374 Annon
2809 5306 3128 5374 hactenus
3180 5306 3486 5373 ecclesiae
3561 5316 3821 5372 nostrae
3888 5305 4247 5380 ducuntur,
4308 5308 4449 5372 imo
