4850 6200
332 473 399 532 57
1968 477 2129 536 1554
2173 471 2639 539 FEBRUAR.
4206 488 4291 558 ,58

324 668 386 726 et
429 659 920 726 antichristiano
982 660 1298 745 supplicio
1353 660 1719 727 affecisset?
1802 659 2056 726 Habuit
2110 662 2251 745 qui-

329 744 455 810 dem
496 745 731 811 civitas
776 752 1022 823 vestra,
1083 746 1251 810 vidit
1294 754 1360 811 et
1404 747 1726 830 cognovit,
1772 746 2091 830 plurimos
2134 749 2250 813 ist-

325 829 429 896 hac
466 838 904 909 transeuntes,
948 832 1017 897 in
1038 832 1259 897 Deum
1303 844 1369 898 et
1414 853 1633 897 veram
1678 831 2059 917 religionem
2094 854 2250 900 con-

198 888 237 932 ’Ψ
324 926 613 994 tumaces,
658 917 911 1000 impios,
957 917 1367 999 blasphemos
1400 926 1470 984 et
1501 917 1882 984 manifestos
1924 919 2249 1002 evangelii

322 1010 799 1085 contemptores,
857 1003 991 1068 imo
1034 1014 1104 1068 et
1143 1012 1657 1087 persequutores,
1701 1024 1861 1088 quos
1905 1015 2121 1071 tamen
2168 1004 2247 1069 li-

318 1089 510 1165 beros,
556 1109 816 1155 securos
860 1096 929 1154 et
960 1090 1314 1156 inoffensos
1359 1089 1539 1156 abire
1581 1091 1893 1174 permisit.
1963 1092 2058 1154 At
2090 1113 2247 1156 vero

318 1174 423 1238 hoc
462 1196 672 1238 unum
730 1182 873 1238 erat
924 1184 1120 1257 caput
1172 1184 1513 1259 tantopere
1569 1176 1805 1241 animis
1859 1177 2100 1242 vestris
2143 1178 2245 1242 in-

318 1262 591 1338 fensum,
643 1260 849 1326 oculis
894 1282 1125 1346 grave,
1183 1262 1451 1328 auribus
1494 1261 1825 1341 infestum,
1869 1262 1992 1328 hoc
2036 1284 2244 1327 unum

318 1354 491 1430 caput
536 1355 680 1411 erat
714 1355 815 1411 tot
854 1346 1106 1430 laqueis
1149 1360 1218 1414 et
1260 1347 1516 1414 insidiis
1553 1348 1907 1427 obsessum,
1956 1357 2053 1413 tot
2096 1348 2244 1413 telis

314 1433 694 1515 expetitum,
759 1439 860 1498 tot
920 1432 1081 1500 diris
1145 1442 1210 1499 et
1273 1433 1848 1517 imprecationibus
1907 1433 2241 1500 devotum:

312 1521 391 1585 sic
428 1519 702 1584 tandem
744 1517 989 1600 praeda
1028 1520 1098 1583 in
1142 1541 1360 1587 casses
1403 1518 1674 1599 decidit,
1727 1520 1993 1604 laqueos
2036 1531 2103 1586 et
2144 1522 2245 1586 in-

313 1605 497 1671 sidias
542 1604 795 1671 evitare
828 1625 962 1670 non
1007 1607 1241 1688 potuit:
1300 1605 1566 1671 tandem
1622 1627 1782 1672 suae
1824 1606 2131 1674 audaciae
2174 1616 2242 1673 et

310 1691 689 1756 temeritatis
731 1711 971 1774 poenas
1007 1691 1202 1757 dedit.
1293 1691 1545 1769 Gaude,
1588 1693 1867 1772 Antoni,
1922 1691 2133 1777 gaude
2176 1702 2242 1758 et

309 1778 565 1842 satiare!
657 1776 767 1842 En
809 1786 1004 1860 caput
1049 1789 1116 1842 et
1173 1776 1471 1843 dextram
1516 1777 1835 1856 hominis,
1894 1779 2006 1861 qui
2062 1779 2130 1844 in
2175 1788 2240 1845 te

306 1885 636 1946 moresque
692 1874 835 1928 tuos
892 1863 1117 1929 stilum
1172 1871 1307 1929 tam
1363 1863 1599 1929 acriter
1643 1863 1930 1938 strinxit,
1974 1865 2045 1928 in
2089 1872 2240 1930 tuos

308 1970 546 2015 errores
611 1958 678 2013 et
742 1949 908 2014 vitia
970 1960 1105 2013 tam
1183 1949 1384 2015 libere
1447 1960 1514 2014 et
1576 1949 1848 2016 licenter
1910 1950 2235 2016 invectus!

306 2034 423 2101 Hoc
465 2034 732 2103 Ithacus
773 2035 915 2100 velit
956 2041 1012 2099 et
1052 2055 1276 2120 mayno
1317 2041 1665 2102 mercentur
1706 2037 2018 2103 Atridae!
2054 2040 2108 2111 ⁹)

455 2120 657 2202 Quod
713 2122 768 2187 si
831 2121 1157 2203 pacatiore
1213 2122 1432 2187 animo
1474 2121 1761 2187 iustitiae
1804 2121 1981 2206 leges
2025 2122 2236 2188 consi-

302 2208 591 2274 deremus
610 2259 625 2286 ,
687 2217 933 2290 quanta
975 2227 1127 2272 mox
1172 2208 1511 2285 iniustitia,
1571 2218 1814 2290 quanta
1856 2209 2237 2274 immanitas

302 2294 647 2377 apparebit.
760 2293 971 2359 Nemo
1029 2296 1206 2359 enim
1261 2295 1404 2359 sine
1456 2293 1601 2359 dolo
1667 2302 1875 2360 morte
1937 2295 2234 2378 punitur.

300 2378 630 2460 Quomodo
673 2389 892 2445 autem
947 2377 1077 2445 doli
1121 2380 1177 2445 is
1221 2380 1412 2463 argui
1457 2386 1669 2463 potest
1706 2380 1819 2463 qui
1863 2380 2236 2463 opinionem

298 2468 499 2531 animo
550 2474 933 2549 conceptam
992 2473 1068 2532 ut
1123 2486 1349 2531 veram
1404 2475 1471 2530 et
1525 2464 1970 2550 evangelicam
2030 2467 2235 2549 scrip-

298 2553 452 2618 turis
500 2562 574 2618 et
631 2552 993 2617 rationibus
1051 2554 1221 2617 tueri
1278 2560 1468 2633 atque
1525 2553 1722 2616 etiam
1774 2553 1941 2617 mori
2040 2574 2111 2617 ro
2158 2574 2237 2618 ea

294 2648 550 2720 pmtus
595 2636 744 2702 est?
834 2637 1178 2703 Neminem
1224 2659 1381 2703 sane
1424 2645 1581 2720 puto
1625 2648 1761 2702 tam
1805 2639 1981 2721 stupi
2032 2639 2043 2651 '
2094 2660 2235 2705 esse

292 2724 525 2809 ingenii
548 2776 564 2797 ‚
630 2732 765 2789 tam
809 2724 1027 2790 hebeti
1072 2722 1359 2801 consili0‚
1418 2737 1551 2787 tam
1596 2723 1957 2788 communis
2002 2744 2233 2790 sensus

290 2824 654 2893 expertem,
722 2811 831 2893 qui
890 2810 958 2873 in
1032 2808 1326 2875 animum
1385 2830 1578 2874 suum
1630 2807 1937 2875 inducere
2008 2810 2231 2892 possit,

288 2897 609 2962 hominem
657 2896 829 2961 velle
887 2897 1060 2960 ultro
1114 2894 1463 2960 falsitatem
1525 2895 1645 2959 sibi
1705 2896 2033 2978 cognitam
2079 2915 2229 2961 cum

286 3003 394 3047 suo
433 2981 782 3066 dispendio
822 2981 1168 3047 manifeste
1212 2980 1378 3046 tueri
1398 3032 1414 3059 ,
1472 2988 1540 3045 et
1581 3001 1699 3063 pro
1745 3003 1822 3045 ea
1867 3002 1995 3045 non
2038 2980 2230 3047 modo

284 3068 705 3153 temporalem
763 3067 879 3134 sed
935 3068 1133 3134 etiam
1183 3075 1513 3133 aeternam
1570 3074 1846 3133 mortem
1904 3077 2225 3151 oppetere.

284 3151 676 3237 Quanquam
721 3156 895 3220 enim
940 3154 1251 3237 permulti
1295 3153 1725 3219 inveniuntur
1758 3155 1869 3236 qui
1905 3174 2024 3236 pro
2068 3167 2228 3218 tem-

284 3243 555 3321 porariis
636 3239 993 3306 commodis
1056 3241 1317 3305 veritati
1391 3241 1685 3324 cognitae
1750 3261 1867 3322 pro
1933 3249 2227 3323 tempore

282 3327 697 3412 refragentur
740 3335 856 3391 aut
909 3325 1179 3391 falsitati
1226 3327 1488 3392 faveant
1529 3324 1947 3406 simulantes,
2008 3325 2226 3392 nullus

278 3421 489 3478 tamen
540 3431 833 3495 unquam
874 3415 1185 3478 inventus
1237 3423 1337 3477 est
1390 3411 1499 3494 qui
1551 3432 1668 3493 pro
1712 3410 1878 3477 falsa
1920 3411 2227 3496 opinione

178 3475 205 3528 ’ν
280 3497 567 3580 prudens
611 3500 951 3581 sciensque
994 3498 1162 3562 mori
1208 3498 1522 3574 voluerit,
1589 3509 1655 3561 et
1710 3499 1997 3562 animam
2038 3517 2225 3564 suam

282 3584 353 3648 ad
412 3597 767 3650 aeternum
820 3584 1163 3650 interitum
1215 3585 1419 3668 gratis
1478 3594 1546 3648 et
1596 3596 1824 3665 sponte
1883 3582 2217 3650 deducere.

280 3669 662 3749 Praeterea,
731 3692 931 3753 quum
990 3681 1381 3736 scrutatores
1440 3668 1730 3734 cordium
1782 3668 1965 3734 nullo
2030 3668 2222 3735 modo

279 3778 407 3822 esse
452 3757 814 3840 possimus,
879 3777 1045 3839 quae
1089 3778 1193 3821 res
1237 3755 1360 3822 soli
1402 3756 1544 3821 Deo
1588 3757 1933 3838 praecipua
1978 3766 2095 3834 est,
2141 3755 2222 3821 de

278 3841 481 3908 aliena
557 3843 957 3909 conscientia
1015 3842 1306 3908 iudicare
1371 3851 1614 3906 temere
1677 3861 1811 3906 non
1890 3840 2220 3921 debemus,

274 3949 385 3994 nec
430 3929 726 3994 alienam
783 3928 977 3993 fidem
1034 3928 1106 3992 in
1166 3926 1553 3992 deteriorem
1596 3939 1849 4008 partem
1896 3926 2216 4010 accipere:

276 4013 378 4078 sed
434 4014 603 4079 boni
661 4015 865 4079 animi
929 4014 1312 4097 simplicitas
1382 4023 1448 4077 et
1512 4013 1749 4078 caritas
1803 4012 2082 4079 suadent
2148 4023 2221 4079 ut

271 4100 435 4166 male
480 4102 867 4183 opinantem
911 4099 1017 4164 vel
1074 4101 1463 4165 sentientem
1509 4119 1725 4163 errore
1769 4099 1980 4183 magis
2024 4119 2220 4182 quam

274 4183 409 4251 dolo
478 4207 754 4269 peccare
820 4187 1298 4264 existimemus,
1377 4197 1444 4251 et
1507 4185 1716 4267 magis
1781 4184 2221 4269 imprudentia

263 4270 391 4337 labi
436 4293 645 4355 quam
692 4294 763 4337 se
805 4273 1019 4355 ipsum
1066 4273 1348 4338 scienter
1391 4270 1665 4355 prodere
1718 4280 1783 4336 et
1835 4272 2066 4337 mortis
2110 4293 2218 4337 ae-

265 4369 493 4423 ternae
564 4357 847 4424 vinculis
905 4356 1210 4441 obligare.
1311 4356 1514 4422 Fides
1571 4357 1744 4422 enim
1805 4367 1870 4420 et
1928 4358 2219 4422 veritatis

268 4444 552 4527 cognitio
613 4444 864 4509 donum
922 4441 1050 4509 Dei
1108 4455 1241 4519 est,
1304 4463 1424 4508 nec
1481 4441 1787 4508 omnibus
1832 4445 2009 4508 omni
2053 4451 2217 4508 tem-

262 4549 415 4608 pore
462 4528 685 4595 datur.
778 4528 1070 4612 Spiritus
1114 4550 1270 4612 ergo
1313 4529 1533 4594 omnia
1588 4528 1859 4607 iudicat,
1918 4529 2057 4611 ipse
2102 4550 2218 4594 au-

168 4629 179 4650 ⁴
266 4630 391 4679 tem
438 4636 481 4680 a
528 4614 713 4680 nullo
757 4614 871 4681 sed
915 4636 955 4679 a
997 4636 1068 4681 se
1111 4617 1250 4698 ipso
1272 4614 1613 4680 iudicatur.
1682 4613 1903 4695 Quare
1947 4615 2217 4698 iniquis-

264 4700 505 4765 simum
542 4711 647 4765 est
680 4709 976 4767 errantes
1009 4701 1280 4784 spiritus
1314 4699 1753 4783 corporalibus
1786 4701 2015 4782 poenis
2050 4700 2219 4767 velle

261 4788 738 4870 constringere,
782 4795 849 4852 et
887 4786 1181 4852 homines
1215 4784 1659 4869 imprudenter
1692 4785 1987 4851 labentes
2023 4795 2218 4869 atque

258 4871 425 4936 falsa
468 4873 781 4955 opinione
824 4871 1130 4957 deceptos
1182 4873 1413 4938 ultimo
1468 4871 1781 4955 supplicio
1823 4870 2214 4938 adiudicare.

432 4958 635 5025 Nunc
690 4958 1006 5024 addamus
1070 4958 1386 5041 exempla.
1488 4956 1563 5023 Si
1625 4957 1900 5024 Martini
1955 4957 2218 5024 Lutheri

256 5045 560 5126 spiritus,
604 5065 810 5128 quum
852 5044 997 5110 Deo
1039 5044 1301 5129 placuit,
1346 5044 1418 5108 in
1464 5043 1583 5108 hoc
1616 5045 1937 5109 excitatus
1980 5042 2109 5109 fuit
2140 5053 2218 5109 ut

260 5128 614 5213 plerasque
682 5130 1022 5216 opiniones
1101 5131 1170 5196 in
1249 5130 1565 5214 religione
1643 5130 2001 5195 christiana
2081 5130 2216 5195 iam

255 5215 439 5282 mille
486 5227 563 5281 et
602 5217 911 5283 trecentis
953 5216 1193 5284 abhinc
1237 5216 1428 5282 annis
1470 5215 1726 5298 publico
1771 5217 2064 5284 omnium
2099 5236 2213 5298 pa-

468 5404 535 5471 9)
584 5404 730 5474 Vim.
767 5405 905 5461 Aen.
944 5406 1013 5459 11.
1055 5404 1167 5459 104.

2353 670 2529 725 trum
2590 681 2912 728 consensu
2976 665 3409 733 communiter
3470 666 3913 751 catholiceque
3978 675 4293 755 roeeptas,

2354 748 2741 830 praesertim
2799 748 2900 833 (ut
2957 750 3216 815 interim
3275 749 3434 816 alias
3535 773 3692 836 rope
3743 754 4042 823 infinitas
4098 758 4293 823 omit-

2355 840 2520 914 tam)
2584 832 2663 897 de
2715 836 3258 901 transmutatione
3313 844 3382 901 et
3517 840 3811 904 oratione
3865 841 4055 924 panis
4110 862 4293 927 sym-

2354 917 2562 997 bolici‚
2603 918 2684 984 de
2718 921 3112 1004 purgatorio,
3147 921 3557 988 invocatione
3591 923 3914 1006 divorum,
3950 926 4290 1007 caelibatu,

2347 1003 2555 1069 libero
2598 1004 2865 1070 arbitrio
2908 1014 2975 1072 et
3013 1008 3297 1089 primatu
3331 1028 3642 1074 romanae
3675 1010 3866 1090 sedis,
3909 1014 3976 1078 in
4021 1012 4292 1080 dubium

2348 1111 2482 1156 non
2527 1090 2718 1156 modo
2760 1101 3127 1173 revocaret,
3180 1091 3297 1160 sed
3350 1093 3547 1159 etiam
3601 1095 3793 1161 editis
3850 1098 4291 1167 voluminibus

2348 1175 2420 1240 in
2476 1184 2685 1242 totum
2749 1177 3149 1244 convelleret
3211 1188 3404 1262 atque
3468 1182 3897 1262 rescinderet,
3965 1194 4032 1249 et
4093 1186 4290 1253 falsas

2348 1280 2490 1327 esse
2525 1262 2752 1328 multis
2793 1264 3048 1347 populis
3081 1264 3518 1347 persuaderet,
3555 1286 3680 1331 nec
3711 1274 3934 1333 tamen
3968 1270 4290 1354 quispiam

2348 1369 2523 1414 nunc
2575 1350 2908 1414 invenitur
2965 1369 3047 1415 ex
3103 1350 3187 1416 iis
3253 1352 3368 1435 qui
3409 1351 3826 1437 evangelium
3870 1356 4284 1437 profitentur,

2347 1435 2458 1516 qui
2499 1433 2687 1499 illum
2732 1434 2835 1500 vel
2879 1435 3050 1500 male
3094 1436 3304 1521 egisse
3346 1436 3552 1517 dicat,
3609 1438 3718 1503 vel
3775 1440 4091 1506 flammeis
4131 1463 4286 1525 sup-

2344 1518 2556 1602 pliciis
2613 1520 2882 1604 dignum
2939 1521 3139 1588 fuisse
3198 1523 3468 1601 sentiat,
3523 1524 3637 1607 qui
3696 1546 3897 1590 ausus
3950 1527 4145 1592 fuerit
4190 1536 4288 1593 tot

2344 1606 2697 1672 catholicas
2774 1607 3106 1689 opiniones
3185 1616 3284 1673 tot
3347 1608 3622 1675 saeculis
3686 1612 4099 1678 confirmatas
4164 1635 4285 1679 suo

2345 1691 2582 1774 spiritu
2641 1692 3009 1758 rescindere
3025 1745 3040 1772 ,
3116 1702 3184 1758 et
3243 1695 3613 1761 universam
3692 1696 4030 1763 ecclesiam
4094 1701 4285 1766 novis

2343 1774 2754 1861 dogmatibus
2807 1780 3194 1845 conturbare
3249 1788 3317 1845 et
3368 1782 3672 1846 scismate
3723 1782 4070 1849 manifesto
4113 1787 4286 1849 anti·

2342 1883 2537 1945 quam
2584 1872 2696 1929 aut
2740 1864 2971 1930 saltem
3031 1864 3350 1929 diutinam
3410 1866 3790 1951 religionem
3835 1869 4281 1951 proscindere:

2342 1949 2397 2014 si
2439 1950 2574 2029 uni,
2617 1950 2906 2033 inquam,
2951 1951 3269 2017 monacho
3309 1952 3645 2018 Germano
3687 1956 3933 2035 pacatis
3975 1958 4284 2039 tempori-

2341 2032 2464 2099 bus
2522 2046 2588 2100 et
2658 2037 2930 2102 florente
2983 2037 3284 2102 Romana
3339 2037 3491 2103 sede
3556 2047 3818 2104 tantum
3880 2039 4097 2119 licuit,
4163 2063 4286 2108 cur

2346 2119 2590 2187 Seu-veto
2628 2120 2947 2206 Hispano,
2994 2123 3136 2188 viro
3179 2122 3347 2189 bene
3390 2122 3577 2190 docto
3619 2137 3686 2190 et
3728 2126 3796 2189 in
3833 2127 4032 2192 sacris
4075 2126 4287 2193 literis

2341 2204 2691 2290 diligenter
2732 2215 2994 2274 versato
3050 2217 3244 2291 atque
3298 2209 3653 2276 exercitato
3673 2261 3688 2288 ,
3742 2230 3876 2276 non
3931 2211 4114 2278 licuit
4154 2214 4288 2279 iam

2340 2294 2680 2359 commotis
2737 2294 3135 2377 temporibus
3193 2302 3261 2360 et
3316 2295 3727 2361 scismatibus
3784 2295 4284 2379 superinductis,

2341 2386 2408 2442 et
2463 2378 2651 2444 novis
2706 2379 2994 2463 quotidie
3058 2380 3401 2445 hominum
3452 2402 3491 2446 ο
3538 2381 3899 2462 inionibus,
3962 2383 4284 2467 interpre-

2339 2464 2702 2530 tationibus
2765 2476 2831 2531 et
2889 2464 3166 2532 decretis
3209 2466 3665 2549 gliscentibus,
3727 2468 3986 2534 unicam
4029 2470 4283 2552 opinio-

2338 2572 2494 2614 nem
2536 2548 2616 2615 de
2673 2550 2795 2616 hoc
2851 2551 3239 2635 imaginario
3295 2553 3560 2635 nomin-e
3614 2554 3962 2633 trinifflffl,
4030 2554 4110 2620 de
4153 2577 4281 2639 quo

2338 2657 2421 2701 ne
2466 2635 2719 2719 syllaba
2761 2632 3021 2719 quidem
3061 2636 3133 2701 in
3179 2634 3528 2721 'scripturis
3587 2639 3954 2718 invenitur,
4009 2639 4091 2705 ab
4135 2642 4283 2725 eth·

2339 2721 2501 2787 nicis
2567 2721 2966 2805 philosophis
3029 2723 3312 2806 primum
3378 2723 3844 2801 introductam,
3909 2745 4104 2807 quam
4158 2748 4281 2792 nec

2336 2806 2615 2890 apostoli
2659 2828 2779 2872 nec
2823 2827 3046 2874 eorum
3091 2807 3389 2892 discipuli
3447 2830 3733 2893 unquam
3777 2810 4163 2894 cogitarunt,
4209 2814 4282 2876 in

2336 2892 2607 2959 dubium
2650 2913 2956 2960 revocare
3001 2902 3067 2959 et
3099 2896 3462 2979 scripturae
3498 2896 3849 2961 autoritate
3883 2897 4278 2962 manifestis-

2333 2999 2461 3128 que
2506 2979 2865 3046 rationibus
2899 3001 3240 3046 erroneam
3276 2981 3545 3063 impiam
3579 2990 3645 3046 et
3678 2980 4026 3047 absurdam
4060 2989 4278 3047 osten-

2378 3062 2534 3131 ere?
2613 3065 2850 3132 Nullus
2893 3066 3163 3151 spiritus
3207 3066 3722 3134 contemnendus
3766 3075 3868 3133 est
3906 3067 4022 3133 sed
4061 3069 4282 3135 omnia

2333 3149 2667 3233 probanda
2688 3205 2705 3231 ,
2759 3161 2837 3217 ut
2878 3153 3091 3236 inquit
3131 3153 3382 3221 Paulus
3399 3205 3416 3233 ,
3474 3161 3541 3219 et
3583 3151 3754 3237 quod
3796 3152 4038 3219 bonum
4082 3155 4282 3220 fuerit

2331 3237 2873 3320 amplectendum.
2964 3238 3274 3320 Quotidie
3317 3241 3501 3306 Deus
3542 3258 3747 3306 novos
3790 3240 4060 3322 spiritus
4104 3242 4278 3306 exci-

2332 3329 2432 3388 tat
2477 3323 2560 3389 ad
2595 3325 3060 3390 revelationem
3116 3326 3409 3391 veritatis
3452 3333 3517 3390 et
3559 3323 3944 3392 iudiciorum
3987 3347 4274 3405 suorum,

2331 3419 2397 3474 et
2437 3431 2641 3493 usque
2685 3410 2767 3475 ad
2801 3411 3001 3476 finem
3037 3411 3278 3477 saeculi
3326 3412 3569 3495 iugiter
3603 3411 3927 3489 excitabit,
3969 3432 4055 3476 ne
4095 3413 4274 3494 quis-

2330 3516 2530 3577 quam
2573 3495 2913 3560 hominum
2957 3496 3081 3561 sibi
3123 3496 3404 3562 blandiri
3464 3504 3659 3579 queat
3713 3519 3784 3562 se
3828 3518 4030 3564 unum
4075 3518 4276 3581 super

2330 3602 2556 3646 omnes
2599 3580 3018 3660 illustratum,
3064 3580 3186 3647 sibi
3232 3585 3348 3648 uni
3394 3603 3652 3647 omnem
3699 3582 4047 3649 veritatem
4091 3593 4272 3665 pate—

2326 3666 2599 3732 factam:
2645 3668 2804 3751 quin
2837 3668 2968 3732 imo
3011 3670 3221 3734 omnis
3266 3669 3460 3734 homo
3499 3667 3800 3746 mendax,
3846 3675 3914 3733 et
3954 3668 4275 3734 conclusit

2327 3752 2511 3818 Deus
2566 3774 2795 3820 omnes
2851 3753 2972 3818 sub
3023 3767 3284 3836 peccato
3338 3765 3404 3818 et
3460 3752 3796 3820 mendacio
3853 3761 3928 3818 ut
3979 3755 4273 3819 omnium

2326 3839 2734 3917 misereatur,
2780 3847 2848 3904 et
2888 3839 3066 3905 solus
3125 3840 3263 3923 ipse
3311 3860 3505 3906 verus
3561 3849 3627 3904 et
3669 3859 3868 3905 verax
3911 3841 3980 3903 in
4024 3859 4270 3905 sermo-

2324 3924 2518 3990 nibus
2564 3926 2696 3990 suis
2744 3925 3147 3991 iustificetur.

2498 4008 2632 4076 Sed
2701 4019 2777 4075 ut
2843 4008 2926 4074 ad
2995 4010 3298 4093 exempla
3355 4009 3651 4089 redeam,
3711 4031 3930 4075 annon
4005 4009 4270 4075 Ulricus

2328 4095 2696 4179 Zwinylius,
2743 4096 2848 4160 vir
2889 4097 3038 4179 pius
3083 4106 3151 4162 et
3193 4095 3439 4174 doctus,
3485 4096 3783 4163 fervente
3825 4105 3890 4161 et
3932 4117 4099 4160 novo
4138 4098 4270 4178 spi-

2323 4183 2461 4247 ritu
2504 4181 2780 4247 Martini
2822 4183 3195 4265 opinionem
3240 4180 3320 4248 de
3378 4182 3810 4249 eucharistiae
3859 4193 4270 4248 sacramento

2324 4270 2454 4332 iam
2512 4269 2756 4352 passim
2811 4267 2893 4333 ab
2947 4268 3253 4334 universa
3313 4267 3451 4333 fere
3509 4267 3867 4334 Germania
3921 4274 4267 4349 receptam,

2325 4353 2747 4437 approbatam
2810 4362 2879 4419 et
2946 4353 3466 4419 doctissimorum
3530 4354 3871 4421 hominum
3938 4353 4269 4435 suffragiis

2322 4440 2776 4505 confirmatam
2819 4459 2993 4505 nova
3028 4440 3504 4523 scripturarum
3549 4439 4092 4523 interpretatione
4136 4437 4268 4501 dis-

2322 4524 2547 4600 solvit,
2606 4523 3234 4609 probabilioremque
3305 4524 3752 4592 demonstrare
3807 4532 4082 4589 conatus
4147 4534 4270 4603 est,

2320 4610 2473 4677 licet
2517 4609 2845 4676 Martinus
2888 4611 3236 4690 verborum
3271 4612 3653 4695 proprietati
3693 4611 3907 4694 magis
3947 4609 4268 4686 haereret,

2337 4695 2593 4765 Ulricus
2635 4707 2850 4762 autem
2897 4698 3255 4780 scripturae
3295 4705 3556 4780 tropum
3600 4705 3667 4762 et
3707 4698 3988 4781 figuram
4032 4713 4269 4776 agnos-

2322 4793 2514 4849 ceret.
2617 4782 2806 4864 Quae
2865 4784 3304 4849 controversia
3363 4792 3545 4848 tanto
3610 4782 3766 4848 hinc
3822 4779 3975 4844 inde
4030 4778 4266 4858 studio,

2320 4877 2419 4934 tot
2462 4868 2706 4935 aculeis
2762 4869 2937 4935 inter
2999 4870 3176 4953 ipsas
3230 4869 3643 4952 evangelicae
3701 4865 4120 4950 professionis
4163 4887 4268 4932 ec-

2319 4954 2551 5022 clesias
2594 4955 2841 5038 agitata
2883 4963 2999 5033 est,
3057 4963 3123 5019 et
3164 4976 3368 5038 usque
3414 4956 3479 5020 in
3525 4953 3912 5020 hodiernum
3955 4951 4129 5016 diem
4174 4961 4272 5016 tot

2319 5041 2737 5107 contentiosis
2780 5049 2846 5105 et
2886 5041 3152 5108 famosis
3196 5040 3431 5107 libellis
3475 5042 3780 5126 agitatur,
3824 5044 3901 5102 ut
3933 5036 4061 5103 nisi
4083 5037 4269 5103 Deus

2319 5127 2606 5212 optimus
2645 5147 2916 5192 manum
2959 5126 3301 5196 admoveat
3343 5146 3475 5192 non
3521 5128 3607 5193 sit
3640 5146 3788 5211 spes
3823 5132 4076 5190 tantam
4111 5144 4267 5189 con-

2318 5214 2683 5279 tentionem
2735 5232 2944 5297 usque
2999 5215 3071 5278 in
3128 5213 3301 5278 diem
3359 5209 3586 5279 iudicii
3638 5210 4040 5296 consopitam
4056 5212 4093 5247 ⁴*
4149 5211 4266 5274 iri:

2318 5298 2482 5366 adeo
2524 5298 2827 5382 pertinax
2872 5306 2972 5364 est
3012 5300 3284 5383 quisque
3326 5300 3431 5365 sui
3464 5299 3754 5366 nominis
3796 5305 3867 5364 et
3907 5296 4109 5364 studii
4152 5295 4266 5360 de-

2318 5386 2556 5452 fensor.
2681 5383 2934 5450 Verum
3010 5385 3323 5453 Luthems
3403 5394 3471 5452 et
3549 5385 3898 5472 mlius
3974 5402 4264 5450 summos
