4850 6200
434 457 559 518 633

437 650 736 713 exaratum,
776 652 833 698 et
869 652 1153 714 praeterea
1189 645 1439 726 ut‘pricr
1473 644 1717 698 eiusdem
1752 645 1821 697 ad
1857 645 2089 725 eundem
2123 663 2157 697 a
2189 645 2386 699 biblio-

432 715 993 836 ἓξῗωιῗζωᾛ
1032 723 1093 835 ῗῖ
1139 715 1391 852 ἓξὲἳῗοῖ.
1426 713 2386 836 ὶῖζῗῧῖἴωὲἵ“ἒέἰῆίῖηὲ.ἶ”ἶῗὲἴέᾈξ

433 851 585 905 MSS.
624 852 686 905 12¹.
722 850 796 904 43
837 852 967 905 olim
1003 851 1054 904 V
1090 851 1157 905 11.
1195 852 1286 905 fol.
1320 848 1426 902 492
1465 867 1537 932 v..
1566 852 1805 921 alioquin
1854 851 2128 905 erroribus
2177 852 2384 932 librarii

437 928 671 985 scatens,
709 937 859 973 cums
894 928 1077 974 nmen
1117 937 1219 989 ope
1255 922 1476 973 lacunas
1521 920 1643 973 illas
1683 924 1799 973 sere
1834 937 2022 974 omnes
2058 921 2192 973 satis
2228 922 2383 973 facile

434 991 689 1058 supplere
761 993 1053 1058 potuimus.
1104 1018 1172 1027 --
1233 990 1618 1124 8ἰῦιιὲῖω8ἒ.)θι
1688 991 2026 1060 autographo
2096 990 2386 1058 descripsit

606 1230 677 1297 S.
745 1231 1019 1297 Utinam
1077 1250 1236 1295 vera
1289 1240 1513 1295 essent
1566 1251 1731 1313 quae
1784 1227 2012 1294 scribit
2073 1228 2381 1303 Sulcenoe,

434 1339 640 1401 eaque
686 1318 828 1382 obsi
1077 1336 1338 1399 possem
1378 1336 1525 1381 meo
1568 1317 1906 1400 sanguine,
1965 1326 2033 1380 et
2069 1313 2384 1397 quidquid

432 1426 554 1488 ego
599 1401 775 1469 sensi
864 1404 958 1467 ixi
1003 1402 1234 1484 scripsi
1277 1409 1347 1467 et
1389 1401 1615 1467 audivi
1663 1401 1885 1467 omnia
1928 1411 2148 1466 essent
2189 1420 2383 1483 quam

433 1490 810 1565 falsissima,
874 1511 1006 1554 non
1050 1486 1420 1553 dubitarem
1467 1509 1571 1552 me
1613 1508 1803 1571 posse
1856 1486 2071 1552 redire
2118 1488 2184 1551 in
2232 1508 2382 1571 gra-

434 1577 593 1641 tiam
639 1596 789 1641 cum
842 1575 1152 1650 Τοεεαηο,
1205 1574 1390 1638 cuius
1434 1573 1717 1638 salutem
1773 1594 2032 1657 semper
2089 1573 2381 1654 quaesivi

436 1673 503 1727 et
554 1683 730 1728 nune
795 1682 1045 1745 quoque
1109 1681 1379 1743 quaero:
1446 1660 1578 1725 imo
1642 1680 1970 1742 sperarem
2032 1680 2135 1724 me
2193 1678 2383 1741 posse

435 1748 594 1814 alios
649 1747 1015 1826 conciliare,
1081 1756 1657 1830 quantumcunque
1723 1754 1957 1827 putent
2014 1766 2084 1809 se
2150 1744 2382 1821 laesos,

434 1848 509 1900 ut
551 1856 710 1900 sane
754 1854 949 1917 quam
1006 1832 1395 1917 gravissime
1450 1832 1737 1907 fuerunt,
1799 1841 1865 1895 et
1908 1830 2116 1894 multo
2171 1830 2382 1913 magis

435 1920 758 1987 ecclesiae.
845 1918 921 1985 si
966 1919 1140 1983 enim
1199 1930 1414 2000 pestes
1468 1919 1646 2000 potui
1706 1916 2055 1982 conciliare
2105 1915 2378 1992 Calvino,

434 2028 597 2089 quae
640 2005 894 2090 perdite
938 2011 1212 2089 egerant
1260 2004 1329 2067 in
1372 2003 1643 2069 ecclesia
1687 2002 2088 2080 Genevensi,
2148 2014 2223 2067 ut
2281 2012 2379 2066 ta-

434 2114 615 2159 ceam
662 2092 745 2157 de
794 2090 1036 2167 Corde,
1094 2087 1250 2173 quid
1304 2089 1471 2153 mihi
1526 2110 1661 2154 non
1720 2089 2029 2172 pollicear
2074 2088 2154 2155 de
2211 2090 2378 2152 inte-

433 2178 734 2263 gerrimis
788 2176 1101 2241 fratribus
1159 2177 1268 2259 qui
1326 2176 1538 2258 parati
1591 2186 1750 2240 sunt
1796 2175 1866 2238 in
1921 2173 2223 2238 omuibus
2277 2196 2377 2239 se-

433 2266 542 2348 qui
586 2263 757 2347 quod
798 2265 1007 2327 visum
1054 2263 1177 2327 fuit
1212 2261 1518 2341 eeclesiis,
1565 2262 1674 2344 qui
1720 2283 1849 2325 non
1893 2261 2131 2344 impios
2169 2281 2379 2342 neque

431 2351 790 2416 haereticos
846 2348 959 2413 sed
1017 2351 1161 2431 pios
1206 2358 1274 2412 et
1329 2368 1543 2423 sanos,
1601 2368 1733 2411 non
1790 2348 1952 2413 fucis
2008 2354 2075 2410 et
2118 2344 2376 2410 menda-

431 2439 545 2503 ciis
612 2434 728 2502 sed
792 2434 971 2499 nuda
1036 2450 1103 2500 et
1163 2442 1389 2517 aperta
1446 2446 1725 2518 egerunt.
1782 2432 2076 2509 veritate,
2142 2445 2218 2497 ut-
2273 2453 2379 2496 res

429 2524 571 2605 ipsa
634 2522 849 2603 magis
912 2520 1216 2603 loquatur
1281 2541 1473 2602 quam
1541 2519 1633 2601 pii
1700 2518 1933 2583 fratres
1997 2526 2378 2601 querantur.

430 2608 673 2673 Videat
726 2607 1056 2672 Dominus
1114 2621 1183 2670 et
1240 2604 1497 2670 iudicet.
1586 2605 1901 2688 Magnam
1955 2612 2131 2669 certe
2192 2604 2378 2668 video

426 2696 592 2759 iram
662 2692 788 2757 Dei
855 2694 926 2756 in
998 2693 1366 2767 Tossanum,
1433 2692 1544 2772 qui
1607 2690 1997 2755 adversatur
2061 2689 2377 2772 quidquid

428 2801 660 2846 sanum
707 2790 825 2856 est,
874 2788 940 2842 et
980 2779 1159 2842 viam
1203 2776 1567 2859 praecludit
1610 2776 1835 2841 amicis
1879 2775 1991 2858 qui
2033 2788 2189 2841 sunt
2232 2797 2374 2840 ma-

427 2868 524 2951 gis
569 2865 831 2932 solliciti
869 2862 948 2929 de
985 2863 1194 2928 salute
1230 2864 1436 2946 ipsius
1473 2883 1667 2945 quam
1704 2863 1903 2926 miser
1939 2862 2041 2926 sit.
2089 2861 2298 2926 Boino
2322 2866 2373 2935 ¹)

424 2952 772 3035 praecipue
819 2951 1028 3015 utitur
1074 2951 1213 3014 viro
1257 2970 1522 3031 prorsus
1566 2948 1801 3029 impie,
1859 2949 1972 3030 qui
2026 2947 2179 3013 facit
2223 2969 2374 3012 cum

425 3037 686 3104 Davide
738 3037 1023 3122 Georgia
1047 3039 1102 3110 ²)
1158 3056 1286 3118 quo
1331 3046 1508 3101 terra
1552 3056 1681 3098 non
1743 3035 1869 3098 fert
1911 3031 2102 3097 hodie
2148 3054 2374 3118 parem

425 3126 499 3189 in
561 3125 924 3208 impietate:
997 3125 1128 3188 imo
1198 3133 1372 3187 totus
1429 3120 1679 3186 Boinus
1737 3121 1913 3186 illius
1964 3120 2240 3203 Georyii,
2307 3129 2376 3185 et

426 3213 612 3277 fucus
670 3211 778 3276 ille
823 3209 1114 3276 crebrius
1174 3209 1401 3274 invisit
1451 3209 1816 3273 Tessanum.
1902 3205 2171 3283 Suadet,
2215 3226 2372 3273 con-

427 3296 579 3362 sulit
623 3296 939 3380 quidquid
988 3296 1147 3360 vult.
1236 3296 1460 3360 Habet
1510 3293 1846 3375 improbus
1902 3302 2370 3358 assentatores:

467 3385 581 3448 uin
628 3383 850 3466 pulsos
895 3382 975 3447 ob
1020 3382 1421 3464 impietatem
1467 3380 1537 3444 in
1583 3379 1824 3444 delitiis
1870 3378 2084 3456 habet,
2141 3379 2257 3462 qui
2299 3379 2371 3443 in

542 3471 759 3533 vinum
802 3468 1159 3546 insaniunt,
1215 3489 1254 3532 a
1297 3488 1423 3550 quo
1468 3467 1728 3531 veniam
1786 3466 2119 3549 petierunt
2171 3464 2370 3530 etiam

424 3556 496 3619 in
498 3555 679 3705 hil-pse
723 3563 955 3619 senatu
1000 3553 1345 3620 Bernensi.
1415 3552 1476 3620 Ο
1522 3552 1835 3617 miserum
1881 3551 2217 3616 hominem
2259 3553 2371 3633 qui

423 3641 493 3704 ni
548 3641 561 3655 ⁸
638 3639 760 3706 sibi
806 3640 996 3704 timet
1038 3662 1078 3704 a
1122 3652 1258 3704 tam
1302 3639 1605 3724 perditis:
1664 3647 1731 3703 te
1775 3659 1860 3702 ne
1902 3637 2127 3704 fratris
2170 3638 2371 3703 facias

423 3727 705 3793 officium
766 3725 873 3810 (ut
916 3725 995 3790 de
1040 3726 1186 3791 aliis
1229 3727 1512 3807 taceam)
1574 3724 1709 3790 suis
1774 3724 2032 3789 technis
2098 3724 2187 3788 im
2235 3722 2373 3789 edit

422 3834 507 3878 ne
549 3819 834 3878 sanetur.
925 3813 1169 3877 Literis
1216 3833 1441 3897 speras
1498 3824 1563 3875 te
1605 3830 1795 3894 posse
1841 3808 2104 3893 aliquid.
2245 3830 2369 3873 ane

422 3900 777 3964 cautiorem
813 3909 882 3962 et
916 3898 1304 3966 deteriorem
1346 3897 1596 3974 reddes,
1634 3918 1765 3960 non
1802 3895 2196 3972 emendabis,
2240 3894 2371 3959 nisi

420 4006 640 4051 coram
687 3994 755 4048 et
798 4006 870 4050 re
913 3986 1055 4068 ipsa
1097 3986 1471 4051 convincas.
1553 3981 1627 4049 Si
1672 3981 1886 4047 callidi
1933 3983 2069 4047 sint
2112 3993 2179 4046 et
2219 4003 2367 4063 spa-

420 4073 587 4137 tium
645 4070 934 4136 habeant
987 4092 1104 4154 pro
1164 4083 1314 4136 voto
1369 4067 1818 4153 confingendi,
1885 4078 2143 4132 tantum
2190 4068 2367 4132 acuis

418 4158 696 4240 scriptis.
800 4155 1059 4222 Vellem
1125 4157 1373 4223 Sulcero
1436 4157 1782 4221 Tessanum
1847 4154 2058 4237 magis
2115 4166 2363 4232 notum,

412 4258 479 4308 et
521 4243 878 4308 Beraldum
904 4247 962 4319 ⁸)
1023 4265 1275 4326 quoque
1336 4263 1529 4326 quem
1584 4239 1858 4323 perdere
1921 4241 2242 4305 Tossanus
2298 4250 2366 4303 et

410 4329 664 4395 Boinus
718 4328 827 4393 ille
880 4327 1176 4412 perditus
1231 4349 1380 4395 cum
1433 4327 1681 4408 aliquot
1746 4326 1892 4391 aliis
1957 4327 2155 4408 impie
2212 4346 2361 4390 sen-

409 4415 726 4481 tientibus
790 4423 1061 4480 conatus
1128 4422 1257 4493 est,
1319 4425 1398 4479 ut
1457 4413 1621 4478 nihil
1690 4413 1896 4477 fixum
1962 4422 2032 4476 et
2094 4413 2359 4476 firmum

406 4499 696 4578 haberet,
742 4522 973 4566 verum
1019 4503 1090 4565 in
1125 4499 1428 4566 omnibus
1464 4509 1748 4576 nutaret,
1768 4500 1826 4580 ⁴)
1868 4517 1944 4562 ae
1989 4518 2108 4581 pro
2151 4496 2358 4563 solido

408 4597 478 4651 et
509 4587 884 4652 firmissimo
921 4587 1229 4670 fidelique
1254 4586 1632 4653 Christiano
1674 4585 1914 4667 impius
1959 4593 2027 4648 et
2068 4583 2361 4649 incertus

407 4685 579 4739 esset
602 4673 1062 4739 Academicus:
1107 4673 1277 4755 quod
1316 4693 1449 4737 non
1481 4693 1565 4736 ex
1607 4671 1750 4754 ipso
1798 4670 2036 4736 rescivi
2060 4668 2357 4746 Remulo,

408 4759 521 4824 sed
582 4758 727 4824 aliis
786 4758 912 4823 fide
975 4758 1194 4844 dignis
1253 4768 1320 4824 et
1374 4758 1691 4842 pluribus.
1780 4756 1871 4821 Et
1924 4778 2083 4821 sane
2139 4756 2357 4820 nescio

409 4845 562 4928 quid
626 4845 757 4909 iam
826 4847 995 4911 serio
1048 4846 1369 4911 Possum-s·
1426 4854 1579 4927 agat
1635 4853 1703 4908 et
1759 4842 1950 4921 dieat,
2019 4843 2146 4906 nisi
2203 4861 2355 4907 cum

530 5023 593 5030 ›vu——
642 5022 759 5030 ς-ιῗ,
780 5023 803 5027 --

406 5119 583 5175 2216.
608 5119 668 5190 1)
777 5160 789 5173 .
827 5119 907 5176 N.
942 5118 1097 5175 2156.

603 5188 667 5325 ἓξ
706 5205 891 5326 922,
928 5260 981 5311 a·
1012 5258 1142 5312 talio
1171 5256 1369 5323 fuisset
1405 5271 1471 5311 ac
1487 5255 1577 5310 hic
1604 5253 1937 5324 delii-qim,
1961 5254 2222 5309 Calvinus
2241 5271 2352 5309 non

406 5325 677 5462 ‘'¹⁶¹¹‘'ss
702 5332 955 5449 ἑῗᾶἒῗ
989 5324 1100 5448 ‘ff
1133 5323 1309 5393 '¹⁵⁶²

2235 463 2396 521 1555
2442 454 2627 523 IUN.

4312 462 4437 523 634

2492 644 2648 710 suis.
2736 643 2916 725 Quid
2974 643 3296 710 Ber-aldus
3359 645 3438 709 de
3504 646 3780 711 Tossano
3844 647 4128 728 iniquius
4195 650 4440 712 sentiat

2493 752 2625 795 non
2685 730 2894 807 video,
2958 751 3158 813 quum
3215 752 3329 813 per
3374 751 3524 795 eum
3571 742 3803 797 nactus
3859 734 3947 796 sit
4002 731 4072 797 id
4114 731 4286 815 quod
4330 733 4437 798 vel

2492 818 2776 881 maxime
2819 816 3103 899 optabat,
3163 837 3399 898 nempe
3443 829 3516 881 ut
3570 839 3703 882 non
3749 817 3941 883 modo
3999 815 4436 883 idololatriam

2490 903 2746 985 fugeret
2781 904 2995 978 (cuius
3026 903 3240 985 gratia
3275 903 3600 986 insignem
3637 906 3960 968 recusavit
3994 905 4436 971 conditionem

2490 987 2560 1050 in
2605 1009 2732 1069 qua
2789 988 3092 1070 plurimis
3140 1000 3396 1070 poterat
3438 1010 3632 1070 quam
3679 991 3961 1054 maxime
4017 990 4322 1072 prodesse
4366 991 4435 1054 in

2489 1073 2673 1138 bouis
2711 1073 2936 1145 literis.
2975 1074 3089 1138 sed
3127 1074 3358 1138 horror
3392 1074 3798 1139 idololatriae
3834 1077 4136 1141 avocavit
4174 1078 4434 1153 virum),

2487 1158 2604 1223 sed
2647 1161 2845 1224 etiam
2889 1162 3200 1243 pietatem
3248 1168 3475 1242 aperte
3517 1161 3588 1224 in
3633 1161 3902 1226 ecclesia
3947 1171 4317 1242 testaretur,
4359 1174 4439 1228 ut

2490 1265 2623 1308 non
2660 1244 2948 1309 dubitem
2992 1248 3204 1310 virum
3243 1245 3406 1310 nihil
3448 1267 3580 1310 non
3625 1246 3951 1312 facturum
4000 1258 4066 1312 et
4110 1247 4435 1313 dicturum

2488 1333 2561 1394 in
2605 1332 2884 1415 gratiam
2930 1333 3201 1397 Tossani
3236 1332 3409 1415 quod
3455 1334 3661 1414 possit
3703 1333 3889 1397 salva
3930 1335 4191 1417 pietate.
4256 1335 4436 1399 Reli-

2488 1417 2702 1498 gionis
2768 1416 3129 1482 doctrinam
3208 1417 3457 1482 salvam
3525 1429 3592 1481 et
3663 1420 3987 1502 integram
4053 1429 4349 1502 perstare
4380 1424 4434 1501 ⁸)

2489 1503 2715 1568 scribit
2763 1502 3073 1568 Sulcerus.
3161 1503 3434 1570 Utinam
3482 1515 3729 1585 quanto
3777 1505 4049 1570 vicinior
4091 1517 4193 1570 est
4251 1516 4433 1571 tanto

2488 1590 2782 1653 exactius
2825 1588 2891 1652 id
2939 1589 3346 1672 disquireret.
3439 1590 3618 1654 Sane
3658 1589 3915 1654 videret
3956 1601 4276 1672 quantum
4320 1614 4433 1657 ve·

2491 1676 2642 1737 neni
2686 1675 2940 1740 Boinus
2983 1687 3050 1740 et
3096 1674 3371 1740 Castalio
3415 1678 3483 1739 in
3535 1676 3884 1741 Tessanum
3943 1688 4010 1742 et
4067 1698 4221 1743 suos
4279 1697 4432 1742 evo-

2488 1771 2813 1824 muerunt.
2902 1760 2978 1827 Si
3022 1762 3394 1826 iustificatio
3439 1770 3791 1839 evertatur,
3840 1762 3950 1827 ubi
3997 1762 4288 1827 doctrina
4328 1764 4432 1828 in-

2487 1845 2714 1929 tegra?
2802 1846 2879 1911 Si
2947 1846 3198 1912 Bellias
3260 1847 3475 1913 locum
3541 1846 3810 1925 habeat,
3888 1849 3945 1913 si
4015 1849 4178 1913 nulli
4243 1849 4434 1914 cedat

2486 1929 2738 1997 Boinus
2795 1934 2860 1996 in
2919 1934 3180 2014 pietate,
3239 1935 3345 2014 qui
3406 1942 3665 2017 praeter
3719 1932 4044 1999 Davidem
4096 1935 4435 2018 Georyium

2486 2016 2656 2081 nihil
2701 2020 2992 2100 suspicit,
3040 2040 3279 2101 quaeso
3315 2020 3613 2084 invenias
3651 2022 3793 2084 sani
3831 2020 4120 2103 aliquid?
4189 2022 4433 2086 Pacata

2486 2103 2783 2168 scribunt
2845 2108 3066 2169 omnia
3131 2120 3193 2168 et
3254 2106 3609 2187 tranquilla
3672 2106 4045 2170 consiliarii.
4157 2106 4432 2172 Utinam

2485 2201 2702 2254 essent
2762 2204 2827 2252 et
2893 2200 3118 2256 sancte
3181 2207 3695 2273 perseverarent.
3786 2192 4035 2256 Verum
4095 2194 4150 2256 si
4204 2214 4431 2257 omnes

2483 2276 2576 2338 ita
2620 2276 3042 2357 loquerentur
3086 2298 3214 2340 non
3260 2276 3625 2342 crederem:
3676 2292 3787 2341 aut
3823 2288 4076 2359 oportet
4110 2280 4250 2362 pies
4294 2302 4430 2343 om-

2485 2380 2603 2424 nes
2671 2382 2937 2443 prorsus
3003 2364 3242 2427 fractos
3301 2378 3366 2427 et
3423 2363 3676 2427 Christi
3741 2362 3974 2427 oblitos
4040 2365 4146 2429 vel
4213 2366 4429 2430 nullos

2483 2467 2626 2511 esse
2672 2459 2738 2511 et
2782 2448 2951 2512 solos
2997 2449 3233 2531 impios
3277 2470 3554 2532 regnare
3597 2459 3664 2514 et
3707 2470 4067 2531 superesse,
4126 2461 4241 2514 aut
4285 2452 4429 2515 fieri

2485 2553 2614 2596 non
2673 2548 2886 2615 potest
2947 2546 3020 2597 ut
3076 2556 3206 2618 pax
3266 2535 3484 2617 aliqua
3540 2536 3640 2599 sit.
3731 2536 3901 2599 Nam
3964 2544 4025 2599 te
4055 2538 4112 2607 ⁶)
4170 2558 4428 2617 quaese,

2486 2628 2674 2701 putas
2732 2620 3012 2702 aliquem
3074 2642 3270 2686 sanae
3315 2621 3574 2695 mentis,
3634 2622 3747 2702 qui
3806 2622 3993 2684 novit
4048 2634 4227 2686 tuam
4274 2643 4426 2687 eon-

2482 2705 2791 2769 stantiam
2850 2715 2917 2770 et
2982 2717 3280 2770 sanetum
3345 2706 3478 2771 illic
3543 2716 3872 2771 servatum
3934 2707 4246 2785 ordinem,
4313 2711 4425 2791 qui

2481 2790 2652 2855 ferre
2687 2793 2893 2873 possit
2929 2792 3236 2868 dieentes,
3283 2792 3430 2857 ideo
3475 2792 3821 2877 lugubrem
3870 2808 3936 2856 et
3980 2794 4428 2859 calamitosam

2482 2875 2543 2939 ei
2600 2879 2951 2961 contigisse
3007 2877 3442 2943 calamitatem
3489 2878 3642 2960 quia
3685 2878 4119 2961 disciplinam⁴
4157 2880 4428 2945 haberet

2481 2963 2970 3045 evangelicam?
3064 2962 3259 3043 Quod
3317 2977 3451 3028 tam
3510 2978 3609 3029 cst
3655 2965 4001 3048 vulgatum
4046 2964 4220 3048 apud
4271 2966 4424 3030 Tos-

2478 3067 2704 3113 sanum
2748 3061 2814 3114 et
2858 3071 3009 3116 suos
3053 3070 3248 3132 quam
3294 3051 3465 3133 apud
3507 3072 3625 3116 nos
3669 3049 4022 3116 fidentibus
4051 3053 4106 3134 ⁷)
4150 3051 4423 3117 Domini

2479 3135 2840 3201 affuturum
2886 3136 3226 3201 auxilium.
3318 3137 3451 3202 Sed
3496 3138 3811 3203 Bellistae
3863 3138 4049 3220 impii
4095 3159 4227 3202 non
4273 3159 4422 3203 ver-

2477 3220 2633 3285 bum
2679 3223 3047 3298 attendunt,
3094 3244 3214 3288 nec
3259 3245 3342 3287 ex
3388 3244 3463 3286 eo
3507 3222 3819 3296 iudicant,
3878 3223 3990 3288 sed
4033 3245 4118 3287 ex
4163 3232 4421 3303 eventu,

2478 3316 2544 3371 et
2599 3308 2959 3393 nigerrima
3015 3308 3130 3372 illa
3187 3309 3430 3374 inferni
3486 3310 3819 3393 republica
3843 3313 3902 3380 ⁸)
3964 3330 4157 3392 quam
4201 3308 4420 3374 candi-

2478 3391 2626 3457 dam
2685 3406 2947 3459 vocant:
3015 3416 3136 3459 nec
3196 3403 3450 3459 tantum
3508 3395 3854 3478 disciplina
3896 3395 4422 3461 Constantiensis

2477 3478 2606 3544 illis
2665 3482 3003 3565 flagitiosis
3063 3479 3432 3556 damnatur,
3493 3502 3719 3545 verum
3781 3483 4051 3565 insuper
4106 3482 4421 3563 quidquid

2479 3585 2708 3630 verum
2766 3578 2832 3633 et
2889 3569 3073 3650 pium
3120 3575 3239 3643 est,
3301 3565 3610 3650 quidquid
3658 3566 3864 3631 Ballio
3906 3576 3973 3632 et
4020 3567 4264 3632 Servate
4307 3566 4420 3631 ad-

2475 3663 2796 3718 versatur.
2857 3654 2987 3718 Hic
3032 3653 3175 3735 quis
3219 3653 3367 3736 pius
3408 3673 3631 3735 pacem
3678 3653 3980 3717 habuerit
4022 3674 4173 3716 cum
4217 3655 4422 3719 tantis

2475 3738 2840 3819 portentis?
2930 3740 3318 3803 Doctrinam
3366 3738 3515 3803 fidei
3564 3753 3630 3802 et
3672 3740 3924 3822 gratiae
3968 3755 4034 3803 et
4090 3738 4153 3802 id
4212 3761 4420 3823 genus

2476 3838 2696 3906 aperte
2742 3835 3074 3890 testantur
3099 3846 3228 3887 non
3273 3824 3726 3890 inculcandam
3751 3824 3943 3908 plebi,
3982 3846 4099 3890 nec
4135 3847 4211 3889 ea
4251 3846 4419 3907 quae

2472 3909 2617 3974 Deo
2655 3922 2909 3976 tantum
2947 3911 3181 3976 tribuit
3215 3912 3559 3993 scriptura,
3600 3912 3784 3977 euius
3815 3913 4421 3993 interpretationem

2473 4006 2539 4060 et
2584 4017 2853 4062 sensum
2895 4013 3029 4062 tam
3061 4005 3114 4070 ⁹)
3160 3997 3450 4062 iudicant
3502 3999 3829 4063 incertum
3877 4019 4072 4080 quam
4132 3997 4420 4062 bumana

2472 4080 2791 4166 dogmata.
2887 4085 3020 4150 Nec
3087 4083 3261 4146 enim
3329 4083 3520 4147 aliter
3579 4083 3834 4166 legunt3
3899 4085 4030 4147 imo
4099 4105 4217 4148 nee
4283 4093 4414 4146 tam

2469 4179 2714 4233 certam
2750 4175 2832 4240 ¹⁰)
2882 4169 3123 4235 habent
3169 4170 3574 4250 scripturam,
3631 4191 3824 4252 quam
3870 4171 4069 4234 etiam
4117 4167 4414 4232 nonnulli

2471 4254 2875 4321 haesitantes
2913 4256 3218 4321 Lutetiae
3255 4255 3659 4319 Parisiorum
3706 4256 3934 4338 legunt
3969 4254 4411 4330 Aristotelem,

2465 4341 2619 4422 quia
2685 4351 2984 4424 receptus
3050 4357 3114 4406 et
3180 4340 3494 4423 probatus
3560 4342 3646 4405 sit
3701 4340 4095 4425 Gymnasio:
4165 4339 4415 4403 bomini

2467 4435 2723 4491 tantum
2772 4428 3074 4492 deferunt
3117 4439 3192 4490 ut
3236 4426 3404 4491 nihil
3450 4448 3580 4490 non
3642 4427 3729 4491 sit
3773 4428 3841 4489 in
3901 4427 4100 4508 ipsius
4145 4424 4411 4502 viribus,

2465 4512 2520 4576 si
2569 4512 2727 4577 velit
2771 4523 3045 4578 tantum.
3127 4511 3444 4577 Officiarii
3493 4512 3702 4577 Ballio
3743 4534 3874 4577 non
3922 4509 4408 4576 contradicunt:

2462 4600 2620 4679 quin
2666 4620 2866 4682 supra
2910 4621 3135 4665 omnes
3179 4598 3484 4663 evehunt.
3560 4600 3878 4664 Possumus
3913 4606 3979 4661 et
4013 4597 4115 4660 sui
4152 4617 4410 4661 menses

2462 4682 2713 4766 aliquot
2756 4687 3131 4769 priusquam
3194 4683 3480 4766 prodiret
3535 4684 3702 4748 liber
3735 4688 3819 4760 ¹¹)
3861 4683 4282 4747 minabantur
4324 4683 4406 4746 si-

2665 4973 2725 5038 5)
2765 4989 3044 5045 praestare
3093 4977 3149 5030 Τ.

2667 5043 2726 5107 6)
2766 5056 2823 5097 et
2869 5044 2924 5098 T.

2668 5111 2724 5179 7)
2758 5113 3007 5168 fidelibus
3052 5114 3108 5167 Τ.

2667 5183 2728 5318 33
2764 5185 2913 5237 locus
2948 5187 3011 5304 ⁸31¹
3055 5183 3110 5237 Τ.
3146 5189 3197 5237 et
3229 5198 3323 5250 ορ.
3365 5180 3646 5235 Simorum
3683 5183 3838 5235 varie
3871 5187 4178 5247 corruptus.

2759 5263 2913 5304 tuum
3010 5294 3020 5304 .

2637 5319 2726 5388 10)
2763 5327 2960 5374 tectam
3007 5320 3066 5375 Τ.

2636 5388 2729 5455 11)
2767 5389 2934 5443 Bella·
2964 5392 3216 5459 farn-ayo.
