4850 6200
517 467 640 529 347

510 651 1005 736 resiouyssance
1048 646 1130 714 (16
1172 656 1320 713 1666
1358 646 1457 714 166
1498 644 1825 713 membres
1866 643 1950 711 (16
1988 645 2189 714 Jesus
2229 643 2460 712 Ohrist

514 744 726 823 quant
764 735 851 802 ilz
893 743 1137 820 voyent
1223 754 1307 800 66
1355 755 1473 801 666
1516 753 1670 798 nom
1713 743 1816 798 est
1856 732 2168 816 magnific
2231 752 2352 814 par
2393 733 2459 798 16

512 832 864 890 constance
925 819 1216 889 invincib
1242 840 1280 884 6
1338 816 1420 885 (16
1473 841 1579 885 666
1631 825 1923 901 martyre
1944 868 1960 896 ,
2017 816 2314 902 maulgre
2391 819 2460 884 16

511 906 991 977 contradiction
1036 905 1150 972 des
1206 905 1480 989 iniques.
1584 904 1675 969 Et
1729 925 1862 970 non
1913 902 2305 969 seullement
2361 904 2458 970 les

511 993 765 1061 fldelles
804 992 919 1076 qui
961 991 1022 1057 le
1066 998 1217 1058 sont
1258 1013 1342 1058 66
1399 1010 1473 1056 66
1514 989 1753 1055 monde
1793 996 1913 1056 ont
1965 988 2045 1055 de
2102 1010 2275 1075 quoy
2319 1011 2457 1056 ses-

511 1079 710 1166 iouyr
751 1078 918 1145 mais
955 1078 1134 1144 aussi
1170 1078 1269 1142 les
1326 1096 1530 1161 anges
1586 1074 1676 1140 du
1730 1077 1870 1144 ciel.
1968 1074 2102 1141 Les
2159 1076 2458 1142 hommes

510 1174 634 1231 ont
673 1187 756 1231 en
799 1163 941 1231 cela
983 1163 1330 1248 avantaige
1372 1173 1511 1230 cest
1551 1161 1726 1244 quilz
1768 1168 1921 1228 sont
1963 1161 2266 1227 (16611661
2307 1163 2457 1245 6166

510 1252 856 1318 confirmem
932 1271 1182 1316 comme
1272 1270 1357 1315 au
1454 1249 1778 1315 contraire
1863 1248 2309 1314 linconstance
2390 1255 2458 1314 et

509 1336 829 1403 laschette
872 1335 987 1402 des
1030 1356 1307 1419 pauvres
1350 1333 1781 1400 malheureux
1825 1335 1935 1417 qui
1978 1345 2335 1399 renoncent
2391 1334 2458 1399 la

510 1425 719 1490 verite
761 1441 1100 1507 congneue
1163 1432 1264 1486 est
1325 1440 1517 1486 cause
1579 1419 1661 1486 (16
1725 1420 2056 1486 subvertir
2095 1418 2160 1485 la
2218 1420 2329 1505 foy
2373 1419 2457 1486 de

507 1508 842 1593 plusieurs
883 1508 1197 1574 infirmes.
1295 1506 1481 1592 Vray
1526 1514 1628 1570 est
1668 1527 1793 1589 que
1834 1528 2000 1572 nous
2044 1526 2128 1571 en
2187 1506 2455 1589 parlons

508 1614 552 1659 6
593 1606 768 1662 66616
807 1593 1012 1659 116616
1046 1600 1300 1659 6616616
1345 1592 1500 1658 hors
1544 1591 1658 1657 des
1702 1611 1919 1677 coups,
1956 1592 2123 1657 mais
2160 1613 2290 1657 non
2334 1613 2455 1675 pas

506 1681 639 1747 fort
679 1681 881 1765 loing,
927 1689 995 1745 61
1035 1699 1124 1764 ny
1169 1698 1210 1742 a
1253 1677 1368 1743 nul
1410 1675 1493 1742 (16
1535 1699 1702 1743 6666
1735 1678 1846 1762 qui
1892 1677 2148 1744 66616116
2188 1680 2453 1762 iusques

510 1787 553 1831 6
606 1774 833 1850 quant.
948 1764 1260 1848 Parquoy
1319 1772 1467 1829 tous
1538 1764 1869 1831 ensemble
1940 1783 2311 1848 apprenons
2372 1763 2453 1830 (16

506 1851 820 1936 regarder
861 1871 943 1916 au
992 1849 1133 1917 Ciel
1190 1858 1259 1916 et
1298 1870 1384 1915 ne
1427 1870 1592 1915 nous
1633 1850 1865 1916 iamais
1909 1850 2144 1928 166661,
2190 1851 2454 1933 1666666

511 1959 553 2003 6
594 1958 669 2004 66
711 1959 838 2021 que
879 1958 1045 2003 nous
1098 1956 1302 2020 ayone
1346 1935 1590 2002 acheve
1644 1945 1868 2002 nostre
1923 1956 2169 2002 course.
2272 1937 2454 2002 Pour

507 2022 675 2089 faire
718 2025 813 2091 fin
855 2045 1020 2088 nous
1063 2022 1362 2107 prierons
1408 2031 1556 2087 1666
1612 2043 1686 2088 66
1743 2021 1869 2089 1166
1932 2023 2102 2088 Dieu
2162 2030 2230 2087 et
2282 2023 2453 2089 Pere

510 2108 592 2174 (16
647 2129 812 2175 vous
855 2110 1027 2174 tenir
1101 2109 1429 2176 tousiours
1487 2108 1550 2173 la
1606 2109 1785 2173 main
1841 2110 2010 2175 forte
2065 2129 2229 2192 pour
2290 2129 2453 2174 vous

509 2193 764 2263 donner
805 2195 1077 2261 victoire
1119 2216 1203 2260 en
1265 2214 1427 2260 vous
1481 2195 1774 2260 combatz
1831 2215 1990 2261 vous
2041 2194 2277 2278 guider
2332 2215 2455 2277 par

505 2302 625 2348 son
692 2282 904 2347 sainct
957 2280 1191 2363 esprit,
1248 2301 1405 2346 vous
1461 2280 1644 2345 avoir
1695 2302 1780 2346 en
1834 2301 1909 2347 sa
1966 2282 2327 2364 protectiou
2386 2292 2456 2346 61

505 2368 889 2434 finalement
922 2387 1088 2432 vous
1131 2366 1293 2432 faire
1336 2366 1545 2431 sentir
1578 2365 1713 2447 quil
1758 2389 1798 2432 a
1838 2366 1901 2433 16
1943 2368 2134 2453 soing
2176 2365 2257 2433 (16
2292 2388 2455 2434 vous

506 2452 850 2519 tellement
901 2474 1026 2536 que
1079 2472 1243 2518 vous
1298 2475 1344 2535 y
1401 2453 1683 2534 puissiez
1741 2453 1925 2519 avoir
1976 2454 2178 2519 ferme
2245 2474 2452 2537 repes.

504 2541 722 2622 Apros
807 2559 979 2604 nouz
1064 2549 1237 2604 estre
1315 2539 1813 2604 recommandez
1880 2561 1920 2605 6
2004 2559 2121 2606 vos
2207 2540 2454 2606 bonnes

503 2645 755 2708 prieres
799 2674 1124 2689 ......

1293 2914 1699 2929 o--——-——=b———

1382 3153 1584 3225 2⁰62.

882 3307 1392 3375 HALLERUS
1436 3308 2069 3377 BULLINGERO.

679 3477 983 3547 calvinus
1024 3479 1300 3546 nondum
1352 3485 1680 3560 mantus,
1736 3482 1873 3566 ipse
1910 3482 2206 3564 fortassis
2251 3486 2455 3552 aderit

498 3585 759 3630 cmc-sam
799 3584 989 3632 suom
1032 3570 1306 3632 aeturus.

499 3736 862 3806 (Exest-ptum
898 3752 964 3791 ex
1012 3741 1241 3806 autogra
1277 3736 1349 3790 ho
1397 3738 1564 3792 Arch.
1608 3737 1787 3794 Turio.
1835 3741 1977 3796 Plut.
2021 3742 2115 3795 VI.
2171 3743 2295 3798 Vol.
2333 3742 2451 3804 154,

589 3805 719 3859 elim
755 3804 925 3860 86116.
961 3804 1021 3859 Β.
1059 3806 1200 3877 11166.
1284 3822 1390 3860 om.
1424 3804 1512 3861 32.
1548 3806 1640 3860 fol.
1674 3805 1793 3862 207.
1830 3809 2042 3863 Simler.
2083 3811 2205 3866 Vol.
2241 3810 2354 3880 83.)

502 4100 587 4113 —
640 4102 707 4112 —
757 4062 952 4145 Quod
995 4084 1102 4130 res
1159 4070 1417 4130 nostras
1470 4064 1820 4144 concernit,
1875 4089 2011 4132 non
2064 4090 2330 4153 possum
2381 4081 2451 4136 16

500 4169 779 4216 (1661616
802 4148 1078 4217 Gallicis
1101 4150 1694 4218 concertationibus
1715 4151 2075 4220 audiendis.
2123 4155 2452 4222 Veremur

497 4256 586 4302 ne
662 4234 964 4303 Calvinus
1035 4235 1166 4303 huc
1239 4237 1478 4317 veniat,
1506 4241 1555 4313 ¹)
1608 4237 1919 4304 iniuriam
1988 4261 2173 4307 suam
2231 4262 2450 4325 perse-

498 4331 847 4406 quuturus.
949 4320 1200 4387 Parum
1239 4324 1415 4388 euim
1459 4322 1559 4388 illi
1600 4321 2005 4392 satisfactum
2055 4328 2256 4392 etiam
2299 4349 2450 4410 pro-

495 4408 695 4487 xime,
738 4406 912 4492 quod
958 4405 1309 4474 lebedum
1351 4422 1418 4475 et
1457 4409 1571 4476 ille
1615 4408 1783 4476 alter
1826 4409 1909 4477 (16
1952 4411 2168 4497 gradu
2212 4412 2449 4480 deiecti

493 4514 633 4559 non
675 4494 936 4559 fuerint.
997 4493 1154 4560 Misi
1200 4495 1317 4561 tibi
1357 4497 1659 4579 proxime
1695 4494 1991 4562 libellum
2036 4498 2177 4565 eius
2221 4506 2450 4566 contra

512 4578 942 4661 Westpholum
976 4600 1170 4664 quem
1204 4588 1426 4647 tamen
1471 4582 1768 4648 nondum
1798 4582 1935 4648 vidi
1980 4621 2060 4632 -
2105 4622 2189 4635 —
2237 4623 2314 4635 -—
2363 4623 2447 4634 -

671 4699 949 4776 Rornae,
1007 4703 1100 4766 12.
1149 4699 1449 4769 Decemb.
1504 4705 1684 4768 1554.

1953 4842 2029 4907 Τ.
2072 4841 2139 4909 J.
2186 4842 2274 4908 H.

499 5020 694 5078 m.
715 5023 771 5091 1)
815 5026 992 5091 Venit,
1027 5026 1123 5083 cod
1154 5027 1368 5085 &mm
1401 5045 1469 5083 ιιι.
1510 5027 1739 5083 Martio.

2010 456 2536 526 EPISTOLAE
2581 459 3003 525 2061—2064
3044 458 3055 475 ⁸

3427 646 3631 718 2⁰⁶8.

3074 799 3479 868 VIRETUS
3520 800 3982 868 FARELLO.

2729 969 2937 1039 Multa
2971 977 3029 1039 et
3061 972 3248 1038 voeria
3279 973 3356 1038 de
3501 974 3621 1039 otio
3644 971 3894 1040 calvini
3931 973 4108 1055 apud
4130 972 4500 1053 Beruenses,

2555 1058 2634 1123 de
2676 1056 2951 1137 Bolseoo‚
3010 1059 3086 1125 de
3140 1078 3337 1125 eausa
3662 1059 3934 1135 ardensi,
3987 1060 4063 1126 de
4106 1060 4316 1143 ipsius
4349 1080 4500 1142 pro-

2554 1144 2807 1225 fectione
2847 1144 2934 1209 ad
2982 1142 3264 1211 Orbanos
3304 1149 3407 1211 eto.

2558 1313 2666 1381 (Ex
2722 1316 3061 1386 autographo
3113 1316 3245 1371 bibl.
3299 1321 3577 1384 pastorum
3631 1315 4079 1371 Neoccmensium
4127 1314 4271 1385 Epp.
4320 1313 4503 1369 Vireti

3224 1384 3405 1438 fascic.
3442 1384 3591 1438 VIII.
3626 1384 3692 1439 N.
3730 1384 3839 1450 16.)

2726 1553 3303 1619 Praestantissimo
3345 1553 3598 1620 Christi
3633 1575 3824 1620 servo
3847 1553 4204 1621 Guilielmo
4238 1554 4503 1622 Farello

2557 1637 3020 1705 Neocomensis
3076 1640 3387 1706 ecclesiae
3445 1641 3685 1724 pastori
3749 1640 4127 1706 fidelissimo
4191 1641 4377 1707 fratri
4435 1651 4503 1706 61

2556 1733 2959 1810 symmystae
3004 1725 3393 1791 venerando.

4000 1811 4065 1877 N
4066 1815 4328 1880 eocomi.

2728 1982 2797 2048 S.
2859 1982 3153 2048 Remitto
3209 1981 3292 2048 6(1
3352 1993 3415 2049 16
3474 1982 3697 2050 literas
3756 1982 3836 2049 de
3893 1984 4129 2067 quibus
4186 1985 4505 2067 scripsisti

2554 2070 2857 2153 proxima
2910 2077 3023 2133 tua
3075 2068 3352 2153 epistola
3394 2090 3526 2134 666
3568 2089 3715 2135 6661
3761 2069 4122 2154 exemplari
4164 2070 4501 2137 literarum

2556 2163 2825 2221 senatus
2879 2155 3241 2220 Beruensis
3304 2153 3388 2219 ad
3452 2164 3750 2221 nostram
3812 2155 4108 2234 classem,
4173 2155 4241 2222 in
4305 2177 4505 2240 quam

2556 2240 2950 2306 sententiam
2988 2240 3270 2305 arbitror
3312 2239 3395 2305 ad
3432 2241 3593 2307 alias
3636 2241 3874 2308 classes
3918 2261 4145 2307 omnes
4184 2242 4504 2326 scriptum

2557 2346 2718 2391 6666.
2783 2323 2978 2407 Quod
3022 2324 3253 2391 scribis
3296 2324 3377 2392 de
3414 2326 3786 2410 Hieronymi
3825 2327 4056 2393 exsilio
4100 2328 4263 2394 mihi
4307 2327 4502 2411 paulo

2556 2419 2710 2478 6616
2751 2411 2966 2477 1116116
3011 2411 3261 2477 Halkn'
3303 2413 3741 2495 significatum
3798 2414 4039 2491 fuerat,
4096 2434 4259 2497 quas
4304 2415 4503 2481 etiam

2557 2497 2640 2563 ad
2683 2507 2749 2563 16
2785 2497 2975 2562 mitto
3015 2503 3094 2574 ¹):
3143 2506 3216 2562 61
3250 2518 3333 2562 ex
3376 2498 3460 2563 iis
3502 2497 3833 2583 intelligas
3867 2498 4024 2582 quid
4060 2519 4100 2563 a
4138 2497 4394 2566 Calvino
4437 2510 4504 2565 et

2558 2583 2824 2668 collegis
2865 2582 3171 2667 postulet.
3192 2587 3252 2659 ²)
3341 2583 3622 2667 Scripsit
3663 2595 3731 2650 61
3773 2582 3857 2648 6(1
3903 2583 4232 2651 Calvinum
4275 2585 4505 2651 eadem

2558 2669 2640 2735 (16
2681 2690 2774 2748 16,
2831 2678 2899 2733 61
2939 2669 3005 2735 16
3052 2667 3326 2734 eandem
3371 2669 3508 2736 fere
3551 2671 3963 2735 sententiam.
4052 2671 4341 2737 Remitte
4382 2671 4505 2738 has

2560 2755 2814 2821 Halleri
2845 2754 3093 2834 literas,
3137 2775 3269 2820 uua
3310 2776 3458 2821 cum
3502 2756 3863 2840 exemplari
3905 2756 4243 2822 literarum
4283 2757 4504 2824 Gene-

2557 2843 2817 2908 vatium
2845 2841 3313 2919 ministrorum,
3359 2839 3531 2925 quod
3574 2840 3656 2907 ad
3699 2863 3817 2907 nos
3861 2861 4011 2907 cum
4056 2851 4325 2909 senatus
4346 2844 4506 2910 Ber-

2560 2928 2782 2993 nensis
2832 2926 3043 2993 literis
3086 2927 3364 2993 missum
3406 2936 3524 2992 661.
3612 2928 3902 2993 Transiit
3943 2926 4067 2995 hac
4119 2927 4312 2995 hodie
4355 2929 4506 2996 Hie-

2558 3032 2858 3096 ronymus
2933 3033 3081 3079 cum
3159 3013 3680 3080 'Bononiensibus
3763 3013 4005 3080 multis.
4029 3017 4083 3085 ³)
4193 3012 4505 3102 Suspicor

2558 3098 2747 3164 illum
2781 3100 3071 3165 Bernam
3113 3100 3454 3184 proficisci,
3504 3111 3578 3165 61
3619 3100 3865 3185 aliquid
3909 3109 4137 3181 tentet,
4183 3102 4240 3168 si
4279 3103 4503 3185 possit.

2559 3184 2888 3251 Dominus
2943 3205 3171 3250 sanam
3215 3194 3501 3251 mentem
3545 3187 3625 3252 iis
3670 3185 3784 3251 det
3825 3188 3937 3270 qui
3977 3208 4201 3253 rerum
4242 3190 4506 3271 potiun-

2557 3279 2684 3350 tur,
2729 3278 2807 3335 ut
2848 3269 3228 3336 huiusmodi
3311 3271 3556 3338 estibus
3596 3281 3955 3357 repurgent
3995 3272 4353 3339 ecclesiam.

2728 3355 2836 3421 De
2877 3376 3072 3423 66666
3116 3355 3278 3422 Mon
3325 3356 3695 3439 elgardensi
3717 3360 3774 3436 ⁴)
3820 3380 3954 3424 non
3996 3380 4231 3444 parum
4286 3367 4507 3428 oecum

2557 3441 2876 3507 sollicitus
2918 3463 3082 3508 sum.
3153 3440 3333 3524 Quid
3366 3444 3457 3508 sit
3495 3442 3885 3527 capiendum
3930 3446 4181 3512 consilii
4223 3466 4360 3512 non
4401 3454 4507 3513 sat

2555 3528 2708 3593 scio.
2797 3525 3097 3594 Scribam
3141 3526 3225 3593 ad
3278 3535 3345 3593 16
3387 3541 3683 3595 nostram
3727 3551 3807 3596 66
3849 3530 3931 3596 (16
3974 3552 4047 3597 16
4104 3533 4505 3599 seutentiam

2554 3633 2760 3697 quum
2804 3611 2981 3679 Besa
3035 3622 3262 3684 noster
3317 3614 3594 3682 Geneva
3649 3615 3947 3696 redierit,
4002 3618 4116 3702 qui
4171 3617 4254 3683 de
4308 3617 4505 3684 rebus

2553 3699 2861 3765 omnibus
2918 3717 3068 3765 cum
3129 3697 3388 3767 Calvino
3446 3703 4011 3769 commentabitur.
4114 3705 4506 3772 Proficiscor

2553 3784 2748 3851 hodie
2790 3783 3060 3852 Orbam.
3088 3790 3140 3862 ³)
3228 3786 3535 3852 Arbitror
3588 3796 3654 3853 te
3710 3787 4113 3856 admonitum
4158 3810 4198 3854 6
4243 3789 4507 3858 Roberto

2552 3870 2634 3937 (16
2677 3872 2862 3938 exitu
2907 3881 3276 3955 postremae
3324 3871 3688 3957 legationis.

2723 4076 2855 4144 Η16
2909 4075 3029 4141 11111
3074 4077 3224 4144 vale
3274 4077 3572 4146 dicturus
3625 4101 3825 4160 eram,
3884 4081 3941 4147 si
3985 4099 4059 4145 ec
4101 4080 4205 4147 die
4249 4079 4504 4149 Orbam

2550 4163 2878 4248 profectus
2932 4161 3204 4228 fuissem
3250 4172 3319 4228 et
3362 4166 3418 4230 si
3461 4166 3742 4233 nuncius
3798 4165 4170 4234 advenisset
4223 4189 4351 4252 que
4395 4167 4505 4234 die

2551 4248 3081 4331 exspectabatur,
3142 4270 3378 4332 nempe
3432 4252 3731 4334 proximo
3782 4252 4098 4319 Mercurii
4151 4252 4273 4320 die.
4363 4252 4504 4321 Sed

2553 4345 2630 4399 ut
2672 4354 2778 4398 me
2833 4332 3167 4417 prohibuit
3222 4334 3475 4401 coelum
3530 4336 3984 4405 inclementius
4029 4360 4113 4404 ue
4166 4339 4292 4406 iter
4334 4341 4505 4406 arri-

2551 4440 2793 4503 perem,
2850 4420 2945 4485 ita
2986 4425 3055 4485 et
3096 4420 3378 4487 nuncius
3420 4421 3715 4505 pluribus
3758 4424 4177 4509 praepeditus
4218 4426 4504 4511 negotiis

2552 4690 2743 4747 2068.
2770 4693 2822 4757 1)
2857 4692 3017 4747 nobie
3048 4692 3375 4761 deperditas.

2754 4758 2817 4822 2)
2857 4758 3072 4816 86116661
3101 4762 3280 4817 »ὠκέα
3312 4768 3364 4818 et
3397 4763 3798 4820 intolerabilia!
3829 4764 3932 4834 (N.
3964 4762 4147 4834 20⁶6).

2754 4829 2815 4894 3)
2857 4828 3066 4886 Multos
3098 4830 3253 4887 hosce
3285 4833 3414 4887 bene
3448 4840 3617 4888 nom.

2718 4968 2727 4979 ι
2754 4897 2812 4965 4)
2848 4914 3118 4968 menam
3152 4901 3284 4958 haee
3311 4901 3485 4969 fuer-it
3518 4902 3863 4972 aliquatenus
3896 4902 4219 4959 eccll-2032
4252 4905 4506 4974 coll-'qen

2754 5035 2811 5099 5)
2846 5033 3125 5091 Postridie
3163 5035 3278 5092 Gal.
3310 5036 3441 5093 Dec.
3476 5037 3781 5095 Beruenses
3810 5055 3911 5108 per
3943 5042 4253 5097 memma
4290 5041 4506 5098 Robor-

2548 5112 2663 5160 tum
2714 5105 2898 5185 Loca&
2944 5104 3193 5159 ordinem
3242 5106 3343 5171 ref.
3395 5108 3644 5164 ecclesias
3702 5108 4160 5180 monuique-dum
4210 5122 4504 5168 warnae.

2555 5173 2821 5229 Monada
2864 5187 2933 5226 ιι.
2984 5172 3197 5229 Martio
3236 5173 3368 5229 1555
3413 5177 3682 5233 abierunt.
3766 5178 3979 5234 Virmn
4018 5179 4282 5246 fortassis
4312 5180 4505 5235 eodem

2551 5259 2609 5299 oc
2640 5242 2886 5309 conterre
2918 5241 3163 5297 volcmat
3193 5244 3324 5314 quio
3358 5248 3420 5297 in
3454 5247 3661 5301 vicinia
3690 5246 3875 5315 plures
3909 5249 4020 5304 cici
4054 5250 4503 5315 reformationem

2548 5314 2888 5449 'sltem
2933 5317 2985 5366 ct
3033 5325 3223 5366 revera
3271 5312 3619 5370 obtinuerunt
3671 5314 3924 5381 (Bochai
3978 5315 4073 5371 vl.
4125 5315 4220 5384 75,
4286 5318 4503 5375 Rem-s-
