4850 6200
482 458 603 520 14¹2

1373 641 1563 714 1⁹0⁰.

934 794 1521 865 LIBERTMUS
1565 793 2002 863 OALVINO.

671 970 882 1037 obiter
922 976 978 1035 d
1016 969 1252 1051 raptim
1292 968 1369 1033 de
1420 968 1656 1052 modio
1695 967 1965 1050 quodam
2005 967 2438 1033 molestissimo

474 1054 1110 1226 mnvgffw,
1177 1054 1252 1119 de
1306 1074 1428 1135 quo
1470 1073 1597 1135 pro
1652 1058 1917 1136 tempore
1967 1072 2092 1118 non
2142 1051 2438 1119 haben-us

797 1313 907 1381 (Ex
939 1310 1277 1382 autographo
1312 1310 1443 1365 Cod.
1482 1310 1683 1366 Genev.
1724 1309 1840 1376 112,
1875 1310 1966 1365 fol.
2001 1309 2113 1375 80.)

656 1482 1232 1550 Excellentissimo
1268 1482 1682 1550 Genevensis
1715 1482 2021 1549 ecclesiae
2062 1482 2308 1566 pastori
2343 1482 2429 1547 D.

484 1569 579 1634 Io.
622 1569 907 1637 Calvino
951 1568 1269 1652 compatri
1311 1568 1519 1635 amico
1561 1577 1627 1634 et
1668 1569 1855 1635 fratri
1897 1569 2340 1654 integerrimo.

1929 1671 2258 1738 Genevae.

657 1809 734 1877 S.
800 1808 1081 1891 Quando
1125 1831 1277 1875 cum
1321 1808 1575 1875 duobus
1618 1808 1897 1894 ingratis
1924 1812 1973 1883 ¹)
2021 1807 2186 1872 mihi
2230 1808 2433 1874 semel

486 1896 695 1962 transi
742 1893 980 1961 endum
1026 1903 1127 1961 est
1170 1895 1365 1961 hocce
1408 1895 1760 1980 negotium,
1807 1902 1904 1959 tot
1943 1902 2010 1960 et
2051 1900 2277 1959 tantae
2321 1892 2433 1960 de·

488 2002 693 2049 voran
858 1980 1194 2047 molestiae
1236 1990 1304 2046 et
1360 1990 1494 2047 tam
1554 1979 2269 2065 impudentissimorum
2327 2000 2433 2045 ca·

482 2067 952 2133 lumniatorum
998 2065 1298 2133 dentibus
1359 2064 1519 2133 adeo
1563 2066 1836 2134 lacerari
1896 2066 2043 2132 vult
2082 2066 2466 2143 Dominus„

486 2162 563 2219 ut
615 2153 687 2218 in
745 2153 1182 2238 suspicionem
1238 2154 1499 2219 veniam
1557 2175 1688 2219 non
1734 2152 2118 2237 vulgaribus
2161 2149 2275 2217 sed
2317 2173 2432 2217 ex-

486 2239 966 2306 cellentissimis
1024 2239 1331 2306 ecclesiae
1387 2237 1635 2305 Christi
1692 2236 2087 2338 pastoribus,
2146 2237 2434 2322 antiquis
2457 2262 2476 2278 ·

488 2333 555 2391 et
598 2325 965 2409 praecipuis
1008 2325 1259 2412 amicis:
1308 2345 1511 2391 unum
1557 2325 1722 2391 mihi
1758 2323 1999 2391 sufficit
2030 2323 2240 2389 bonae
2285 2343 2436 2390 con-

485 2410 797 2478 scientiae
834 2411 1300 2484 wstimonium,
1338 2409 1509 2494 quod
1544 2412 1613 2476 in
1648 2412 1779 2476 fine
1812 2408 2218 2494 traegoediae
2239 2409 2439 2474 huius

484 2517 677 2579 spero
698 2495 1058 2561 Dominum
1102 2495 1472 2562 hominibus
1507 2497 2095 2573 manifestaturum,
2140 2504 2206 2562 et
2247 2517 2435 2562 eous-

485 2603 611 2665 que
675 2582 840 2646 mihi
905 2581 1087 2657 (licet
1150 2584 1373 2667 aegre)
1448 2581 1715 2648 ferenda
1793 2592 1947 2648 sunt
2008 2581 2126 2648 illa
2190 2582 2429 2647 omnia.

484 2667 600 2733 Nil
656 2688 820 2751 opus
877 2676 975 2734 est
1026 2667 1145 2733 tibi
1202 2678 1493 2752 repetam
1536 2690 1703 2754 quae
1748 2668 1829 2734 de
1873 2669 2139 2753 negotio
2181 2668 2304 2734 hoc
2347 2665 2433 2734 ad

491 2752 827 2838 Goynatum
850 2757 906 2837 ²)
950 2752 1180 2833 scribo,
1222 2755 1335 2838 qui
1380 2754 1496 2820 tibi
1531 2754 1829 2821 ostendet
1870 2755 2113 2820 literas.
2200 2754 2431 2838 Neque

486 2841 771 2907 nuncius
810 2838 1056 2906 diutius
1100 2860 1366 2907 manere
1409 2841 1573 2920 vult,
1619 2850 1685 2907 et
1726 2842 1865 2925 ipse
1908 2840 2130 2907 itineri
2151 2840 2431 2907 Bodria-

483 2948 631 2993 cum
653 2926 710 3009 ⁸)
768 2947 875 2991 me
932 2926 1228 3010 accingo,
1290 2946 1563 3009 sperans
1614 2928 1754 2992 fore
1810 2934 1888 2992 ut
1941 2934 2130 3010 pater
2173 2947 2355 2992 meus
2374 2929 2431 3001 ⁴)

480 3011 704 3078 omnia
745 3011 1004 3095 plenius
1048 3010 1132 3077 ad
1174 3020 1239 3077 te
1292 3013 1549 3078 scribat.
1638 3012 2012 3078 Plurimum
2052 3010 2429 3079 refocillasti

476 3120 599 3165 nos
655 3097 734 3164 de
795 3098 1066 3183 Anglia,
1133 3119 1329 3182 quam
1398 3098 1867 3183 potentissimis
1933 3121 1974 3163 a
2031 3107 2214 3164 tanto
2271 3097 2428 3181 lupo

479 3195 743 3251 tueatur
765 3183 1106 3267 praesidiis
1138 3186 1450 3251 misertus
1484 3184 1792 3252 ecclesiae
1826 3192 1893 3250 et
1927 3184 2202 3268 gloriam
2239 3205 2429 3250 suam

479 3272 551 3335 in
595 3269 1051 3335 Pharaonibus
1106 3271 1251 3336 istis
1308 3270 1494 3336 brevi
1552 3269 1864 3350 illustret,
1920 3273 2093 3355 quos'
2124 3279 2301 3336 certo
2345 3269 2428 3334 ad

479 3354 551 3422 id
595 3355 915 3422 excitavit
956 3356 1066 3422 ille
1110 3358 1221 3440 qui
1264 3356 1436 3422 nihil
1476 3357 1745 3423 fortuito
1800 3357 1914 3423 sed
1972 3363 2150 3423 certo
2194 3366 2261 3423 et
2302 3358 2427 3422 im-

481 3441 783 3508 mutabili
841 3442 1106 3509 consilio
1176 3444 1317 3527 agit
1371 3444 1608 3510 omnia.
1699 3443 1884 3520 Vale,
1945 3444 2039 3507 mi
2094 3452 2427 3529 compater

482 3537 549 3592 et
594 3529 797 3594 amice
840 3528 1281 3612 integerrime.
1370 3528 1683 3596 Neocomi
1728 3533 1783 3593 2.
1832 3530 2009 3595 Iunii
2059 3534 2239 3595 1554.

1105 3666 1285 3730 'I'uus
1330 3675 1507 3730 totus
1550 3667 2060 3751 Christophorus
2103 3667 2336 3734 Faber.

1238 3958 1501 3970 .-.—-..-h—
1530 3961 1627 3969 --ooo

1359 4195 1545 4265 19⁶1.

854 4349 1365 4418 HALLERUS
1410 4348 2043 4418 BULLINGERO.

654 4523 2421 4590 Genevaeoontrovorsiamortamessereaeivitdem-

474 4609 759 4690 fontibus
801 4611 1470 4677 excommunicatorum
1512 4631 1597 4675 an
1639 4609 2008 4693 baptizandi
2048 4609 2196 4673 sint.

472 4782 836 4850 (Excerptnm
881 4797 949 4834 ex
998 4787 1225 4851 autogr·
1263 4780 1336 4835 ho
1382 4781 1547 4836 Arch.
1593 4781 1775 4836 Turic.
1818 4781 1962 4835 Plut.
2000 4778 2098 4833 vl.
2135 4778 2251 4834 Vol.
2304 4780 2420 4847 154,

848 4851 978 4904 olim
1014 4850 1183 4905 Sci-iu.
1315 4851 1455 4921 Epp.
1491 4851 1642 4905 Tem.
1677 4848 1763 4918 82,
1798 4848 1887 4904 sol.
1926 4846 2067 4912 loe.)

462 5109 653 5166 1200.
680 5109 740 5178 1)
776 5108 1038 5166 Fortasse
1198 5109 1459 5165 nudus·
1494 5106 1643 5179 quod
1674 5106 1830 5161 habet
1868 5104 2129 5160 Fanum
2165 5102 2241 5161 N.
2273 5104 2421 5161 1923.

465 5177 555 5246 Gt:
594 5178 756 5233 man·
795 5176 1081 5233 Gabinium
1179 5218 1193 5232 .
1234 5176 1382 5248 1962,
1418 5184 1528 5232 not.
1562 5176 1609 5228 4.

614 5264 628 5283 0
670 5244 740 5369 ἓ)
777 5246 849 5301 Ν.
888 5245 1036 5302 lm
1071 5244 1222 5301 1796.

673 5319 735 5452 43
770 5315 1039 5441 m.

1987 450 2513 521 EPISTOLAB
2563 453 2983 518 1960—1963

2542 670 4488 689 -—--——-————*——=—--

2541 761 2626 772 —
2669 722 2981 792 Genevae
3023 746 3064 792 a
3106 721 3498 810 quibusdam
3542 725 3938 791 controverti
3979 722 4199 801 audio,
4245 742 4333 788 an
4372 744 4486 789 ex·

2538 813 3169 878 communicatorum
3209 810 3496 878 infantes
3521 810 3842 896 baptizari
3877 808 4173 887 debeant,
4217 828 4340 876 nec
4382 830 4486 875 ne.

2538 894 2654 963 Sic
2695 917 2955 982 semper
2997 898 3156 964 novi
3199 896 3377 964 aliud
3421 918 3502 963 ex
3545 896 3663 963 illa
3706 895 3948 963 Africa.
3975 900 4028 973 ¹)
4117 895 4379 961 Bernae
4425 898 4484 959 t.

2536 981 2714 1048 Iunii
2767 988 2946 1048 1554.

3995 1068 4175 1134 Tuus
4221 1082 4228 1089 ·

3847 1172 3900 1236 1.
3947 1170 4274 1237 Hallerus.

3323 1467 3696 1477 „qn-W—

3415 1699 3610 1771 10⁶2.

3023 1855 3492 1924 cALvmus
3538 1854 4010 1943 mamm.-

2729 2028 2925 2093 Varia
2968 2028 3193 2093 obiter.-
3251 2029 3497 2094 exsules
3538 2029 3739 2113 Anyli
3781 2026 4006 2094 Βαναία
4051 2028 4262 2109 pulsi,
4321 2050 4482 2096 con·-

2532 2116 2882 2180 ‚nantarius
2938 2115 3008 2179 in
3053 2113 3346 2191 Genesin,
3394 2113 3805 2197 Raymondus
3847 2113 4179 2180 Dralliam'
4233 2118 4304 2178 in
4348 2135 4484 2181 car-

2532 2220 2729 2266 cerem
2770 2201 3087 2278 coniectu-5,
3152 2199 3411 2280 epistola
3449 2201 3744 2267 conviciis
3791 2200 3980 2283 plena
4019 2207 4228 2267 contra
4270 2204 4484 2284 ipsum

2535 2307 2578 2349 a
2637 2286 2939 2352 Vandelio
2981 2287 3230 2351 senatui
3272 2288 3508 2352 tradita
3553 2291 3658 2352 etc.

2843 2459 2951 2523 (Ex
2988 2460 3325 2528 autographo
3360 2458 3491 2513 Cod.
3528 2459 3730 2512 Gener.
3769 2457 3914 2528 1072,
3944 2460 4039 2513 fol.
4065 2460 4172 2526 70.)

2535 2631 3108 2697 Praestantissimo
3167 2629 3420 2697 Christi
3489 2651 3708 2707 servo,
3783 2630 4137 2696 Guillelmo
4195 2633 4481 2714 Farello,

2535 2717 2598 2782 N
2601 2719 3002 2783 eocomensis
3058 2716 3369 2783 ecclesiae
3421 2715 3552 2782 fido
3608 2720 3849 2801 pastori
3866 2769 3880 2793 ,
3941 2718 4126 2783 fratri
4183 2734 4246 2783 et
4304 2741 4480 2805 sym-

3142 2812 3397 2887 mystae
3441 2804 3880 2887 integerrimo.

2706 2939 2775 3005 S.
2846 2940 3041 3005 Nunc
3099 2938 3426 3006 scribendi
3485 2960 3617 3005 non
3681 2950 3783 3006 est
3844 2944 4079 3019 otium,
4155 2963 4357 3025 quum
4412 2957 4483 3009 et

2531 3024 2830 3091 lectionis
2871 3026 3077 3091 instat
3119 3026 3301 3106 hora,
3349 3036 3414 3091 et
3458 3026 3617 3108 quid
3660 3026 3953 3093 dicturus
3994 3029 4136 3107 sim,
4181 3029 4480 3095 nondum

2534 3110 2837 3178 meditari
2894 3112 3093 3179 licuit.
3206 3111 3384 3194 Quid
3445 3115 3512 3176 in
3567 3115 3786 3178 Dania
3853 3117 4184 3197 peccarint
4239 3117 4480 3182 fratres

2531 3199 2761 3278 nostri,
2805 3198 3168 3283 prudenter
3209 3199 3697 3264 animadvertis.
3730 3204 3775 3270 ¹)
3863 3200 4209 3266 Barbaries
4255 3213 4482 3268 tamen

2531 3283 2847 3351 adversae
2889 3284 3097 3368 partis
3139 3283 3320 3349 nullo
3363 3285 3553 3349 modo
3597 3285 3865 3351 ferenda
3906 3297 4018 3352 est.
4107 3287 4486 3373 Bullinyero

2532 3379 2685 3437 ante
2728 3370 3001 3436 biduum
3044 3370 3341 3436 scribam.
3360 3371 3415 3454 ²)
3485 3371 3657 3450 Quia
3701 3393 3875 3438 nunc
3917 3373 4262 3439 excuditur
4281 3374 4487 3440 Oom·

2528 3457 2891 3522 mentarius
2948 3459 3019 3521 in
3074 3455 3400 3532 Genesin,
3459 3467 3921 3540 argumentum
3976 3460 4138 3523 illud
4193 3460 4487 3527 breviter

2527 3543 2602 3607 in
2643 3541 3052 3626 praefatione
3109 3543 3431 3627 attingere
3491 3546 3750 3610 animus
3806 3544 4071 3610 ferebat.
4167 3545 4334 3612 Mihi
4379 3557 4480 3611 ων

2526 3649 2699 3708 men,
2743 3628 2846 3693 cui
2887 3627 3104 3695 dicare
3145 3627 3391 3693 librum
3434 3631 3799 3710 conveniat,
3844 3633 4130 3696 nondum
4177 3635 4247 3696 in
4293 3653 4482 3699 men·

2527 3722 2661 3796 tem
2706 3714 2907 3793 venit,
2966 3723 3045 3778 ut
3101 3713 3350 3780 scilicet
3395 3737 3709 3798 personae
3751 3719 4160 3801 qucrimonm
4202 3719 4317 3784 illa
4360 3739 4479 3802 op-

2526 3807 2807 3884 portune
2871 3799 3283 3883 respondeat.
3394 3803 3526 3866 (Tu
3594 3806 3647 3868 si
3724 3802 3881 3888 quid
3961 3805 4156 3868 habes
4223 3804 4484 3870 consilii

2526 3890 2854 3971 suggere.)
2875 3889 2925 3963 ³)
3020 3883 3455 3968 &cristophoro
3501 3901 3726 3954 nostro
3771 3888 3961 3966 dices,
4025 3912 4139 3954 nos
4187 3891 4293 3955 vel
4337 3903 4478 3955 tam

2528 3971 2728 4036 stulte
2771 3970 3098 4048 credulos,
3159 3970 3264 4037 vel
3308 3973 3621 4039 adversus
3666 3996 3816 4039 eum
3863 3987 4000 4041 tam
4043 3977 4299 4058 iniquos
4342 3998 4481 4042 non

2527 4076 2689 4134 esse,
2735 4064 2811 4121 ut
2853 4056 2934 4122 de
2973 4057 3116 4123 eius
3148 4057 3278 4124 fide
3314 4059 3453 4124 ulla
3486 4080 3780 4144 unquam
3815 4061 4175 4145 obrepserit
4209 4063 4480 4127 sinistra

2526 4143 2827 4228 suspicio.
2851 4147 2907 4221 ⁴)
2974 4141 3112 4211 Sed
3145 4146 3242 4212 rei
3276 4144 3636 4231 indignitas
3657 4168 3778 4212 nos
3822 4150 4052 4233 coegit,
4088 4157 4162 4214 ut
4195 4147 4481 4214 levando

2523 4347 4477 4472 mlzDehicnequeinAaetieSmat-oequidquammquein

2524 4460 3808 4568 laeanlmaeiuquawmnimaedeeare
3964 4492 3974 4503 '
4093 4499 4474 4562 mantea.

2525 4555 3832 4624 HafniaeconeiomNovionaoimerfuorat
3928 4563 4476 4616 mamaccas

2524 4639 2688 4693 super
2725 4624 2870 4679 Pha.
2904 4625 3004 4680 111.
3040 4622 3108 4678 1⁷
3141 4624 3534 4694 praedicam,
3568 4631 3666 4697 qui
3698 4628 3842 4682 iunior
3875 4629 4053 4683 hostes
4071 4627 4277 4684 chr-im
4305 4631 4476 4685 eiiam

2526 4694 3342 4750 commemorem-sebai.
3411 4692 4471 4768 Dehacconco‘onen'nreqisaudoen-

2522 4762 4476 4835 mmfflmn’lliaequadecauoamoediutwm

2524 4832 3047 4888 &affectuum
3263 4832 4056 4915 “euenor-cmm
4085 4835 4474 4905 σνῧιωρυόδ-

2521 4914 2655 5024 περιέ
2878 4907 3330 5025 wantiam
3378 4904 4472 5040 ΜΜΜΜἚἍᾞ

2523 5006 2701 5093 sulus·
2750 5038 2972 5094 Munati
3019 5043 3254 5107 tenpore
3299 5039 3456 5105 facta
3505 5055 3641 5095 saue
3689 5041 3972 5096 borbon-dei
4018 5046 4235 5097 nominc
4282 5044 4478 5098 ποια-ι’

2519 5112 2783 5243 ΞΨΜἾ)
2828 5175 2980 5231 ²⁰¹⁶·
3011 5177 3386 5244 mm
3420 5183 3620 5260 m:
3727 5248 3760 5259 ..
4009 5249 4021 5261 .
4128 5250 4137 5260 .
4181 5249 4190 5260 .

2726 5243 2786 5378 ἐς
2821 5244 3393 5384 &tf-‘mm
3407 5244 4187 5387 wffiaw
4205 5251 4474 5375 exee-
4533 5297 4542 5312 ·

2521 5385 2598 5439 cit
2627 5399 2793 5454 quam
2826 5398 2999 5453 supra
3035 5383 3112 5440 N.
3146 5381 3297 5438 1960.
4088 5332 4177 5387 W
4407 5393 4412 5400 ’
