4850 6200
1186 614 1384 687 1⁹0⁸.

805 751 1277 822 OALVINUS
1319 752 1767 822 SULZERO.

486 924 824 993 Certiorem
861 926 1019 1007 facit
1058 926 1135 991 de
1191 945 1308 991 suo
1362 930 1573 992 eontra
1630 925 2052 1009 Westphdum
2109 928 2266 993 seri-

324 1010 496 1078 bendi
570 1011 856 1087 oonsilio,
936 1012 1131 1095 deque
1205 1013 1604 1094 praefatione
1667 1014 1738 1078 in
1802 1013 2077 1079 Genesin
2133 1014 2266 1079 iam

315 1097 990 1267 wqmffifimz
1023 1099 1098 1162 de
1123 1095 1517 1164 castellionis
1542 1100 1909 1182 arroyantia
1943 1105 1998 1164 et
2033 1100 2267 1167 calum-

321 1357 538 1421 (hatti.
571 1356 837 1424 impressa
884 1356 942 1408 in
977 1355 1152 1409 Bezae
1200 1355 1454 1411 thesauro
1491 1356 1575 1413 ed.
1611 1355 1817 1411 Gener.
1856 1376 1908 1427 p.
1946 1355 2064 1422 135,
2104 1358 2264 1412 Laus.

445 1441 502 1494 p.
540 1422 662 1486 294,
697 1425 912 1478 Hanov.
960 1442 1013 1495 p.
1047 1423 1168 1490 329,
1215 1424 1424 1479 Chouet
1458 1443 1511 1495 p.
1550 1424 1668 1496 183,
1703 1428 1880 1480 Amat.
1927 1444 1980 1496 p.
2016 1426 2125 1493 83.)

481 1596 708 1680 Quum
746 1596 1131 1662 tumultuari
1169 1617 1304 1661 non
1342 1596 1647 1663 desinant
1681 1595 1927 1664 indocti
1963 1604 2030 1661 et
2070 1618 2261 1682 prae-

315 1684 502 1750 fracti
550 1682 876 1759 homines,
937 1683 1047 1767 qui
1105 1682 1346 1748 bellum
1393 1684 1976 1750 sacramentarium
2021 1683 2094 1748 in
2137 1682 2262 1750 Sa-

317 1771 508 1837 xonia
552 1778 894 1846 renovant,
939 1769 1228 1834 ineunda
1271 1770 1399 1835 erit
1440 1769 1658 1853 aliqua
1700 1770 1865 1835 ratio
1910 1790 2074 1853 quae
2118 1770 2263 1835 illo-

313 1878 455 1923 rum
499 1856 960 1938 intemperiem
996 1858 1268 1939 mitiget,
1315 1855 1420 1922 vel
1455 1857 1773 1922 clamores
1809 1856 2044 1921 saltem
2087 1877 2262 1922 com·

315 1951 562 2028 poscat,
626 1950 696 2007 et
759 1942 955 2006 simul
1022 1943 1165 2023 pios
1232 1949 1298 2006 et
1362 1962 1594 2026 graves
1658 1940 2011 2025 doctosque
2077 1942 2264 2008 nobis

311 2029 627 2095 conciliet.
717 2026 888 2092 Mihi
946 2027 1113 2091 nihil
1173 2027 1348 2092 aliud
1394 2029 1462 2094 in
1505 2036 1794 2093 mentem
1839 2030 2023 2093 venit
2067 2050 2264 2111 quam

312 2113 494 2181 brevi
536 2112 759 2179 libello
804 2120 1120 2179 testatum
1185 2114 1394 2179 facere
1447 2123 1691 2197 quanto
1735 2115 1976 2179 rectius
2020 2123 2090 2179 et
2132 2115 2264 2179 sin-

312 2202 520 2268 cerius
576 2201 871 2265 sentiant
927 2210 1189 2265 nostrae
1245 2200 1557 2265 ecclesiae
1623 2222 1818 2283 quam
1874 2200 1970 2265 illi
2024 2200 2265 2265 calum-

311 2288 597 2355 niantur.
689 2285 905 2351 Simul
951 2308 1026 2351 ac
1069 2285 1218 2369 plus
1262 2288 1378 2351 otii
1421 2296 1653 2352 nactus
1697 2288 1909 2367 fuero,
1970 2287 2103 2352 tale
2147 2286 2266 2350 ali-

311 2373 463 2458 quid
531 2371 831 2437 meditor.
939 2372 1138 2437 Nunc
1215 2373 1562 2439 excuditur
1624 2394 1772 2437 mea
1835 2374 1907 2437 in
1972 2372 2268 2438 Genesin

429 2458 658 2536 efatio,
705 2456 788 2522 ad
831 2457 1002 2522 filios
1040 2458 1309 2523 Ioannis
1334 2459 1650 2524 Friderici
1686 2458 2017 2524 Saxoniae
2042 2458 2266 2538 Ducis,

310 2565 531 2629 inqua
553 2544 734 2628 pacis
769 2550 836 2608 et
871 2543 1255 2610 concordiae
1291 2544 1579 2610 studium
1616 2545 1825 2610 obiter
1859 2544 2264 2611 commende.

315 2630 622 2707 castalio,
689 2630 856 2694 mihi
921 2630 1145 2707 crede,
1173 2633 1223 2717 ¹)
1290 2652 1424 2696 non
1481 2631 1705 2698 minus
1772 2632 2104 2697 virulenta
2168 2640 2269 2696 est

311 2717 517 2784 bestia
574 2736 772 2800 quam
829 2716 1152 2781 indomita
1212 2726 1277 2782 et
1333 2718 1660 2801 pervicax.
1761 2716 2120 2783 Caritatem
2180 2718 2267 2783 si-

312 2804 546 2883 mulat,
614 2823 853 2886 nempe
920 2812 995 2867 ut
1057 2801 1476 2868 modestiam:
1545 2824 1748 2886 quum
1813 2812 2034 2868 tamen
2102 2803 2266 2869 nihil

308 2890 727 2975 arrogantius
770 2889 930 2972 fingi
972 2896 1180 2973 queat.
1251 2889 1586 2955 Libellum
1629 2889 1816 2954 illum
1836 2889 1893 2975 ²)
1939 2890 2268 2955 atrocibus

306 2975 374 3041 in
414 2998 526 3041 me
569 2975 827 3058 probris
871 2975 1183 3040 refertum
1243 2977 1382 3059 ipse
1441 2984 1506 3041 et
1563 2974 1675 3040 alii
1731 2976 2269 3042 consarcinarant

310 3083 383 3129 eo
424 3061 708 3130 consilio
750 3070 826 3129 ut
880 3060 1137 3129 subitus
1193 3062 1260 3127 in
1317 3085 1423 3129 me
1478 3063 1760 3147 impetus
1821 3070 2265 3148 consurgeret.

306 3149 540 3234 Longe
585 3147 840 3232 decepti
883 3158 1054 3214 sunt.
1123 3149 1295 3214 Nam
1343 3149 1630 3215 docrevit
1673 3157 1938 3215 senatus
1984 3158 2060 3214 ut
2103 3149 2267 3214 mihi

309 3235 633 3320 legendus
679 3233 964 3300 daretur.
984 3237 1039 3312 ⁸)
1129 3235 1301 3300 Mihi
1365 3256 1519 3301 vero
1577 3256 1710 3300 non
1764 3234 1958 3301 modo
2047 3256 2264 3318 romp-

305 3327 444 3388 tum
491 3322 622 3386 fuit
665 3321 1145 3386 calumniarum
1189 3322 1461 3387 nebulas
1507 3322 1851 3402 discutere,
1909 3343 1978 3387 se
2067 3323 2266 3386 etiam

306 3415 694 3475 convertere
737 3407 809 3472 in
852 3428 1065 3472 meam
1111 3407 1390 3486 laudem,
1438 3405 1749 3491 quidquid
1796 3405 2013 3474 odiose
2058 3407 2267 3474 obiec-

308 3499 448 3560 tum
495 3494 735 3559 fuerat.
805 3493 975 3558 Mihi
1011 3515 1166 3559 vero
1203 3516 1309 3559 ma
1357 3495 1414 3560 is
1450 3493 1786 3560 tolerabile
1821 3502 1920 3559 est
1953 3495 2267 3578 privatim

304 3578 561 3664 impeti,
607 3600 804 3662 quam
840 3580 1065 3645 videre
1101 3578 1293 3646 subin
1344 3602 1380 3646 e
1423 3581 1696 3646 miseros
1730 3581 1842 3663 qui
1879 3581 1986 3646 hic
2023 3578 2272 3665 degunt

305 3664 562 3732 Christi
621 3665 886 3731 exsules
901 3667 962 3748 ⁴)
1032 3665 1324 3749 quotidie
1389 3668 1582 3732 novis
1641 3666 1958 3732 molestiis
2020 3667 2266 3732 vexari.

307 3751 712 3835 Quanquam
758 3751 1084 3818 Dominus
1129 3753 1251 3818 hac
1294 3773 1550 3836 quoque
1607 3754 1675 3817 in
1721 3761 1905 3836 parte
1951 3752 2270 3819 hactenus

305 3858 586 3903 manum
630 3836 820 3904 nobis
864 3840 1160 3922 porrexit
1203 3861 1285 3903 ne
1330 3840 1801 3923 frangeremur.
1891 3837 2142 3904 Verum
2190 3838 2269 3903 de

303 3931 486 3990 statu
534 3933 762 3989 nostro
807 3925 861 3990 si
905 3925 1096 4009 plura
1134 3925 1302 3990 scire
1339 3927 1575 4008 cupies,
1622 3925 1903 3990 nuncius
1946 3925 2066 3989 tibi
2111 3924 2269 3990 fide-

305 4008 462 4076 liter
510 4011 772 4076 referet.
862 4011 1075 4076 Filius
1135 4019 1236 4076 est
1292 4012 1541 4077 scribae
1587 4021 1872 4089 senatus,
1900 4015 1948 4090 ⁵)
2008 4011 2269 4076 iuvenis

301 4099 553 4181 probus
611 4103 681 4161 et
736 4097 1011 4180 integer.
1101 4097 1301 4174 Vale,
1361 4098 1777 4162 ornatissime
1832 4099 1939 4162 vir
1996 4107 2062 4161 et
2105 4097 2268 4161 mihi

301 4182 718 4249 observande
773 4183 994 4248 frater.
1083 4183 1416 4249 Dominus
1477 4182 1595 4247 tibi
1638 4204 1896 4266 semper
1953 4182 2144 4261 adsit,
2207 4192 2270 4248 te

301 4270 637 4353 gubernet
695 4288 772 4334 ac
825 4276 1108 4334 tueatur.
1211 4270 1517 4354 Collegae
1570 4270 1699 4334 mei
1773 4279 1837 4334 te
1891 4280 2271 4335 reverenter

303 4355 619 4421 aalutant.
719 4355 879 4420 Tuis
935 4365 1158 4420 nostro
1223 4357 1516 4421 omnium
1584 4356 1848 4421 nomine
1916 4356 2265 4440 plurimam

302 4441 594 4507 mutem
640 4440 831 4507 dices.
924 4441 1255 4520 Genevae‚
1303 4446 1359 4507 7.
1407 4442 1570 4507 Idus
1615 4442 1903 4526 Augusti
1953 4447 2132 4508 1554.

1238 4578 1525 4644 Ioannes
1567 4578 1877 4644 Calvinus
1925 4590 2092 4646 tuus.

302 4748 481 4804 1096.
509 4751 571 4814 1)
613 4751 700 4816 Cf.
736 4764 876 4819 quae
915 4750 1170 4803 Salui-us
1205 4750 1415 4805 dicebat
1449 4749 1519 4804 N
1516 4788 1527 4800 .
1567 4750 1717 4804 1985.

513 4818 572 4888 2)
611 4820 725 4874 Hic
759 4819 977 4874 minime
1012 4820 1076 4874 de
1093 4820 1352 4874 Belliana
1378 4819 1694 4887 Farrayine
1727 4819 1878 4889 loqui
1909 4819 2137 4888 videtin,
2172 4820 2269 4875 sed

299 4889 491 4954 potius
530 4891 595 4944 cle
629 4887 861 4955 epistola
895 4905 933 4943 a
981 4887 1242 4943 Vandelio
1270 4890 1495 4957 prolata
1528 4891 1690 4943 cuiue
1724 4904 1852 4958 erqo
1891 4888 2265 4948 Castellionem

301 4962 554 5013 autorem
589 4958 854 5013 credebat.

518 5027 574 5086 3)
615 5026 749 5094 Ray.
783 5027 861 5080 du
896 5025 1112 5082 Conseil
1147 5026 1228 5079 14.
1265 5027 1351 5080 21.
1389 5027 1514 5080 Iun.
1543 5026 1836 5094 Req.dela
1861 5026 2041 5094 Gomp.
2065 5026 2115 5077 2.
2154 5025 2265 5081 Iul.

516 5095 578 5164 4)
601 5095 773 5178 'Galli
804 5097 1006 5150 sedicet
1039 5112 1190 5165 quos,
1224 5103 1407 5165 utpote
1450 5096 1666 5150 Caluini
1707 5099 1959 5163 asseclas,
1995 5097 2271 5153 Libertini

299 5176 480 5232 uque
516 5167 1430 5303 gffffigcwtgggerguz'baeqgtgeyuin
1463 5236 1647 5289 scriba
1680 5240 1811 5288 erat.

532 5455 748 5512 Caluini
774 5470 957 5525 opera.
1039 5456 1152 5514 Vol.
1193 5457 1292 5513 11
1305 5459 1363 5514 V.

2003 432 2167 495 1554
2209 428 2605 499 AUGUS'r.

4188 442 4319 507 210

3245 620 3439 692 1⁹97.

2745 757 3090 827 GAV10'1*
3112 762 3163 837 ι)
3208 759 3272 825 Α
3317 758 3933 831 OHAS'PILLON.

2541 910 2613 978 11
2651 934 2695 980 a
2732 915 2961 998 appo-is
3001 934 3119 997 que
3163 911 3511 981 chastillon
3553 915 3727 981 avait
3783 917 3879 983 dit
3935 922 3991 984 et
4029 920 4325 1002 imprime

2367 997 2479 1064 des
2517 996 2727 1066 choses
2768 1001 3185 1085 danqereuses
3226 1021 3343 1066 sur
3384 1001 3834 1083 Pmusfisanee
3867 1003 3978 1070 des
3999 1004 4325 1072 Eoritai-es

2367 1085 2432 1148 si
2486 1083 2627 1148 bien
2686 1085 2867 1168 qu'on
2922 1087 3141 1153 aur-ait
3194 1087 3283 1153 aa
3344 1088 3642 1155 <macher
3698 1109 3787 1153 un
3834 1090 4078 1172 feuillet
4129 1094 4205 1159 de
4246 1114 4325 1158 sa

2369 1168 2572 1235 Bible.
2665 1171 2739 1236 Π
2778 1171 2873 1237 lui
2913 1173 3214 1239 demanda
3256 1173 3366 1240 des
3405 1174 3831 1256 explications.

2679 1325 3085 1397 (Bibliotheque
3118 1328 3189 1381 de
3224 1327 3370 1381 Bale.
3406 1328 3475 1381 N.
3509 1327 3580 1381 69
3614 1330 4019 1400 Autographe.)

2553 1481 2621 1547 A
2664 1480 2945 1547 Maistre
2980 1480 3325 1547 Sebastien
3364 1481 3653 1550 Castalio
3696 1504 3737 1547 a
3768 1484 4095 1637 ΒεᾹιεΙῗὲΜ1

4098 1593 4153 1638 e.

2541 1702 2662 1788 Iay
2704 1703 2994 1769 entendu
3037 1725 3161 1787 que
3207 1703 3439 1787 depuis
3484 1727 3609 1789 peu
3650 1706 3731 1773 de
3768 1715 3982 1793 temps
4026 1731 4110 1774 en
4157 1732 4233 1793 ca
4278 1711 4327 1774 il

2366 1795 2469 1855 est
2504 1810 2679 1855 venu
2715 1790 2992 1874 quelque
3016 1812 3424 1875 personnage
3461 1791 3743 1878 (comme
3778 1794 3838 1859 ie
3861 1816 4063 1877 pense
4098 1797 4325 1873 bessu)

2367 1875 2481 1957 qui
2525 1897 2565 1940 a
2605 1874 2741 1942 dict
2783 1876 2918 1959 quil
2957 1877 3137 1943 avoit
3169 1885 3307 1942 este
3344 1879 3501 1945 chez
3538 1900 3703 1945 vous
3739 1889 3807 1945 et
3842 1883 4023 1947 avoit
4061 1881 4321 1965 disputo

2368 1982 2528 2026 avec
2584 1983 2745 2027 vous
2804 1970 2951 2027 tant
3005 1963 3144 2045 quil
3205 1984 3364 2029 vous
3424 1964 3604 2030 avoit
3655 1976 3947 2032 monstra
3990 1990 4114 2050 que
4162 1990 4321 2033 vous

2368 2046 2583 2111 faillez
2647 2068 2732 2113 en
2788 2047 3123 2131 beaucoup
3181 2049 3262 2114 de
3305 2049 3535 2115 choses
3590 2058 3657 2115 et
3714 2073 3841 2135 que
3898 2074 4064 2119 vous
4122 2056 4320 2119 estiee

2369 2134 2525 2199 bien
2567 2141 2875 2216 tromper„
2965 2133 3040 2199 Ie
3098 2155 3182 2199 ne
3238 2156 3396 2220 scay
3442 2137 3525 2201 sil
3569 2158 3653 2202 en
3699 2160 3739 2203 a
3783 2138 3916 2205 dict
3960 2139 4329 2290 daventaffe

2372 2217 2687 2285 touchant
2728 2239 2901 2304 cecy.
2992 2220 3054 2284 Il
3109 2220 3309 2286 disoit
3366 2222 3518 2287 bien
3574 2244 3827 2289 comme
3884 2225 3996 2309 iay
4039 2236 4237 2292 enten
4285 2249 4329 2291 u

2370 2326 2504 2370 non
2562 2325 2680 2387 pas
2737 2305 2817 2371 de
2875 2306 2992 2390 luy
3047 2307 3215 2372 mais
3274 2307 3563 2374 daultres
3608 2329 3784 2392 quon
3830 2312 4010 2376 avoit
4054 2312 4330 2377 arrache

2371 2412 2506 2456 une
2553 2391 2779 2455 feuille
2837 2391 2917 2457 de
2958 2402 3178 2457 vostre
3221 2392 3490 2474 Bib102)
3548 2394 3617 2459 la
3674 2404 3756 2460 ou
3811 2397 3859 2460 il
3913 2420 3960 2481 y
4014 2400 4191 2463 avoit
4250 2398 4332 2462 de

2373 2476 2864 2543 merveilleuses
2923 2478 3153 2543 choses
3207 2489 3273 2543 et
3331 2478 3411 2544 de
3455 2480 3604 2544 bien
3648 2491 3986 2565 estranges
4029 2485 4330 2566 opinions

2375 2563 2598 2628 disant
2638 2562 2775 2645 quil
2820 2583 2903 2626 ne
2945 2585 3062 2629 sen
3108 2566 3301 2629 estoit
3357 2587 3607 2649 guayre
3652 2566 3839 2651 failly
3882 2587 4058 2649 quon
4103 2572 4333 2635 navoit

2375 2649 2464 2714 du
2506 2658 2652 2713 tout
2694 2649 2961 2714 reiectte
3005 2661 3230 2714 vostre
3262 2650 3455 2715 Bible
3499 2652 3665 2716 mais
3710 2674 3835 2735 que
3879 2675 4044 2718 vous
4090 2677 4133 2737 y
4182 2675 4331 2736 pro-

2373 2734 2673 2801 cedastes
2720 2732 2800 2798 de
2845 2734 2999 2799 telle
3043 2734 3353 2801 doulceur
3409 2758 3586 2819 quon
3630 2758 3700 2801 se
3744 2748 4117 2804 contentast
4162 2742 4331 2804 d'ar-

2375 2820 2610 2887 racher
2668 2840 2742 2887 ce
2802 2820 3055 2885 feuillet
3118 2820 3187 2886 la
3242 2831 3325 2887 ou
3368 2822 3420 2886 il
3550 2825 3728 2888 avoit
3772 2823 3885 2890 des
3929 2826 4160 2891 choses
4206 2828 4333 2890 fort

2375 2907 2821 2990 dangereuses
2881 2916 2950 2971 et
3008 2915 3354 2990 estranges
3413 2846 3636 2989 (AEsoit
3692 2911 3769 2983 il)
3827 2909 4037 2994 dequo
4130 2919 4333 2996 ayant

2373 2993 2711 3058 considere
2767 2993 3139 3075 longtemps
3198 3015 3243 3077 y
3304 3015 3344 3058 a
3400 3003 3619 3059 vostre
3678 2996 3970 3060 maniere
4060 3018 4095 3062 e
4142 2999 4332 3062 vivre

2371 3079 2437 3144 ie
2481 3078 2922 3146 memerveille
2967 3079 3048 3144 sil
3104 3092 3203 3145 est
3244 3079 3528 3164 possible
3572 3102 3698 3164 que
3742 3102 3936 3166 soyez
3978 3104 4153 3149 venu
4197 3085 4331 3150 ius-

2374 3188 2537 3250 ques
2582 3167 2647 3231 la
2689 3187 2816 3248 que
2860 3187 2947 3231 ne
2988 3186 3219 3249 croyez
3274 3187 3394 3249 pas
3449 3166 3586 3250 quil
3631 3188 3797 3234 nous
3841 3170 4059 3234 suffist
4103 3169 4332 3235 davoir

2373 3252 2440 3318 la
2492 3253 3004 3337 congnoissance
3074 3252 3187 3318 des
3258 3254 3653 3336 escriptures
3710 3256 4108 3337 canoniques
4166 3276 4333 3338 pour

2374 3339 2689 3421 parvenit
2731 3346 2773 3405 a
2813 3337 2989 3403 salut
3031 3358 3186 3403 sans
3229 3360 3303 3405 ce
3339 3339 3477 3421 quil
3516 3339 3695 3404 faille
3738 3362 3862 3423 que
3907 3340 3987 3406 de
4029 3362 4333 3406 nouveau

2372 3426 2417 3489 il
2464 3428 2707 3490 vienne
2742 3423 2858 3490 des
2881 3424 3131 3490 aultres
3165 3424 3591 3508 inspiratione
3625 3445 3792 3507 pour
3815 3447 3980 3492 nous
4016 3427 4331 3493 declairer

2372 3578 2550 3633 199⁷.
2578 3578 2635 3644 1)
2674 3579 3027 3648 Personnaqe
3076 3581 3320 3634 iaeonnn
3370 3581 3469 3650 qui
3522 3596 3560 3634 a
3607 3579 3870 3648 peut-&tre
3923 3580 4190 3646 autrefois
4243 3581 4333 3637 de·

2371 3647 2556 3702 meare
2589 3649 2714 3703 cha
2753 3646 2844 3702 Oh.
2881 3649 2918 3702 ὰ
2957 3646 3180 3702 Geneve.

2582 3716 2641 3786 2)
2679 3716 2733 3770 ΙΙ
2769 3732 2837 3770 ne
2863 3722 2997 3785 peut
3028 3714 3139 3771 ecre
3273 3716 3417 3771 ett‘on
3448 3717 3527 3771 ici
3558 3717 3626 3770 de
3658 3716 3716 3770 la
3738 3717 3891 3772 Bible
3919 3718 4205 3785 franceise
4236 3718 4336 3786 qui

2371 3786 2470 3840 n'a
2514 3785 2594 3841 e'te
2634 3785 2847 3854 publiee
2895 3785 3054 3855 qu'en
3092 3731 3274 3855 153⁴:³
3304 3786 3343 3839 ὰ
3390 3787 3569 3840 moins
3685 3786 3746 3840 'il
3790 3803 3858 3840 ne
3911 3787 4137 3856 s'aqisse
4172 3786 4332 3840 d’une

2371 3870 2598 3910 censure
2632 3854 2846 3909 exerceo
2882 3863 3051 3908 avant
3084 3857 3141 3908 la
3172 3854 3525 3921 publication.
3600 3803 3767 3909 gans
3810 3855 3888 3910 les
3931 3857 4175 3911 diverses
4206 3852 4333 3924 pre'-

2367 3925 2522 3991 faces
2558 3941 2630 3978 on
2664 3940 2732 3978 ne
2765 3923 2829 3978 lit
2862 3925 2983 3977 rien
3018 3922 3378 3989 aujourd’hm·
3410 3924 3510 3992 qui
3529 3923 3743 3991 justifie
3765 3941 3871 3979 une
3903 3926 4133 3993 pareille
4168 3941 4331 3979 accu-

2373 3995 2582 4062 sation,
2632 3992 2684 4046 si
2729 4008 2787 4048 ee
2831 3992 2967 4046 n'est
3002 4007 3103 4060 que
3142 3991 3200 4045 Ο.
3247 3993 3436 4047 insiste
3481 4007 3578 4046 sur
3612 4009 3670 4048 ee
3705 3996 3817 4064 'que
3852 3993 3885 4048 1’
3897 3994 4149 4049 Eoriture
4196 3994 4334 4048 n’est

2372 4062 2686 4132 intelliyible
2718 4061 2845 4132 qu’a
2879 4075 3014 4115 ceux
3049 4062 3146 4130 qui
3180 4067 3275 4114 ont
3310 4061 3515 4130 l'esprit
3549 4061 3617 4116 de
3656 4060 3824 4116 Dieu.
3880 4062 4046 4117 Dans
4081 4064 4136 4117 la
4174 4062 4334 4117 Bible

2371 4131 3059 4201 latineilyabienune
3108 4132 3457 4184 notesurl.
3501 4130 3879 4186 Cor.2oizil
3922 4139 4001 4187 est
4042 4129 4199 4199 parle'
4237 4131 4330 4184 des

2371 4202 2559 4255 choses
2640 4215 2706 4252 ue
2743 4199 2889 4253 Paul
2933 4198 3029 4253 n'a
3066 4214 3176 4266 pas
3219 4199 3385 4252 voulu
3430 4206 3615 4253 mettre
3650 4217 3764 4268 par
3807 4199 3943 4255 e'erit
3983 4217 4148 4270 parce
4235 4200 4334 4253 κά

2373 4271 2530 4324 avait
2564 4217 2765 4337 affaire
2800 4270 2836 4323 ὰ
2869 4267 2963 4322 des
2998 4268 3225 4322 lecteurs
3256 4267 3523 4322 ehretiens
3557 4270 3902 4337 imparfaits,
3949 4286 4006 4324 ce
4051 4284 4153 4340 que
4244 4270 4335 4322 ese

2374 4337 2536 4406 (Vita
2566 4355 2621 4406 p.
2651 4336 2738 4402 23)
2778 4351 3018 4405 arranqe
3050 4339 3088 4391 ὰ
3122 4352 3186 4389 sa
3218 4335 3389 4404 sapon
3423 4353 3490 4389 en
3526 4337 3738 4392 disant.-
3775 4338 3831 4391 O.
3869 4339 3925 4391 in
3963 4356 4060 4392 sua
4097 4338 4332 4408 quadam

2370 4409 2427 4461 in
2466 4425 2535 4460 ss.
2571 4408 2865 4460 bibliorum
2899 4405 3304 4476 perversionem
3353 4404 3687 4475 praefatione
3733 4408 3909 4476 palam
3958 4408 4112 4460 verbi
4159 4406 4333 4458 divini

2372 4479 2507 4531 satis
2561 4477 2904 4546 perspicuam
2959 4475 3310 4528 autoritatem
3357 4475 3660 4529 convellere
3705 4477 3943 4545 studuit,
3997 4478 4217 4544 suisque
4273 4475 4333 4526 in

2371 4545 2610 4616 priorem
2661 4545 2729 4596 ad
2766 4546 2915 4599 Corr.
2968 4544 3253 4612 epistolam
3301 4544 3509 4596 adnott.
3556 4552 3617 4596 ut
3664 4562 3696 4596 a
3742 4547 3908 4597 verbo
3956 4546 4161 4612 scripto
4212 4555 4330 4595 tan-

2345 4669 2350 4675 ,
2369 4632 2534 4736 guam
2570 4613 2884 4683 imperfecto
2920 4629 3018 4666 nos
3054 4612 3361 4677 abduceret,
3400 4612 3601 4666 diserte
3637 4614 3856 4682 scripsit
3894 4614 4121 4666 Paulum
4162 4629 4329 4681 quan·

2408 4702 2495 4737 am
2531 4683 2861 4752 theologiam
2911 4699 2975 4735 ea
3022 4699 3182 4750 quam
3219 4681 3437 4750 scriptis
3486 4682 3715 4734 tradidit
3750 4682 4169 4735 reconditiorem
4209 4697 4329 4748 per-

2368 4753 2541 4806 fectos
2577 4752 2759 4805 nescio
2797 4768 2933 4820 quos
2968 4751 3261 4820 discipulos
3297 4767 3422 4804 suos
3459 4751 3719 4804 docuisse.
3793 4750 3884 4802 De
3919 4752 4040 4817 plus
4084 4750 4333 4804 Treclisel

2368 4822 2408 4875 1.
2449 4820 2550 4874 213
2586 4823 2687 4875 cite
2722 4837 2797 4874 un
2844 4836 3077 4888 passage
3122 4821 3186 4872 de
3226 4818 3374 4873 Cast.
3414 4819 3680 4883 Defensio
3726 4835 3780 4883 p.
3816 4818 3918 4871 21⁶1
3968 4820 4112 4873 dans
4163 4822 4210 4873 le
4247 4818 4333 4872 uel

2366 4891 2411 4944 il
2446 4892 2614 4944 serait
2650 4890 2731 4944 dit
2766 4896 2914 4943 entre
2950 4894 3167 4943 autres.-
3205 4889 3486 4968 Scriptura
3504 4899 3587 4940 est
3608 4895 3865 4956 tanquam
3890 4888 4111 4941 lucerna
4148 4836 4329 4952 spien-

2369 4960 2505 5013 dens
2542 4962 2597 5012 in
2633 4961 2863 5012 obscuro
2899 4959 3035 5012 1000.
3105 4958 3213 5011 Sed
3249 4957 3372 5010 huic
3420 4959 3671 5010 succedet
3715 4957 3963 5026 spiritus,
4021 4958 4114 5027 qui
4152 4957 4330 5026 splen-

2367 5029 2499 5082 dore
2521 5046 2616 5081 suo
2635 5030 2738 5080 scri
2783 5035 2937 5080 turae
2973 5029 3144 5080 lucem
3182 5028 3518 5094 obscurabit)
3558 5045 3664 5079 non
3702 5042 3855 5080 secus
3894 5043 3954 5079 ac
4002 5027 4118 5081 dics
4157 5028 4330 5079 lucer-

2367 5116 2470 5151 nae
2507 5100 2680 5151 lucem
2714 5113 2746 5149 o
2787 5103 2981 5149 scurat.
3057 5095 3236 5158 comp.
3285 5112 3475 5149 encore
3512 5096 3661 5149 Besa
3706 5101 3912 5149 annott.
3968 5096 4045 5149 ad
4092 5096 4140 5152 2.
4192 5097 4329 5148 Tim.

2364 5166 2402 5220 4
2436 5173 2489 5222 et
2526 5167 2693 5234 Resp.
2730 5166 2805 5220 ad
2845 5167 2992 5220 Cast.
3022 5181 3079 5232 p.
3117 5164 3235 5216 502.
3305 5166 3361 5218 ΙΖ
3405 5169 3572 5218 serait
3614 5165 3845 5230 possible
3880 5180 3982 5233 que
4024 5165 4332 5220 Chastillon

2361 5237 2451 5295 *ait
2481 5235 2562 5291 e'te'
2596 5233 2769 5303 obliye
2803 5234 2870 5289 de
2902 5236 3224 5302 supprimer,
3262 5234 3405 5288 dans
3439 5250 3508 5288 sa
3539 5233 3676 5289 biblo
3709 5233 3891 5299 latine,
3929 5250 4036 5288 une
4069 5243 4197 5290 note
4229 5247 4333 5290 sur

2368 5303 2531 5362 Rom.
2565 5304 2599 5358 9
2634 5311 2686 5358 et
2719 5305 2776 5358 la
2806 5301 3255 5371 predestination,
3289 5318 3392 5372 que
3427 5302 3594 5359 Sosin
3637 5304 3829 5357 auo-ait
3871 5305 4078 5359 ensuite
4117 5302 4327 5360 inse're'e

2367 5375 2515 5430 dans
2546 5373 2791 5429 l’e'dition
2825 5373 2921 5427 dee
2953 5372 3249 5441 opuscules.
