4850 6200
456 384 585 455 607

459 574 549 640 sis
605 576 934 651 minister,
1000 575 1215 658 palam
1294 574 1655 659 vulgarunt
1712 575 1934 639 Berna
2006 597 2110 640 me
2166 575 2411 659 fugisse

457 681 659 744 quum
706 660 1049 728 haereseos
1091 662 1428 726 convictus
1472 682 1700 725 essem.
1772 663 2024 744 'Atque
2081 661 2186 725 his
2228 672 2409 745 auto-

456 747 640 812 ribus
685 769 814 811 non
863 760 993 811 tres
1041 749 1143 810 vel
1188 756 1468 829 quatuor
1511 746 1625 812 sed
1684 745 1865 813 mille
1926 747 2225 811 homines
2293 768 2411 829 per

458 842 660 898 totam
688 831 995 898 ditionem
1043 832 1123 897 ‹le
1146 833 1475 898 haeretico
1521 845 1743 898 actum
1777 853 1919 897 esse
1943 833 2300 897 clamitant.
2328 837 2410 907 ¹²)

460 922 707 984 Annon
753 930 1117 1003 praestaret
1161 917 1374 983 decies
1398 940 1540 983 esse
1582 927 1915 982 mortuum
1963 941 2155 1000 quam
2187 921 2406 983 vivum

458 1016 525 1071 et
571 1005 895 1069 videntem
942 1005 1408 1070 contumeliose
1452 1004 1814 1086 proscribi?
1891 1003 2225 1085 Quorsum
2263 1025 2412 1087 sug-

505 1106 713 1155 estum
762 1090 1051 1173 quotidie
1087 1091 1468 1165 conscendo,
1525 1093 1579 1153 si
1627 1104 1759 1153 tam
1804 1091 2007 1172 impia
2065 1091 2412 1155 maledicta

458 1112 859 1241 dissimulem
909 1177 1142 1259 quibus
1190 1186 1325 1241 tota
1361 1177 1540 1259 regio
1586 1176 1932 1258 personat?
2023 1176 2099 1241 Si
2135 1176 2407 1241 docendi

458 1284 731 1327 munere
776 1262 1087 1327 absistere
1132 1263 1374 1339 iubear,
1423 1262 1619 1345 paulo
1665 1261 1894 1327 saltem
1955 1265 2165 1346 magis
2210 1285 2408 1329 excu-

459 1348 660 1415 sabile
706 1349 832 1414 crit
877 1370 1092 1413 mcum
1131 1349 1482 1413 silentium.
1545 1346 1681 1413 Sed
1724 1348 1877 1430 quid
1916 1349 2101 1411 nobis
2136 1349 2409 1431 spiritus

457 1450 722 1500 sanctus
766 1435 1165 1520 praescribat
1212 1456 1324 1498 vos
1370 1434 1641 1498 minime
1685 1434 1873 1499 latet:
1939 1455 2173 1517 nempe
2221 1446 2295 1499 ut
2339 1457 2409 1499 os

457 1520 876 1586 obstruamus
923 1519 1330 1584 adversariis.
1401 1518 1622 1601 Quare
1667 1541 1772 1584 me
1814 1521 2133 1603 evangelii
2183 1522 2406 1585 minis-

457 1616 634 1671 trum
717 1628 856 1671 esse
940 1605 1294 1671 absurdum
1371 1608 1497 1669 erit
1560 1627 1636 1671 ac
1701 1607 1935 1671 merito
2011 1606 2407 1688 pudendum,

459 1695 588 1758 nisi
635 1693 866 1758 saltem
915 1693 1243 1775 ingenuus
1288 1693 1410 1756 sim
1457 1692 1596 1756 eius
1640 1708 1943 1769 assertor,
1991 1692 2147 1757 dum
2194 1693 2405 1776 palam

459 1792 524 1844 et
572 1778 898 1843 hostiliter
942 1802 982 1842 a
1036 1777 1407 1841 domesticis
1463 1792 1897 1862 oppugnatur.
2004 1779 2145 1842 Iam
2204 1800 2406 1862 quum

541 1887 727 1929 avem
778 1886 1051 1947 poenam
1096 1864 1447 1929 denunciet
1491 1865 1796 1937 Senatus,
1829 1869 1907 1941 ΙΙἲ)
1954 1866 2005 1929 si
2056 1866 2201 1947 quis
2262 1887 2408 1948 pro-

457 1886 629 2016 grre
688 1949 925 2013 audeat
979 1949 1147 2033 quod
1213 1975 1250 2013 a
1300 1972 1405 2015 me
1463 1949 1704 2025 didicit,
1768 1974 1855 2014 an
1909 1951 2070 2014 mihi
2140 1971 2408 2033 exspec-

457 2035 731 2101 tandum
779 2052 878 2100 cst
915 2037 1069 2101 dum
1105 2038 1359 2100 saeviat
1394 2036 1464 2100 in
1500 2037 1737 2101 fratres
1775 2058 1950 2100 meos
1997 2040 2408 2119 persequutio

455 2123 644 2187 cuius
690 2121 847 2185 mihi
893 2122 1084 2203 culpa
1129 2122 1604 2205 imputabitur?
1710 2122 1841 2187 Sed
1890 2144 2087 2205 quum
2125 2121 2411 2187 molliter

460 2219 531 2273 et
586 2208 806 2272 minus
864 2208 1128 2273 cordate
1184 2230 1376 2289 quain
1434 2230 1552 2291 par
1612 2224 1713 2272 est
1769 2231 1871 2273 me
1931 2230 2174 2292 geram,
2233 2208 2407 2290 apud

459 2315 579 2357 vos
658 2293 931 2357 sollicite
998 2315 1308 2358 excusare
1375 2315 1858 2377 supervacuum
1925 2308 2053 2371 est,
2115 2296 2227 2377 qui
2292 2316 2408 2377 pro

459 2392 677 2444 vestra
752 2381 1099 2461 prudentia
1163 2380 1480 2462 ‹lispicitis
1559 2394 1806 2462 quanta
1868 2402 1976 2446 me
2038 2382 2406 2457 necessitas,

460 2466 657 2530 veliin
705 2465 925 2543 nolim,
976 2478 1221 2549 urgeat.
1327 2466 1523 2531 Certe
1582 2467 1808 2532 mitius
1872 2465 2228 2531 remedium
2278 2490 2403 2532 non

457 2552 742 2617 occurrit
803 2574 993 2633 quaxn
1069 2566 1139 2615 ut
1204 2554 1639 2634 querimonias
1710 2574 1889 2618 meas
1960 2553 2041 2617 ad
2101 2563 2402 2618 senatum

459 2637 763 2703 deferam.
800 2642 879 2721 ¹⁴⁸)
1000 2642 1147 2718 Qua
1217 2639 1280 2701 in
1358 2661 1425 2702 re
1497 2640 1548 2703 si
1616 2639 2048 2722 patrocinium
2113 2652 2405 2704 vestrum

454 2724 543 2789 im
597 2725 830 2800 lorcm,
888 2724 1047 2788 nihil
1106 2744 1145 2788 a
1192 2725 1524 2790 communi
1577 2727 1786 2790 officio
1839 2725 2123 2790 alienum
2186 2736 2408 2807 petere

454 2810 523 2877 vi
568 2831 701 2876 eor.

629 2896 760 2963 Sed
820 2916 969 2972 vos,
1029 2895 1259 2978 optimi
1312 2896 1570 2971 fratres,
1629 2897 1826 2961 altius
1886 2899 2207 2980 respicere
2251 2920 2403 2963 con-

453 2982 669 3048 venit:
734 2981 915 3047 vobis
973 2981 1334 3047 scientibus
1388 2981 1686 3047 obruitur
1744 2985 1825 3049 ab
1881 2982 2285 3049 auditoribus
2339 2992 2408 3049 et

456 3066 792 3152 discipulis
848 3067 1085 3134 vestris
1142 3088 1347 3133 unum
1399 3088 1483 3133 ex
1538 3070 1905 3154 praecipuis
1950 3068 2101 3135 fidei
2145 3080 2407 3136 nostrae

455 3155 795 3237 capitibus.
897 3153 1249 3220 Minaciter
1309 3161 1537 3218 vetant
1590 3176 1675 3220 ne
1732 3157 1877 3238 quis
1936 3154 2015 3220 de
2072 3178 2147 3221 eo
2206 3156 2407 3222 verba

453 3240 669 3306 faciat.
759 3239 1114 3321 Postquam
1161 3262 1201 3303 a
1236 3238 1497 3322 templis
1534 3240 2008 3323 prohibuerunt
2050 3241 2220 3306 hanc
2256 3242 2402 3308 doc-

455 3327 667 3390 triuae
711 3337 982 3409 partem,
1028 3346 1067 3390 a
1112 3336 1248 3390 tota
1281 3325 1481 3391 etiam
1516 3347 1638 3392 sua
1673 3327 1919 3393 ditione
1942 3329 2404 3406 exterminant,

456 3422 526 3477 et
546 3431 700 3477 suos
737 3411 1070 3476 ministros
1100 3413 1246 3494 plus
1282 3431 1490 3495 aequo
1512 3432 1871 3497 propensos
1900 3413 1979 3478 ad
2006 3413 2403 3479 turbandum

450 3498 824 3581 promiscue
877 3509 1135 3562 armant
1200 3505 1432 3564 contra
1488 3509 1700 3566 rectos
1759 3509 1825 3565 et
1883 3500 2208 3583 simplices
2264 3501 2404 3582 qui-

450 3603 709 3666 cunque
754 3581 835 3649 de
878 3603 1061 3649 sacro
1112 3584 1229 3649 Dei
1277 3585 1592 3669 mysterio
1638 3586 1910 3650 verbum
1959 3586 2186 3653 fecisse
2230 3608 2403 3651 com-

496 3671 621 3734 erti
668 3669 932 3735 fuerint.
1050 3669 1280 3753 Neque
1346 3671 1521 3735 enim
1577 3692 1822 3754 poenae
1880 3672 2236 3738 subiiciunt
2295 3674 2403 3754 qui

449 3756 727 3839 impium
774 3753 1017 3840 aliquid
1061 3755 1169 3820 vel
1214 3755 1450 3822 falsum
1501 3756 1603 3822 vel
1659 3778 2038 3841 perversum
2098 3758 2400 3822 effutive-

451 3842 622 3919 rint,
686 3841 800 3906 sed
864 3843 1106 3925 absque
1177 3844 1560 3925 exceptione
1633 3845 1999 3927 quicunque
2061 3845 2404 3928 attigerint

448 3928 578 3994 Dei
647 3926 1330 4010 praedestinationem.
1456 3931 1561 3993 An
1630 3930 1751 3995 hoc
1817 3929 1999 3996 vobis
2066 3930 2403 3996 tolerabile

449 4013 565 4090 sit,
634 4011 870 4079 videte.
995 4014 1140 4098 Ego
1198 4012 1460 4097 quidem
1528 4014 1689 4079 mihi
1757 4015 2050 4099 linguam
2108 4015 2401 4082 abscindi

446 4099 735 4174 mallem,
790 4120 986 4183 quam
1031 4099 1164 4165 tale
1220 4100 1596 4184 exemplum
1648 4103 1715 4166 in
1765 4103 2037 4169 ecclesia
2091 4122 2285 4169 curae
2335 4113 2404 4166 et

449 4185 605 4252 fidei
649 4205 833 4251 meae
876 4185 1225 4252 commissa
1267 4184 1760 4253 dissimulanter
1801 4187 1991 4254 ferre.
2065 4188 2202 4254 Nec
2247 4209 2401 4253 vero

450 4270 680 4337 dubito
725 4271 1008 4337 eundem
1067 4272 1249 4338 vobis
1295 4293 1438 4338 esse
1491 4274 1805 4349 animum,
1862 4274 1975 4340 sed
2030 4285 2247 4338 tamen
2308 4273 2393 4339 fa-

449 4357 799 4423 miliariter
863 4357 1222 4424 monendos
1281 4379 1424 4424 csse
1489 4358 1679 4436 duxi,
1749 4361 1910 4425 nihil
1985 4359 2205 4425 minus
2258 4381 2401 4426 esse

448 4453 957 4510 consentaneum
1058 4465 1212 4508 uam
1267 4455 1342 4508 ut
1384 4444 1614 4511 timide
1674 4456 1908 4530 agatur
1965 4444 2127 4512 haec
2184 4465 2395 4510 causa.

448 4529 544 4596 Ut
606 4531 677 4595 in
744 4530 891 4595 aliis
954 4551 1026 4594 re
1073 4552 1148 4595 us
1205 4529 1556 4596 concedam
1614 4531 2007 4597 offensiones
2071 4531 2398 4596 cavendas

448 4635 612 4692 esse,
657 4617 883 4683 nullus
920 4615 1026 4681 hic
1068 4618 1345 4682 cii-cums
1395 4617 1836 4684 ectiouilocus
1881 4628 2197 4700 superest.
2259 4617 2397 4682 Nec

449 4715 554 4769 est
596 4703 769 4786 quod
814 4724 932 4768 vos
953 4701 1267 4786 impediat
1372 4710 1475 4768 ter
1497 4713 1727 4781 metus,
1777 4725 1858 4768 ne
1903 4704 2093 4768 irrita
2137 4725 2176 4768 a
2213 4704 2397 4769 vobis

446 4801 749 4855 sumatur
812 4808 1026 4871 opera.
1146 4787 1319 4854 Nam
1395 4788 1452 4854 si
1518 4809 1833 4873 perquam
1897 4789 2137 4874 exigua
2204 4789 2397 4855 bodie

447 4873 632 4939 vobis
678 4885 903 4941 manet
945 4874 1231 4950 libertas,
1279 4874 1595 4941 autoritas
1635 4897 1786 4940 vero
1840 4877 1974 4941 fere
2019 4874 2219 4952 nulla,
2275 4877 2394 4940 mi-

619 5111 686 5165 12
747 5113 832 5178 01·-
871 5113 1027 5180 infra
1064 5113 1214 5169 Galo.
1252 5111 1473 5168 Far-ello
1514 5112 1598 5166 Id.
1638 5112 1778 5166 Mai.

620 5115 710 5262 183
741 5181 886 5236 Touo
918 5198 1152 5252 persona
1283 5223 1297 5248 ,
1333 5189 1553 5237 tonante
1584 5196 1784 5252 propos
1810 5183 2109 5237 contraires
2145 5199 2178 5235 a
2212 5193 2395 5237 nostre

444 5248 778 5318 &pannon
815 5257 875 5304 et
906 5253 1154 5334 reforma,
1181 5252 1365 5335 Jeculx
1401 5269 1511 5323 pun
1613 5268 1677 5306 ns
1711 5258 1806 5307 etc.
1874 5250 1978 5318 (N.
2015 5249 2199 5318 2175.)

616 5317 711 5384 14)
754 5317 915 5388 Quod
948 5327 997 5374 et
1028 5321 1163 5385 fecte
1196 5337 1253 5372 m
1287 5336 1359 5389 pr
1674 5334 1754 5388 ep.

1978 384 2504 451 EPISTOLAE
2547 387 2962 451 2200—2201

4344 391 4469 451 COR

2517 575 2691 638 nime
2734 574 3244 658 exspectandum
3291 583 3393 639 est
3434 573 3592 639 dum
3628 582 3974 660 utramque
4012 576 4194 642 vobis
4237 586 4471 660 sponte

2515 662 2902 738 restituant,
2969 682 3128 744 quos
3205 661 3418 742 ipsum
3500 681 3752 743 quoque
3825 674 4159 745 pastorum
4229 684 4471 729 nomen

2514 747 2652 810 urit
2693 756 2762 810 et
2800 756 3080 828 torquet,
3141 747 3250 828 qui
3298 762 3722 829 conspectum
3778 758 4076 814 nostrum
4131 752 4302 814 ferre
4359 771 4470 814 ne-

2514 848 2790 915 queunt,
2859 833 2972 915 qui
3036 832 3316 915 denique
3379 834 3759 897 memoriam
3824 835 4032 899 nostri
4102 836 4366 917 penitus
4428 856 4469 899 e

2516 918 2731 983 medio
2778 918 3100 984 sublatam
3136 928 3466 1000 cuperent.
3524 916 3714 998 Quod
3764 921 3819 984 si
3850 921 4204 986 autoritate
4249 922 4468 986 minus

2514 1005 2779 1084 valetis,
2849 1004 3083 1070 saltem
3177 1005 3573 1085 postliminio
3641 1007 3826 1071 vobis
3920 1006 4289 1073 revocanda
4365 1018 4471 1073 est

2515 1090 2799 1169 libertas,
2846 1103 2920 1155 ut
2964 1092 3071 1172 qui
3125 1091 3445 1157 hactenus
3503 1092 3698 1156 nimis
3743 1113 3970 1158 secure
4028 1093 4153 1157 sibi
4207 1093 4465 1175 plause-

2514 1187 2672 1245 runt
2730 1180 2795 1241 in
2850 1179 3130 1261 peccatis
3178 1177 3422 1241 sentire
3479 1176 3746 1242 tandem
3803 1179 4151 1261 incipiant,
4214 1177 4464 1245 Christi

2512 1264 2724 1327 servis
2768 1262 2850 1328 ad
2894 1285 3003 1328 eos
3045 1262 3405 1327 monendos
3453 1263 3711 1346 linguas
3755 1275 4120 1348 suppetere.

2688 1347 3082 1432 Quanquam
3127 1361 3342 1413 autem
3390 1370 3510 1433 ego
3557 1350 3864 1431 privatim
3909 1352 4205 1434 impetor,
4263 1371 4466 1434 quum

2515 1446 2734 1499 tamen
2781 1437 2943 1500 satis
2987 1448 3206 1517 pateat
3253 1456 3368 1500 vos
3424 1457 3651 1501 omnes
3704 1457 3822 1519 per
3867 1459 4012 1501 mea
4060 1437 4268 1501 latera
4327 1437 4470 1502 vul-

2513 1523 2746 1593 nerari,
2802 1542 2923 1587 nec
2985 1522 3332 1586 obscurum
3399 1524 3484 1587 sit
3541 1542 3850 1604 quorsum
3909 1522 4138 1588 tendat
4194 1524 4471 1588 scelesta

2512 1607 2673 1671 haec
2717 1609 3134 1689 conspiratiO,
3180 1628 3296 1671 vos
3340 1619 3408 1671 et
3453 1629 3610 1691 rogo
3650 1618 3718 1671 et
3761 1608 4066 1685 obtestor,
4127 1610 4355 1692 optimi
4400 1621 4468 1673 et

2516 1692 2869 1758 venerandi
2925 1695 3177 1767 fratres,
3236 1704 3313 1757 ut
3372 1715 3502 1758 non
3565 1695 3815 1759 minore
3875 1695 4093 1759 studio
4153 1695 4235 1760 ad
4291 1716 4468 1760 com-

2515 1801 2711 1845 mune
2746 1779 3182 1845 ministerium
3232 1780 3654 1844 asserendum
3701 1781 4061 1858 enitamini,
4117 1802 4317 1865 quam
4372 1782 4467 1845 vi-

2514 1867 2683 1929 detis
2728 1866 2984 1931 rabiosa
3026 1865 3299 1931 audacia
3341 1886 3534 1931 canes
3575 1866 3736 1931 istos
3772 1865 3852 1931 ad
3899 1867 4114 1949 ipsum
4162 1876 4467 1932 everten-

2513 1950 2669 2016 dum
2715 1952 3073 2036 insurgere.
3135 1951 3307 2019 Nam
3354 1961 3429 2015 ut
3451 1950 3634 2016 nobis
3678 1972 3934 2018 cessare
3955 1953 4174 2027 libeat,
4223 1953 4463 2017 mirum

2512 2047 2738 2103 tamen
2772 2039 2900 2101 erit
2946 2038 3072 2103 nisi
3109 2052 3440 2120 stuporem
3488 2050 3783 2103 nostrum
3831 2040 4313 2123 expergefaciat
4354 2061 4463 2103 eo-

2513 2145 2659 2189 rum
2703 2124 3052 2206 protervia.
3131 2124 3355 2206 Neque
3397 2125 3594 2189 etiam
3642 2124 3931 2208 despero,
3977 2126 4091 2190 ubi
4135 2127 4306 2190 seria
4348 2124 4465 2189 ad-

2514 2210 2868 2275 monitione
2944 2212 3228 2275 excitata
3303 2212 3502 2275 fuerit
3565 2218 3832 2276 senatus
3910 2212 4223 2288 attentio,
4301 2211 4465 2294 quin

2514 2295 2918 2361 tolerabilem
2977 2296 3261 2378 aliquam
3322 2296 3627 2361 sedandis
3698 2297 3912 2362 turbis
3969 2299 4287 2362 rationem
4345 2319 4462 2363 ex-

2510 2382 2766 2466 cogitet.

2683 2468 2934 2539 Valete,
2982 2469 3202 2534 eximii
3262 2470 3386 2532 viri
3445 2479 3514 2531 et
3569 2468 4144 2534 observandissimi
4201 2470 4459 2534 fratres.

2513 2553 2820 2639 Collegae
2877 2557 3004 2620 mei
3069 2575 3188 2620 vos
3253 2564 3633 2619 reverenter
3707 2555 4012 2620 salutant.
4137 2556 4462 2621 Dominus

2510 2642 2748 2724 spiritu
2791 2639 3175 2724 prudentiae
3219 2640 3335 2705 zeli
3397 2649 3466 2706 et
3516 2643 3919 2705 constantiae
3963 2662 4083 2707 vos
4140 2644 4466 2726 gubernet

2511 2736 2896 2810 vestrosque
2949 2737 3223 2791 conatus
3290 2726 3644 2790 benedicat.
3760 2728 4071 2792 Genevae
4128 2736 4183 2792 3.
4235 2729 4462 2794 Nonas

2513 2814 2674 2879 Maii
2724 2814 2906 2877 1555.

3389 3360 3580 3430 2201.

2591 3535 2598 3540 -
2681 3514 2804 3579 LE·
2850 3498 3156 3580 samm
3202 3514 3328 3580 Da
3375 3501 3761 3582 canava
3810 3517 3936 3584 Au
3980 3502 4283 3584 SENAT

3187 3619 3312 3685 DE
3353 3618 3688 3684 BERNE.
3717 3624 3762 3698 1)

2680 3790 2932 3872 Affaire
2972 3791 3048 3855 de
3095 3789 3319 3858 Calvia
3350 3797 3553 3857 come
3589 3790 3862 3857 Ζὲὂὲἀὲε
3904 3798 3960 3858 et
3993 3798 4277 3860 consorte.

2504 3961 2669 4023 (Bibl.
2706 3962 2775 4015 de
2808 3961 3043 4017 Gen'eve.
3115 3962 3314 4017 Cat-ton
3353 3962 3522 4017 197aa.
3559 3963 3628 4017 N.
3662 3962 3748 4020 22.
3801 3965 3850 4018 11
3887 3981 3954 4017 en
3991 3965 4165 4019 existe
4199 3966 4344 4018 aussi
4379 3981 4451 4019 un

2504 4031 2835 4100 exemplaire
2871 4049 2975 4085 aux
3003 4030 3287 4098 Archives‚
3325 4034 3418 4102 qui
3453 4034 3700 4086 contient
3731 4032 3829 4087 des
3865 4034 4000 4087 chan
4073 4040 4262 4088 ments.
4311 4033 4453 4088 C'ect

2812 4102 2949 4155 celui
2984 4102 3078 4170 qui
3115 4110 3201 4155 est
3235 4102 3372 4155 snivi
3411 4118 3512 4170 par
3547 4102 3623 4156 M.
3662 4103 3877 4156 Bonnet
3911 4102 3983 4157 11.
4093 4105 4137 4170 .)

2504 4273 2980 4357 Magnificques
3025 4284 3088 4339 et
3133 4274 3435 4357 pnissans
3491 4275 3848 4356 seigneurs,
3905 4274 4228 4340 treschers
4284 4274 4451 4339 amis

2502 4366 2571 4423 et
2621 4359 2948 4424 honnorez
3003 4360 3517 4444 combourgeois,
3578 4379 3769 4443 apres
3824 4382 3978 4424 vous
4045 4361 4232 4426 avoir
4302 4381 4449 4444 pre·

2501 4454 2684 4509 sente
2738 4465 2858 4509 nos
2930 4445 3231 4511 humbles
3299 4445 3928 4545 recommendations
3997 4458 4067 4511 et
4133 4445 4449 4511 amiables

3319 4551 3624 4597 services.

2672 4699 2909 4781 Quand
2987 4724 3109 4768 noz
3177 4703 3448 4768 commis
3528 4713 3746 4768 estant
3809 4714 4154 4770 retournez
4225 4703 4305 4770 de
4383 4703 4450 4768 la

2495 4787 2764 4852 iournee
2806 4789 3104 4872 assignes
3149 4809 3316 4872 pour
3347 4791 3648 4872 appaiser
3683 4788 3777 4855 les
3811 4788 4105 4856 troubles
4147 4797 4215 4855 et
4257 4811 4449 4855 scan-

2496 4871 2678 4938 dales
2743 4894 3073 4940 sui-venua
3129 4874 3463 4952 (daultant
3519 4876 3880 4959 quaulcuns
3936 4875 4018 4942 de
4081 4896 4198 4940 voz
4261 4896 4448 4960 pres-

2494 4959 2736 5026 cheurs
2794 4969 2862 5025 et
2925 4959 3207 5026 subiects
3264 4960 3524 5027 avoient
3578 4960 3824 5028 blasme
3884 4961 3950 5027 la
4007 4961 4298 5029 doctrine
4363 4961 4448 5027 dc

2494 5250 2680 5307 2201.
2716 5251 2773 5320 1)
2823 5253 2996 5321 Voyes
3037 5250 3170 5323 Rey.
3216 5251 3293 5306 du
3343 5253 3562 5309 Conseil
3606 5252 3689 5306 29.
3738 5252 3899 5308 Avn‘l
3942 5251 3993 5308 2.
4045 5251 4187 5308 Mai.
4270 5251 4327 5308 11
4366 5257 4452 5309 sd

2493 5322 2625 5377 hors
2658 5322 2725 5377 de
2758 5321 2921 5376 doute
2951 5336 3055 5392 que
3086 5327 3218 5378 cem
3246 5321 3397 5392 pices
3429 5338 3468 5378 a
3497 5318 3582 5378 ἐπ’
3613 5319 3828 5392 rid-*nie
3859 5338 3968 5391 par
4005 5321 4216 5378 Calvino.
