4850 6200
424 398 555 459 7⁷5

744 584 854 652 (Ex
890 582 1229 654 autographo
1264 580 1400 638 Ood.
1438 580 1645 637 Genev.
1683 577 1803 643 109,
1836 579 1930 636 fol.
1965 576 2078 646 54.)

605 755 988 822 Clarissimo
1046 755 1189 822 viro
1233 720 1317 819 D
1362 753 1600 820 Ioanni
1655 750 1934 819 Calvino
1979 748 2392 816 Genevensis

422 842 743 910 eeclesiae
788 842 1035 926 pastori
1081 840 1604 927 vigilantissimo.

1888 922 2218 988 Genevae.

610 1097 759 1181 Quo
811 1099 945 1165 iam
1003 1097 1076 1162 in
1136 1105 1312 1163 statu
1369 1097 1505 1162 sint
1557 1116 1663 1161 res
1718 1093 1913 1161 huius
1957 1092 2265 1160 ecclesiae
2310 1113 2393 1156 ex

437 1185 521 1252 D.
575 1184 869 1269 orispino
912 1184 1151 1251 disces:
1209 1183 1482 1267 proinde
1529 1179 1611 1247 ab
1657 1179 1970 1263 ampliore
2010 1200 2234 1245 earum
2281 1177 2392 1243 de-

437 1271 791 1356 scriptione
857 1269 1265 1353 supersedeo.
1356 1268 1502 1334 Hoc
1569 1266 1778 1332 solum
1841 1279 1904 1331 te
1962 1268 2127 1331 scire
2185 1265 2391 1347 cupio,

436 1359 520 1424 D.
559 1378 602 1423 a
640 1357 862 1423 Sancto
883 1356 1152 1422 Andrea
1188 1364 1257 1420 et
1297 1354 1512 1438 ipsum
1555 1351 1920 1434 crispinum
1965 1352 2093 1417 huc
2136 1351 2394 1415 venisse

436 1445 630 1528 ipsos,
696 1462 942 1526 nosque
1007 1442 1131 1507 hoc
1193 1439 1459 1507 nomine
1524 1438 1883 1522 plurimum
1942 1436 2175 1502 debere
2228 1435 2392 1513 Dee,

437 1530 547 1613 qui
592 1550 710 1614 per
752 1528 899 1594 11106
945 1527 1216 1593 detectis
1260 1525 1549 1592 Satanae
1606 1523 1924 1590 cuniculis
1979 1523 2146 1588 hanc
2189 1520 2394 1588 eccle-

439 1615 603 1681 siam
649 1614 1141 1681 contentionum
1187 1611 1496 1678 fluctibus
1551 1630 1755 1694 paene
1800 1630 2098 1674 eversam
2144 1607 2393 1690 aliqua-

439 1714 634 1767 tenus
699 1720 1034 1784 emergere
1099 1698 1271 1764 fecit.
1381 1694 1574 1778 Quod
1641 1694 1760 1760 tibi
1824 1697 1892 1760 in
1959 1695 2122 1760 meis
2185 1694 2395 1758 literis

438 1807 704 1853 causam
745 1807 962 1851 meam
1008 1804 1204 1868 agere
1249 1783 1430 1849 visus
1474 1802 1644 1859 sum,
1689 1783 1759 1845 in
1805 1780 1909 1846 his
1954 1800 2121 1863 quae
2166 1779 2246 1845 de
2290 1800 2392 1844 61-

438 1872 707 1938 ronibus
744 1871 1125 1950 scribebam,
1171 1869 1353 1934 dabis
1377 1867 1638 1935 veniam
1673 1868 1729 1932 si
1774 1876 1838 1931 te
1861 1878 2148 1931 mentem
2181 1886 2394 1930 meam

436 1960 509 2023 in
552 1958 674 2022 hac
715 1968 902 2041 parte
938 1976 1073 2020 11011
1116 1953 1522 2020 intellexisse
1556 1952 1804 2018 dixero.
1874 1952 2043 2017 Nam
2082 1960 2398 2035 quotquot

441 2052 596 2111 sunt
637 2040 1014 2108 huiusmodi
1069 2039 1419 2108 adversum
1458 2059 1565 2105 me
1621 2046 1909 2104 armatos
1967 2059 2273 2121 cuperem
2322 2057 2397 2103 ac

441 2129 663 2195 omnia
726 2126 1186 2193 maledicentia
1249 2146 1370 2192 sua
1435 2125 1569 2192 tela
1635 2124 2009 2203 eiaculatos,
2077 2123 2266 2188 modo
2323 2132 2395 2188 tu

442 2213 811 2297 caeterique
853 2213 944 2297 pii
986 2213 1177 2278 verbi
1218 2211 1527 2290 ministri,
1574 2232 1650 2277 ac
1695 2211 1973 2294 denique
2013 2211 2231 2293 ipsum
2268 2208 2396 2273 Dei

443 2299 718 2367 verbum
779 2298 1168 2365 inviolatum
1226 2304 1660 2381 permaneret.
1764 2296 1992 2380 Neque
2049 2297 2120 2359 in
2180 2296 2396 2360 animo

444 2384 642 2450 habui
699 2384 983 2469 aliquem
1042 2385 1096 2451 si
1148 2382 1381 2449 'Hatim
1437 2383 1900 2467 perstringere.
1986 2379 2179 2463 Quod
2225 2381 2281 2445 si
2325 2381 2397 2444 in

440 2472 652 2537 literis
687 2471 1032 2556 postremis
1076 2406 1166 2535 (Ιξι
1201 2469 1483 2554 quodam
1509 2468 1729 2553 Anglo
1757 2471 1802 2545 ¹)
1841 2489 2208 2534 sermonem
2252 2466 2395 2545 feci,

443 2557 511 2623 id
554 2556 708 2640 quia
761 2556 941 2622 illius
995 2554 1315 2622 adversus
1372 2554 1692 2640 collegam
1734 2575 1954 2619 meum
2009 2553 2397 2619 intermina-

443 2643 656 2709 tiones
689 2643 1021 2708 audieram
1057 2640 1299 2707 factum
1337 2641 1537 2707 fuisse
1573 2641 1894 2719 existima,
1917 2641 2101 2706 cuius
2137 2648 2396 2704 tantum

445 2728 628 2795 abest
684 2737 759 2794 ut
812 2728 1012 2795 velim
1071 2727 1308 2792 delicta
1352 2735 1468 2792 aut
1519 2727 1882 2811 cuiuspiam
1939 2726 2209 2791 alterius
2254 2746 2397 2789 meo

443 2815 804 2899 patrocinio
863 2823 1112 2898 tegere,
1180 2820 1257 2878 ut
1312 2813 1476 2879 meis
1535 2812 1822 2877 ferendis
1885 2812 2169 2895 impares
2229 2810 2398 2875 mihi

445 2922 587 2967 esse
665 2899 975 2966 humeros
1040 2899 1235 2984 plane
1304 2898 1422 2977 (sit
1483 2899 1631 2964 Deo
1695 2898 1940 2982 gratia)
2014 2916 2394 2981 agnoscam:

447 3007 679 3053 verum
723 2994 797 3051 ut
837 2986 910 3050 in
946 2986 1248 3052 ministro
1284 2986 1501 3050 inesse
1536 2982 1853 3067 quaedam
1888 3005 2054 3067 quae
2090 2983 2399 3049 ecclesiae

444 3071 837 3140 offendiculo
898 3093 1041 3138 esse
1097 3072 1332 3137 merito
1385 3071 1640 3155 possint
1681 3092 1814 3135 non
1876 3070 2237 3149 substineo,
2305 3069 2401 3134 ita

441 3160 826 3244 praefractis
885 3157 1216 3237 omnibus,
1284 3177 1371 3222 ne
1432 3155 1645 3224 dicam
1700 3157 1995 3222 corasitis
2022 3158 2076 3234 ²)
2135 3156 2247 3239 qui
2305 3155 2402 3219 illi

443 3245 689 3311 iniuria
733 3243 1207 3327 praeiudicium
1251 3243 1464 3309 facere
1511 3251 1785 3322 tentant,
1831 3241 2108 3307 libenter
2153 3263 2256 3307 1116
2297 3242 2405 3307 ob-

444 3331 613 3398 iicio.
719 3330 867 3395 Non
933 3329 1144 3414 magis
1206 3349 1500 3412 unquam
1565 3328 1728 3394 mihi
1792 3328 2136 3411 probatum
2204 3327 2403 3393 fuisse

450 3415 946 3501 anglicanorum
1012 3416 1255 3481 rituum
1321 3415 1566 3480 librum
1597 3417 1652 3492 Β)
1720 3415 1981 3497 scripsi,
2045 3435 2240 3497 quam
2304 3413 2404 3478 1111

446 3501 670 3587 Anglo
715 3503 900 3568 cuius
944 3508 1085 3566 tum
1129 3521 1345 3567 sermo
1390 3509 1562 3579 erat,
1623 3499 1737 3566 sed
1782 3500 1968 3567 illum
2013 3499 2086 3565 in
2130 3521 2206 3564 60
2253 3521 2404 3566 con·

452 3587 822 3655 demnando
865 3608 1017 3655 cum
1060 3587 1387 3671 plerisque
1450 3586 1595 3653 aliis
1638 3607 1784 3652 eam
1829 3586 2245 3671 prudentiam
2292 3585 2405 3652 ad-

453 3674 744 3741 hibuisse
801 3672 1177 3759 cupiebam,
1237 3672 1448 3757 qualis
1508 3674 1576 3737 in
1630 3671 1839 3739 literis
1892 3692 2052 3757 quas
2095 3672 2177 3737 ad
2234 3672 2405 3756 ipso-

453 3782 604 3826 rum
661 3759 973 3827 ecclesiae
1028 3760 1368 3826 ministros
1435 3759 1753 3843 scripsisti
1781 3763 1839 3843 ⁴)
1906 3759 2214 3825 cernitur.
2318 3759 2408 3823 Et

454 3847 641 3911 Deus
706 3847 847 3930 ipse
913 3846 1099 3912 testis
1165 3854 1266 3912 est
1320 3866 1515 3930 quam
1583 3844 1851 3994 indigne
1896 3846 1978 3910 D.
2027 3843 2243 3910 Knoxi
2293 3866 2407 3910 ex-

456 3932 674 3999 silium
733 3933 1028 4013 tulerim,
1093 3952 1462 4016 quanquam
1523 3952 1723 4014 procu
1806 3932 1886 3996 ab
1947 3931 2080 4009 his,
2150 3930 2260 4014 qui
2316 3931 2409 3995 ita

455 4018 560 4170 gui
624 4017 775 4083 libri
844 4019 1098 4085 naeniis
1164 4018 1562 4103 pertinacem
1643 4016 1960 4082 haberent
1977 4067 1991 4095 ,
2068 4038 2175 4082 me
2255 4016 2407 4082 sub-

503 4124 707 4171 ucam.

629 4190 829 4256 Mitto
887 4190 1006 4255 tibi
1063 4188 1406 4257 vasculum
1468 4196 1913 4257 muscatarum
1974 4186 2407 4269 conditarum,

460 4297 536 4342 ac
580 4276 969 4342 tantundem
1013 4274 1098 4341 D.
1149 4275 1373 4340 Vireto.
1463 4274 1830 4359 Utrumque
1875 4295 1961 4339 ex
1996 4296 2187 4341 servo
2233 4276 2406 4341 'I'ho-

463 4566 644 4620 2297.
668 4567 733 4688 21')
765 4566 862 4620 An
915 4564 1250 4621 Whtheadso'
1208 4568 1218 4579 '
1262 4566 1294 4619 ἓ

711 4642 730 4698 )
766 4637 864 4690 sic.

667 4703 729 4772 3)
776 4703 1039 4759 Videntur
1073 4705 1242 4773 Anyti
1286 4704 1515 4758 caeteris
1558 4706 1836 4759 manens
1883 4706 2080 4758 librum
2129 4719 2285 4758 suum
2331 4706 2406 4757 ri-

461 4774 658 4827 mian
692 4771 977 4828 obtrudere
1011 4774 1260 4827 voluisse.
1340 4770 1557 4827 macter
1591 4773 1679 4827 hie
1713 4773 1959 4839 conferes
1997 4772 2126 4828 KG.
2161 4775 2258 4827 der
2281 4770 2407 4839 Res.

463 4844 526 4895 in
565 4841 727 4907 Frlet'.
762 4857 815 4898 a.
853 4841 936 4894 M.
984 4857 1036 4908 p.
1073 4840 1158 4908 80,
1204 4843 1300 4898 ube·
1343 4841 1410 4895 de
1453 4842 1835 4896 controversiis
1878 4844 2064 4911 agitur
2110 4845 2254 4896 inter
2299 4849 2407 4895 tres

465 4916 772 4965 exterorum
817 4917 1000 4965 coetus
1041 4911 1194 4973 ortis,
1247 4914 1329 4965 ita
1365 4916 1425 4965 ut
1458 4927 1496 4963 a
1542 4917 1736 4965 senatu
1784 4911 1972 4979 plures
2018 4917 2068 4966 et
2119 4918 2408 4978 separatas

375 4997 386 5008 ·
465 4979 716 5033 eeclesias
760 4980 869 5033 sibi
911 4979 1133 5034 concedi
1165 4984 1434 5049 cuperent,
1479 4980 1713 5035 maxime
1758 4980 1920 5035 aedes
1960 4980 2014 5033 S.
2055 4979 2404 5034 Gathar-inae.

469 5047 736 5102 Pollae-us
780 5048 923 5102 inter
956 5048 1072 5102 alia
1115 5049 1176 5102 in
1210 5064 1376 5105 coena
1410 5049 1588 5103 vitrea
1670 5051 1829 5103 ocula
1863 5049 2120 5104 adhibere
2152 5050 2321 5116 eoepit
2357 5054 2407 5102 et

455 5130 658 5183 panem
699 5132 804 5184 pro
846 5117 1060 5184 hostiis,
1106 5122 1228 5173 item
1275 5119 1577 5185 imayinum
1649 5120 1793 5173 acies
1835 5120 2030 5172 charta
2064 5119 2407 5187 ayylutinata

459 5185 756 5251 cooperire.
831 5185 1253 5242 Concionatores
1284 5187 1441 5242 urbis
1461 5187 1646 5241 Nonis
1666 5185 1992 5252 Septembris
2028 5188 2092 5239 de
2125 5188 2211 5240 his
2246 5189 2406 5241 rebus
2456 5265 2461 5282 ⁴

457 5252 863 5321 ,nequirem-0
895 5255 1163 5310 adierunt.
1234 5255 1502 5322 (Franks.
1547 5255 1663 5310 Rel.
1706 5258 1911 5310 Handl.
1950 5256 1990 5308 1.
2027 5256 2166 5310 Beil.
2204 5255 2282 5321 3.)

672 5319 734 5384 4)
771 5321 845 5376 Ν.
881 5322 1030 5377 2091.
1066 5323 1203 5378 2213
1237 5327 1350 5382 coll.
1389 5342 1433 5383 c.
1509 5325 1582 5380 N.
1618 5324 1770 5379 2163.
1806 5323 1957 5378 2178.

1937 388 2466 458 EPISTOLAE
2511 391 2936 456 2297—2298

4317 387 4449 451 7⁷6

2494 598 2640 644 mae
2680 576 2944 644 Gorteau
2979 576 3275 661 accipies.
3339 576 3529 655 Vale,
3572 577 3677 643 vir
3710 575 4148 662 integerrime.
4212 575 4447 642 Domi-

2494 686 2619 730 nus
2663 671 2730 729 te
2766 673 3108 731 conservet
3150 664 3221 729 in
3258 662 3566 730 ecclesiae
3602 684 3758 730 suae
3793 662 4089 749 gloriam.
4159 661 4453 728 Franco·

2493 750 2742 816 fordiae
2788 753 2887 815 20.
2936 747 3304 833 Septembr.
3359 754 3539 814 1555.

3300 888 3482 952 'l'uae
3526 886 3923 951 humanitati
3967 884 4452 952 addictissimus

3456 971 3830 1038 Richardus
3873 970 4198 1037 Vauville.
4226 971 4277 1057 ⁵)

3383 1451 3587 1522 2298.

2574 1610 2698 1675 AN
2706 1608 2871 1675 GLI
2916 1604 3898 1674 FRANOOFORDIENSES
3944 1605 4381 1674 GALVINO.

2677 1782 3030 1862 Queruntur
3060 1778 3390 1844 Calvinum
3414 1800 3453 1842 a
3488 1779 3752 1860 factione
3789 1779 4293 1844 adversariorum
4325 1780 4453 1844 cir-

2499 1872 2887 1932 cumventum
2938 1866 3225 1946 iniquius
3278 1865 3353 1930 de
3408 1866 3573 1947 ipsis
3629 1865 3959 1943 iudicasse,
4004 1866 4192 1947 quusi
4227 1865 4457 1946 papis-

2499 1953 2659 2019 ticas
2699 1951 3113 2018 caeremonias
3154 1951 3524 2016 retinuerint
3566 1956 3622 2015 et
3670 1950 3969 2016 Knoxum
4026 1951 4455 2016 contumeliose

2499 2040 2801 2105 eiecerint.
2925 2037 3258 2103 Vindicant
3321 2057 3506 2101 suam
3580 2038 4004 2117 innocentiam,
4066 2041 4341 2101 actorum
4398 2040 4459 2099 et

2500 2126 2879 2209 agendorum
2930 2125 3237 2189 rationem
3295 2123 3566 2189 reddunt
3621 2128 3675 2187 et
3718 2125 3776 2188 ei
3816 2125 3975 2188 sati-s·
4017 2127 4222 2204 aperte
4260 2122 4457 2189 com-i-

2500 2211 2658 2276 lium
2702 2212 2857 2277 dant
2900 2215 2967 2274 ut
3010 2230 3162 2275 suas
3208 2229 3310 2274 res
3344 2214 3529 2275 curet.

2504 2382 2613 2446 (Ex
2651 2381 2781 2435 Ood.
2820 2382 3127 2435 Genevensi
3166 2378 3283 2445 196,
3328 2381 3423 2434 fol.
3460 2379 3543 2433 33.
3617 2380 3783 2434 Edita
3819 2386 3903 2434 cst
3940 2398 3971 2433 a
4009 2381 4281 2434 Societate
4318 2381 4453 2433 Par-

2502 2451 2726 2504 kcriana
2773 2452 2940 2504 latine
2987 2451 3033 2502 E
3074 2468 3124 2519 p.
3163 2450 3345 2518 Tigur.
3384 2449 3449 2503 N.
3490 2447 3605 2514 358,
3652 2467 3704 2518 p.
3742 2448 3861 2515 489,
3912 2451 4120 2518 anglice
4169 2449 4319 2503 Tom.
4354 2447 4455 2503 111.

2960 2467 3070 2573 753
3099 2519 3225 2572 item
3262 2520 3318 2571 111
3355 2518 3491 2589 Opp.
3529 2519 3712 2572 Knoxi
3750 2518 3842 2572 1v.
3878 2517 3991 2587 62.)

2677 2690 3138 2757 Eruditissimo
3217 2693 3357 2757 viro
3436 2690 3754 2775 fratrique
3812 2713 3965 2758 vere
4032 2691 4301 2758 colendo
4366 2690 4457 2760 D.

2501 2779 2740 2845 Ioanni
2786 2778 3083 2845 Calvino.

3959 2863 4285 2931 Genevae.

2675 3018 2857 3084 Dum
2918 3026 3373 3103 exspectamus
3435 3017 3795 3084 adventum
3848 3020 4257 3104 quorundam
4324 3019 4459 3084 fra-

2508 3116 2685 3173 trum
2710 3116 3103 3185 nostrorum,
3132 3111 3182 3184 ¹)
3226 3104 3309 3170 ad
3353 3127 3515 3189 quos
3538 3106 3840 3189 inprimis
3879 3126 4042 3191 quae
4081 3106 4212 3173 huc
4258 3106 4461 3189 scrip·

2507 3194 2652 3261 sisti
2670 3196 2727 3271 9)
2772 3193 3102 3277 pertinere
3138 3191 3546 3268 videbantur,
3596 3193 3801 3257 coacti
3847 3213 4075 3259 sumus
4124 3192 4459 3276 aliquanto

2508 3281 2718 3347 serius
2781 3279 2992 3344 literis
3048 3278 3197 3356 tuis,
3269 3277 3526 3344 Calvine
3592 3278 3980 3357 doctissime,
4046 3277 4462 3362 respondere,

2508 3387 2706 3451 quam
2733 3365 2838 3429 vel
2873 3386 2978 3430 res
3012 3364 3156 3446 ipsa
3179 3364 3569 3447 postulabat,
3605 3363 3713 3430 vel
3753 3373 3823 3429 tu
3862 3363 4156 3431 fortassis
4191 3386 4463 3449 exspec-

2509 3453 2710 3517 tabas.
2792 3451 2987 3516 Nunc
3030 3470 3187 3515 vero
3243 3471 3445 3534 quum
3497 3451 3710 3517 omnis
3756 3450 3942 3517 nobis
3996 3471 4143 3534 spes
4193 3450 4463 3515 illorum

2509 3537 2830 3604 adventus
2884 3537 3190 3620 adempta
3247 3538 3348 3616 sit,
3411 3538 3624 3601 visum
3685 3544 3786 3602 est
3829 3535 4012 3602 nobis
4049 3537 4160 3620 qui
4207 3536 4314 3603 hic
4358 3557 4473 3602 su-

2509 3646 2657 3690 mus
2713 3621 2959 3706 aliquid
3016 3623 3247 3688 saltem
3309 3622 3571 3688 tandem
3622 3622 3975 3707 aliquando
4032 3622 4465 3705 respondere:

2510 3711 2750 3794 partim
2794 3708 3058 3792 quidem
3106 3732 3187 3774 ne
3233 3708 3482 3774 silendo
3526 3710 3734 3774 nostri
3780 3729 3937 3794 erga
3980 3717 4046 3774 te
4101 3710 4293 3774 officii
4343 3727 4465 3792 pa-

2511 3816 2662 3861 rum
2705 3816 3046 3873 memores,
3084 3798 3323 3879 partim
3370 3816 3529 3861 vero
3573 3797 3770 3860 etiam
3827 3817 3911 3861 116
3955 3796 4265 3878 optimam
4311 3815 4465 3860 cau-

2512 3904 2653 3949 sam
2698 3891 2991 3947 nostram
3036 3880 3309 3965 prodere
3352 3881 3747 3947 videremur.
3828 3884 3929 3948 Ac
3985 3883 4271 3965 primum
4317 3880 4462 3964 qui-

2513 3969 2662 4034 dem
2701 3967 2976 4033 isthuc*
3016 3967 3130 4031 tibi
3171 3969 3743 4050 persuasissimum
3791 3989 3933 4034 esse
3978 3968 4293 4052 cupimus,
4340 3986 4461 4032 1106

2512 4065 2579 4119 te
2622 4055 2802 4119 omni
2847 4073 3116 4136 prorsus
3162 4055 3577 4119 veneratione
3622 4063 3815 4136 atque
3863 4073 4083 4118 amore
4140 4054 4461 4136 prosequi,

2513 4161 2715 4225 quum
2761 4139 2842 4205 ob
2883 4139 3278 4223 singularem
3319 4151 3497 4204 tuam
3545 4140 3874 4223 pietatem,
3936 4151 4073 4204 tum
4129 4140 4325 4205 etiam
4379 4139 4465 4204 ob

2514 4227 2821 4292 eximiam
2903 4227 3093 4292 istam
3173 4227 3569 4307 optimarum
3651 4224 3890 4290 artium
3970 4227 4463 4310 praestantiam.

2516 4313 2770 4378 Verum
2826 4311 2999 4393 quod
3055 4313 3419 4394 superiores
3478 4321 3738 4377 nostrae
3793 4311 4022 4377 literae
4040 4315 4096 4384 ⁸)
4154 4310 4272 4375 tibi
4326 4332 4462 4376 non

2512 4398 2949 4464 satisfecerint
3006 4418 3399 4480 omnemque
3447 4419 3717 4482 prorsus
3773 4397 4157 4481 scrupulum
4201 4418 4463 4463 exeme-

2514 4485 2670 4562 rint,
2718 4484 2784 4548 id
2848 4505 3001 4549 vero
3047 4483 3238 4548 nobis
3295 4484 3595 4566 inprimis
3644 4483 3999 4549 dolendum
4042 4483 4458 4549 arbitramur.

2514 4569 2647 4636 Sed
2712 4570 2833 4634 hoc
2890 4569 3021 4636 illis
3044 4571 3098 4655 ⁴)
3163 4580 3498 4652 acceptum
3545 4570 3714 4634 ferre
3752 4569 4061 4635 debemus
4107 4569 4342 4653 quibus
4386 4579 4462 4634 tu

2512 4656 2929 4739 potissimum
2990 4657 3167 4721 visus
3226 4676 3295 4721 66
3348 4654 3620 4720 idoneus
3681 4676 3873 4738 quem
3933 4654 4095 4720 dolis
4154 4654 4463 4720 deludere

2717 4845 2775 4912 5)
2816 4845 3029 4899 Nomen
3066 4844 3165 4899 11οο
3196 4848 3380 4912 posset
3415 4845 3574 4898 etiam
3598 4843 3853 4896 Vanville
3890 4843 4008 4910 zeqi.
4066 4842 4262 4898 Verum
4336 4858 4464 4897 uun

2512 4913 2664 4966 Besa
2701 4914 3046 4967 Vallevillius
3091 4915 3387 4981 scripserit,
3438 4912 3613 4966 altera
3655 4914 3841 4977 torma
3887 4910 4202 4966 authentica
4234 4913 4291 4966 vi
4357 4918 4469 4967 tur.

2511 4982 2697 5036 2298.
2721 4983 2780 5042 1)
2822 4983 3087 5037 Fortasse
3109 4983 3197 5038 hic
3232 4981 3580 5050 coyitandum
3608 4981 3672 5035 de
3691 4980 3891 5035 Isaaco
3926 4981 3993 5047 of
4012 4979 4463 5045 Patricksbourn,

2458 5071 2462 5096 ·
2509 5053 2609 5121 qui
2636 5051 2824 5117 fuerat
2858 5055 3256 5121 antesiynanus
3283 5049 3895 5116 Anti-Knoxianorum,
3943 5052 4101 5105 cuius
4146 5065 4339 5105 nomen
4385 5049 4471 5104 ad

2510 5122 2707 5175 calcem
2741 5122 2906 5175 huius
2942 5138 3021 5185 ep.
3060 5137 3173 5176 non
3208 5123 3419 5188 quitur.

2718 5191 2776 5254 2)
2816 5191 2891 5244 Ν.
2930 5189 3084 5242 2213.

2717 5259 2776 5322 3)
2818 5260 2895 5312 Ν.
2930 5258 3083 5311 2178.

2718 5331 2781 5384 41
2834 5327 3258 5394 kainqhamo
3290 5343 3428 5396 prae
3461 5327 3703 5382 caeteris.
