4850 6200
478 406 606 469 415

1879 606 1921 652 o
1978 594 2044 653 et
2089 586 2222 650 tuis
2279 604 2417 650 om-

1624 671 1745 738 ale.
1860 672 2262 738 Lausannae
2315 674 2418 734 29.

479 591 680 658 tione.
699 595 756 667 ⁴)
839 588 1172 655 Dominus
1213 586 1401 654 Iesus
1443 586 1562 652 tibi

480 677 676 744 nibus
719 675 1054 743 laboribus
1103 672 1465 741 benedicat.

481 762 775 829 Ianuarii
823 766 1006 826 1555.

1460 898 1642 963 Tuus
1681 895 1921 962 Petrus
1963 894 2251 961 Viretus.

1235 1192 1452 1200 ——--—‹--
1465 1190 1639 1199 ——---

1351 1425 1548 1497 21⁰8.

866 1578 1367 1648 HALLERUS
1411 1577 2045 1647 BULLINGERO.

661 1755 962 1821 Zebedaei
1016 1758 1072 1817 et
1122 1754 1429 1818 sociorum
1476 1753 1546 1816 in
1609 1750 1944 1821 Calvinum
1993 1749 2282 1833 prolatas
2326 1751 2427 1814 in-

488 1843 752 1910 vectivas
793 1838 997 1921 refert.

512 2013 841 2081 Excerptum
894 2027 960 2063 ex
1019 2017 1147 2064 auto
1283 2009 1353 2063 ho
1409 2010 1708 2078 Bullingeri
1756 2010 1812 2063 in
1856 2009 2021 2064 Arcb.
2072 2008 2250 2061 Turio.
2300 2008 2427 2060 olim

486 2016 662 2137 hex-in.
703 2082 758 2135 Β.
784 2081 921 2150 Epp.
956 2080 1109 2134 Tom.
1137 2026 1326 2201 {335}
1349 2095 1499 2197 nung
1523 2079 1675 2201 Il’lust4
1695 2078 1793 2213 ›VL
1829 2079 1933 2132 vol.
1957 2075 2076 2144 129,
2110 2074 2338 2130 rotano.
2361 2105 2424 2113 —

1234 2164 1307 2200 nn
1329 2163 1408 2200 er.
1502 2164 1535 2202 o
1558 2188 1572 2201 .
1677 2185 1689 2198 .

491 2356 578 2371 —
623 2356 694 2369 —
751 2356 822 2366 -—-
915 2356 952 2363 -α
1013 2352 1094 2365 -ο
1142 2355 1222 2366 -
1289 2355 1358 2363 ...—
1411 2355 1488 2363 ——-
1559 2357 1626 2364 -—-
1685 2358 1755 2365 ,-..-
1809 2357 1888 2367 —-
1953 2357 2022 2365 —-
2086 2356 2172 2366 —
2221 2354 2294 2362 —
2370 2353 2418 2363 .-

496 2407 757 2473 Rursus
835 2403 1238 2488 tragoediam
1302 2414 1646 2469 moverunt
1701 2405 1881 2471 Galli
1941 2404 2298 2471 zebedaeus
2363 2412 2426 2465 et

490 2493 790 2577 Anyelus.
881 2488 1320 2573 Appellamnt
1383 2488 1718 2556 Calvinum
1771 2492 2189 2557 haereticum.
2276 2487 2428 2554 Huc

491 2598 649 2661 ergo
694 2578 905 2644 vocati
946 2585 1117 2641 sunt.
1206 2574 1578 2657 Impetuoso
1628 2585 1918 2661 egerunt.
2008 2578 2431 2643 Damnarunt

492 2662 852 2730 doctrinam
901 2660 1150 2728 Calvino:
1195 2660 1273 2726 de
1323 2662 1754 2743 providentia.
1860 2663 2196 2741 Breviter,
2240 2658 2424 2744 quid·

487 2749 642 2834 quid
687 2750 751 2814 in
798 2748 1022 2813 odium
1065 2746 1477 2815 Genevensis
1521 2748 1827 2815 ecclesiae
1880 2748 2171 2832 proferre
2204 2757 2429 2831 potue-

490 2843 649 2901 runt
712 2834 1160 2918 protulerunt,
1229 2840 1295 2898 et
1360 2841 1658 2899 senatum
1723 2836 1962 2900 mirum
2029 2836 2097 2900 in
2164 2832 2427 2899 modum

488 2922 910 3006 exagitarunt
931 2930 1295 2984 asserentes
1323 2924 1369 2995 ¹)
1395 2919 1596 2999 Galli,
1633 2920 2058 2987 Genevenses
2089 2921 2432 2986 Genavam

488 3006 815 3091 appellare
875 3004 1422 3089 Hierosolymam,
1486 3006 1774 3072 Bernam
1826 3006 2211 3085 Samariam,
2268 3006 2429 3070 Ber-

492 3103 681 3159 nates
723 3113 863 3158 esse
908 3090 1294 3174 Lapidarios
1329 3098 1396 3156 et
1440 3089 1891 3171 sabbatarius,
1939 3114 2013 3158 eo
2057 3089 2226 3176 quod
2267 3090 2434 3177 lapi-

496 3179 636 3245 deis
679 3186 949 3244 utantur
968 3177 1380 3260 baptisteriis,
1416 3185 1482 3242 et
1516 3179 1704 3262 plura
1738 3181 1905 3245 festa
1932 3179 2216 3244 habeant
2237 3200 2431 3262 quam

495 3264 859 3332 sabbatum.
958 3262 1213 3328 Novam
1272 3264 1745 3346 expositionem
1799 3262 2218 3330 adduxerunt
2281 3265 2436 3329 arti-

495 3350 656 3418 culi:
694 3347 1051 3416 Descendit
1071 3347 1150 3414 ad
1176 3348 1448 3414 inferna.
1498 3351 1945 3436 Exagitarunt
1964 3351 2435 3434 expositionem

502 3434 777 3502 Caluini:
809 3434 1166 3500 Exauditus
1188 3443 1290 3501 est
1310 3456 1428 3518 pro
1449 3438 1821 3503 reverentia
1841 3435 1955 3520 (ad
1969 3436 2351 3515 Hebraeos).
2374 3438 2434 3518 ²)

495 3518 705 3588 Dedit
745 3533 964 3587 tamen
1030 3521 1309 3605 gratiam
1374 3522 1702 3590 Dominus
1768 3530 1843 3589 ut
1896 3543 2005 3590 eos
2063 3543 2435 3606 composue-

493 3607 733 3687 rimus,
803 3607 1174 3692 ruperimus
1247 3607 1559 3691 quidquid
1632 3610 1727 3675 illi
1795 3610 1866 3675 in
1933 3610 2111 3695 pacis
2164 3611 2432 3676 subver-

495 3693 742 3760 sionem
788 3694 1259 3778 exoogitarunt.
1313 3730 1895 3743 —————
1915 3699 1967 3774 ³)

1361 4238 1554 4311 2104.

961 4394 1485 4461 ZERKIN'PES
1530 4394 1964 4463 OALVINO.

669 4566 2433 4635 lamanteaucdiciumsuumdelibelloinhaere-

498 4651 754 4718 “eorm
808 4671 1006 4720 causa
1071 4653 1233 4719 odito
1299 4653 1487 4719 libere
1539 4652 1900 4736 professae,
1967 4673 2132 4720 nunc
2193 4674 2436 4738 quoque

499 4737 1067 4804 comoversiamde
1384 4740 1398 4753 ⁶
1510 4740 1648 4804 ione
1842 4741 1855 4754 ’
1959 4741 2238 4823 componi
2256 4742 2436 4806 unice

700 4958 762 5022 4)
797 4967 1019 5014 matus
1052 4961 1294 5015 comlw

501 5024 667 5081 m
703 5029 758 5091 l)
798 5027 873 5093 or
915 5031 968 5081 Δ
1419 4958 1505 5056 94.
1543 4960 1809 5016 Ianuarii
1832 4962 1999 5028 facto.

1151 4959 1572 5084 ΟΔΙῧΖΜα

554 5162 624 5175 Ο.
707 5094 940 5218 ἢθη.
1035 5094 1132 5151 ,7.
1207 5097 2435 5179 thsedehisayitBoloeeueo'nVitaGal-

502 5175 788 5297 motet).
950 5164 2436 5226 stac-oseeaehocloeoetdeaoeoennad

708 5271 767 5368 ὲ)
807 5301 1115 5368 afferenda
1149 5304 1227 5358 aa
1262 5303 1376 5359 σαι,
1417 5304 1582 5361 m.

1953 394 2480 465 EPIS'I'OLAE
2523 399 2945 460 2102-2105

4338 396 4464 457 416

2521 582 3251 666 aupit‚ouamdeboc
3319 587 3681 667 aryunoento
3752 583 4469 668 opinionum

2520 667 4469 768 servansdmnninooaritamnplmfacieusquamcou-

2522 775 2885 821 sensionem.

2628 943 2735 1007 (Ex
2769 944 3082 1013 apographo
3117 942 3247 997 ond.
3284 943 3453 997 Paris.
3492 944 3687 1012 Dupny
3724 944 3847 997 Vol.
3885 942 4004 1008 108,
4036 944 4129 999 fol.
4164 941 4247 998 ⁷4.
4283 947 4362 1010 v.)

2530 1131 3052 1216 Vigilantissimo
3096 1130 3508 1197 Genevensis
3543 1131 3851 1198 ecclesiae
3909 1132 4190 1198 antistiti
4232 1133 4471 1198 Ioanni

2631 1217 2912 1284 Calvino
2956 1217 3146 1283 fratri
3183 1217 3256 1281 in
3299 1216 3565 1283 Ohristo
3607 1217 3764 1283 Iesu
3807 1218 4180 1284 venerando
4223 1239 4361 1285 suo.

2702 1388 2969 1454 Literna
3005 1396 3176 1465 tuae,
3208 1392 3260 1471 ¹)
3309 1387 3568 1455 Calvino
3599 1389 3804 1455 frater
3837 1389 3908 1453 in
3947 1390 4231 1455 Domino
4274 1411 4473 1456 vene-

2532 1473 2755 1552 rande,
2813 1474 2995 1540 fuere
3053 1473 3219 1539 mihi
3261 1474 3455 1558 longe
3511 1476 3943 1559 gratissimae,
4000 1475 4192 1559 idque
4243 1474 4473 1541 multis

2532 1559 2920 1625 nominibus.
2971 1560 3273 1626 Primum
3316 1562 3491 1625 enim
3538 1561 3969 1640 testabantur,
4015 1570 4083 1626 te
4124 1561 4473 1645 pristinam

2530 1645 2711 1711 illam
2758 1654 2939 1710 tuam
2983 1666 3167 1730 spem
3213 1657 3280 1712 et
3314 1646 3613 1713 fiduciam
3657 1645 3737 1711 de
3781 1668 3929 1712 mea
3970 1648 4039 1711 in
4098 1646 4275 1712 omni
4333 1649 4476 1713 offi-

2533 1733 2779 1797 ciorum
2803 1753 3043 1816 genere
3072 1732 3414 1797 voluntate
3457 1752 3615 1816 erga
3636 1744 3701 1796 te
3725 1740 3792 1798 et
3834 1753 4209 1799 communes
4232 1736 4474 1801 amicos

2533 1827 2793 1883 nostros
2837 1816 3126 1882 nondum
3169 1819 3490 1902 posuisse,
3548 1819 3809 1902 quando
3859 1818 4176 1886 Lodovici
4237 1817 4479 1886 Franci

2531 1922 2791 1968 causam
2838 1914 3178 1988 tantopere
3213 1904 3378 1968 mihi
3421 1905 3856 1970 commendas.
3958 1905 4214 1970 Deinde
4259 1926 4476 1971 meum

2533 2010 2787 2072 quoque
2828 1990 3141 2069 animum,
3199 1990 3390 2055 valde
3435 1991 3705 2055 anxium
3763 2011 3848 2054 ne
3899 1990 4053 2072 quid
4099 1991 4478 2057 offensionis

2533 2097 2614 2139 ex
2651 2076 2815 2140 meis
2860 2075 2941 2141 ad
2992 2086 3057 2140 te
3101 2075 3310 2140 literis
3332 2080 3388 2157 ²)
3449 2074 3527 2140 de
3583 2076 3801 2141 libello
3859 2079 3925 2139 in
3996 2076 4477 2143 haereticorum

2532 2181 2728 2227 causa
2769 2162 2941 2226 edito
2986 2161 3320 2237 haesisset,
3374 2163 3495 2228 hoc
3553 2170 3734 2226 metu
3778 2182 4050 2245 prorsus
4099 2161 4471 2229 liberarant.

2531 2248 2874 2312 Postremo
2932 2248 3070 2312 loco
3120 2269 3223 2313 me
3278 2269 3411 2312 non
3463 2248 3872 2313 mediocriter
3920 2250 4240 2313 recreavit
4304 2248 4475 2332 quod

2531 2332 2828 2416 intelligo
2871 2355 2955 2398 ex
2994 2335 3125 2398 tuis
3167 2334 3378 2399 literis
3423 2346 3723 2417 paratum
3769 2348 3832 2398 te
3886 2355 4028 2399 esse
4083 2334 4167 2397 ad
4206 2355 4473 2418 respon-

2536 2418 2817 2483 dendum
2867 2420 3347 2485 accusatoribus
3401 2421 3530 2486 tuis
3589 2419 3759 2502 apud
3814 2442 3923 2484 eos
3980 2419 4177 2484 etiam
4231 2419 4474 2487 iudices

2534 2526 2693 2587 quos
2738 2504 2856 2569 tibi
2915 2527 3042 2570 non
3103 2506 3262 2571 satis
3306 2505 3616 2589 propitios
3675 2527 3816 2571 esse
3883 2504 4219 2571 fatendum
4278 2509 4473 2579 eam)

2537 2591 2746 2674 Spero
2791 2593 2963 2655 enim
3011 2593 3145 2656 fore
3192 2602 3268 2657 ut
3327 2592 3520 2657 rebus
3564 2593 3738 2656 ultro
3797 2592 4087 2675 citroque
4143 2592 4304 2658 satis
4362 2592 4474 2658 diu

2535 2675 2800 2742 libidine
2843 2679 3054 2760 magis
3090 2679 3293 2743 animi
3337 2700 3528 2760 quam
3576 2678 3827 2742 ratione
3863 2678 4125 2763 agitatis
4160 2678 4243 2743 ad
4286 2678 4473 2744 illum

2534 2772 2797 2845 pactum
2856 2764 3219 2845 pervenias.
3337 2766 3557 2846 Atque
3639 2766 3889 2828 utinam
3955 2763 4036 2828 ad
4099 2764 4477 2849 exemplum

2534 2856 2688 2913 tuae
2745 2867 2894 2912 cum
2939 2850 3271 2934 Tigurinis
3324 2851 3392 2914 in
3451 2870 3652 2915 coena
3706 2850 3978 2914 Domini
4033 2853 4476 2916 consensionis

2538 2935 2703 2999 alter
2786 2933 2897 2998 ille
2986 2935 3595 3018 praedestinationis
3682 2934 3888 3000 nodus
3975 2956 4229 3019 quoque
4309 2935 4476 3002 solvi

2537 3030 2771 3104 posset,
2815 3022 2921 3104 qui
2949 3043 3121 3087 nunc
3150 3021 3407 3087 videtur
3428 3022 3604 3087 solus
3628 3020 3765 3086 fere
3787 3021 4103 3105 impedire
4125 3024 4473 3106 quominus

2538 3116 2761 3190 optata
2804 3128 2962 3191 pace
3005 3115 3073 3172 et
3107 3109 3576 3191 tranquillitate
3611 3108 3917 3174 ecclesiae
3960 3109 4276 3173 fruamur.
4331 3109 4476 3193 Ego

2538 3216 2616 3259 ea
2654 3194 2725 3258 in
2770 3214 2844 3258 re
2880 3195 3204 3276 integrum
3252 3194 3466 3260 adhuc
3508 3195 3671 3259 mihi
3717 3215 3908 3259 servo
3944 3194 4278 3274 iudicium,
4323 3216 4475 3261 nec·

2539 3280 2696 3345 dum
2753 3281 2820 3343 in
2871 3280 3254 3363 cuiusquam
3309 3281 3603 3364 magistri
3661 3280 3862 3346 verba
3917 3280 4149 3346 iuravi.
4258 3279 4484 3347 Visum

2538 3376 2638 3431 est
2680 3366 2854 3430 enim
2917 3365 3152 3430 minori
3206 3364 3614 3431 incommodo
3673 3365 3984 3449 suspendi
4042 3387 4236 3450 quam
4292 3388 4481 3451 prae-

2536 3452 2792 3534 cipitari
2840 3452 3227 3517 sententiam
3272 3453 3340 3517 in
3384 3473 3599 3529 causa,
3658 3452 3763 3516 vel
3808 3474 3924 3535 per
3967 3474 4037 3517 se
4080 3453 4185 3518 vel
4229 3455 4479 3537 ingenii

2538 3539 2663 3601 mei
2707 3539 2867 3602 vitio
2911 3547 2977 3603 et
3012 3537 3336 3619 tarditate,
3380 3540 3654 3604 obscura
3688 3538 4089 3621 multamque
4125 3540 4193 3604 in
4229 3547 4480 3605 utram-

2538 3625 2636 3689 vis
2681 3634 2931 3707 partem
2981 3623 3488 3707 disputationem
3532 3623 3932 3689 admittente.
4036 3624 4182 3690 Hoc
4226 3627 4478 3691 interea

2536 3709 2617 3775 ab
2682 3710 2982 3775 omnibus
3045 3730 3228 3775 meae
3288 3711 3569 3788 farinae,
3636 3710 3761 3776 hoc
3824 3719 3955 3789 est,
4014 3729 4148 3775 non
4212 3714 4479 3778 omnino

2538 3797 2748 3860 exacti
2791 3795 3016 3861 iudicii
3037 3795 3425 3874 hominibus,
3472 3796 3555 3861 ad
3578 3797 3862 3881 iurgium
3910 3817 4112 3879 usque
4135 3795 4475 3877 contendo,

2540 3904 2624 3947 ne
2668 3904 2738 3947 se
2787 3883 3125 3965 patiantur
3176 3883 3552 3966 opinionum
3606 3891 3674 3946 et
3724 3884 4202 3947 sententiarum
4260 3882 4479 3950 diver-

2534 3970 2726 4033 sitate
2770 3990 2809 4033 a
2850 3967 3031 4033 cultu
3071 3967 3500 4034 humanitatis
3553 3977 3620 4033 et
3661 3969 3951 4034 caritatis
4006 3968 4298 4034 alienari.
4386 3970 4478 4035 Et

2539 4054 2730 4120 crede
2775 4054 2956 4128 mihi,
3012 4075 3120 4119 eos
3164 4055 3340 4137 ipsos
3400 4054 3566 4119 nihil
3618 4053 3925 4137 ponderis
3982 4065 4049 4119 et
4107 4055 4479 4122 autoritatis

2539 4137 2714 4223 apud
2755 4159 2860 4203 me
2904 4138 3162 4217 habere,
3207 4142 3323 4223 qui
3367 4142 3669 4223 protinus
3703 4140 3923 4205 omnia
3967 4139 4288 4205 amicitiae
4329 4141 4478 4207 iura

2539 4224 2789 4290 violant
2824 4226 3039 4307 potius
3072 4247 3266 4309 quam
3289 4227 3508 4291 ferant
3529 4225 3790 4291 diversa
3824 4226 4176 4292 sentientes
4209 4227 4277 4291 in
4314 4226 4476 4312 dog-

2538 4311 2822 4375 matibus
2862 4313 3314 4377 controversis.
3405 4311 3615 4377 Video
3659 4312 3836 4376 enim
3879 4310 4136 4377 nullum
4178 4334 4475 4397 unquam

2537 4396 2738 4461 fuisse
2779 4404 3057 4479 tempus,
3102 4417 3314 4480 neque
3356 4398 3493 4463 fore
3532 4397 3600 4462 in
3636 4397 3762 4464 hoc
3798 4397 4058 4475 mundo,
4090 4418 4220 4482 quo
4245 4419 4479 4465 omnes

2537 4483 2709 4546 idom
2754 4483 3058 4560 sentiant,
3116 4492 3183 4548 et
3224 4484 3280 4548 si
3333 4484 3614 4550 velimus
3670 4494 3965 4553 mutuam
4013 4487 4349 4553 caritatem
4405 4487 4483 4552 in

2537 4587 2927 4634 consensum
2981 4571 3270 4634 omnium
3326 4571 3739 4654 ingeniorum
3795 4593 4164 4652 reservare,
4223 4572 4483 4638 nullam

2536 4656 2678 4720 eius
2699 4675 2888 4722 usum
2913 4676 3198 4739 unquam
3223 4655 3531 4723 futurum.
3609 4657 3838 4724 Patiar
3859 4659 4059 4725 etiam
4083 4658 4481 4724 amicissime

2537 4759 2578 4803 a
2620 4760 2724 4804 me
2764 4740 3126 4820 dissentire,
3186 4763 3319 4807 non
3363 4742 3658 4809 desinam
3706 4755 3927 4811 tamen
3971 4766 4192 4811 amare
4234 4766 4365 4822 eos,
4410 4759 4483 4812 et

2535 4825 2746 4892 colere
2813 4835 2886 4890 ut
2951 4827 3145 4905 soleo,
3211 4849 3521 4913 spemque
3587 4831 3874 4915 concipio
3937 4852 4241 4916 magnam
4314 4832 4370 4896 si
4438 4852 4483 4896 a

2536 5099 2724 5155 2104.
2745 5099 2802 5162 l)
2839 5101 3163 5170 deperditae.

2737 5169 2796 5237 2)
2831 5169 2909 5226 Ν.
2945 5170 3096 5224 1904.
3134 5169 3285 5225 1941.

2736 5237 2798 5302 3)
2839 5239 2934 5293 Eae
2966 5241 3066 5293 hoc
3105 5240 3220 5295 loeo
3273 5241 3616 5308 aliquante-suo
3658 5241 3781 5295 elici
3824 5248 3999 5310 potest
4037 5243 4174 5314 quid
4217 5242 4491 5298 Calvinum

2534 5306 2827 5362 Zeu-hintes
2858 5310 3151 5376 scripum.
