4850 6200
472 396 597 458 763

471 584 663 650 detur
707 580 1059 659 excusatio,
1103 579 1275 663 quod
1318 579 1447 645 fide
1484 601 1560 645 ac
1604 579 2018 645 humanitate
2062 585 2180 643 tua
2220 580 2427 644 fretus

472 669 694 735 datam
730 667 847 734 abs
890 676 955 732 te
994 664 1324 732 scribendi
1359 666 1667 733 fiduciam
1713 665 1881 730 mihi
1924 684 2132 729 sumo.
2190 664 2426 747 Itaque

472 762 652 820 certo
683 774 1034 837 persuasus
1071 774 1199 817 non
1237 753 1570 836 ingratum
1614 752 1729 818 tibi
1773 750 1912 816 fore
1955 750 2076 816 hoc
2118 750 2425 830 officium,

472 843 530 907 si
573 841 674 905 tui
710 860 967 922 quoque
1011 838 1320 904 hortandi
1353 848 1578 921 partes
1615 837 1818 904 libere
1862 837 2234 920 suscipiam.
2299 836 2427 902 Ne-

518 947 600 992 ue
665 926 840 991 enim
907 946 1056 989 eum
1122 936 1184 988 te
1232 925 1564 989 hominem
1629 944 1771 989 esse
1838 923 2161 1003 existimo,
2230 944 2427 1006 quem

472 949 797 1078 delectent
841 1013 1071 1076 inanes
1116 1009 1223 1074 vel
1266 1010 1604 1076 blanditiis
1647 1010 1925 1075 refertae
1972 1009 2216 1086 literae,
2265 1028 2424 1090 qua—

472 1098 570 1164 les
635 1096 720 1163 ad
782 1097 1174 1180 captandam
1240 1097 1523 1179 gratiam
1588 1117 1628 1160 a
1694 1095 1983 1161 ventosis
2051 1093 2425 1160 hominibus

475 1183 671 1251 scribi
728 1183 977 1248 solent:
1046 1181 1160 1247 sed
1226 1203 1266 1246 a
1328 1181 1577 1247 Christi
1645 1201 1836 1246 servo
1873 1182 2085 1265 magis
2132 1180 2316 1262 cupis
2359 1187 2427 1245 et

473 1277 830 1351 exspectas,
855 1267 1024 1352 quod
1050 1268 1312 1351 pietatis
1336 1278 1485 1332 tuae
1521 1286 1908 1351 progressus
1945 1268 2146 1332 iuvet.
2213 1267 2423 1350 Egre-

473 1357 616 1441 gias
675 1376 832 1438 ergo
876 1356 1036 1419 istas
1081 1354 1379 1431 virtutes,
1481 1353 1670 1418 uibus
1728 1364 1792 1417 te
1850 1352 2169 1419 excellere
2214 1352 2428 1429 audi0‚

472 1463 609 1507 non
665 1440 870 1506 alium
933 1441 1004 1505 in
1060 1441 1263 1505 finem
1320 1374 1589 1503 laudare
1644 1439 1808 1503 mihi
1853 1439 2262 1522 propositum
2307 1447 2424 1514 est,

471 1529 600 1593 nisi
645 1536 724 1591 ut
764 1526 1023 1592 assidue
1057 1527 1126 1591 in
1170 1525 1403 1590 melius
1447 1525 1609 1590 eniti
1651 1545 1903 1608 pergas,
1994 1523 2070 1590 Si
2114 1525 2185 1588 in
2230 1524 2425 1588 Polo-

475 1615 586 1679 nia
647 1613 770 1678 rite
835 1634 920 1677 ex
985 1619 1138 1678 voto
1205 1620 1430 1676 nostro
1497 1614 1898 1694 compositus
1976 1612 2148 1675 foret
2237 1610 2426 1693 regni

473 1698 724 1766 Christi
757 1708 991 1775 status,
1035 1718 1410 1780 quanquam
1455 1697 1580 1762 tibi
1620 1697 1877 1763 facilius
1916 1706 2087 1762 esset
2129 1698 2200 1760 in
2246 1707 2426 1760 tran·-

473 1785 677 1870 quillo
715 1783 925 1850 stadio
960 1792 1214 1848 rectum
1239 1805 1503 1848 cursum
1542 1794 1795 1848 tenere:
1835 1804 1938 1847 res
1975 1794 2198 1847 tamen
2233 1783 2428 1846 altior

474 1881 593 1949 est,
662 1892 781 1935 nos
840 1870 1199 1952 approbare
1253 1871 1538 1935 sinceros
1594 1870 1721 1934 Dei
1765 1869 2064 1946 cultores,
2111 1890 2309 1951 quam
2354 1877 2428 1932 ut

473 1957 830 2025 centesima
888 1955 1084 2021 officii
1127 1967 1312 2038 parte
1354 1955 1736 2039 fungantur,
1784 1958 1897 2036 qui
1940 1971 2205 2019 strenue
2248 1954 2426 2019 labo-

477 2042 682 2107 rando
727 2042 889 2106 alios
933 2063 1159 2107 omnes
1203 2050 1537 2123 superant.
1627 2042 1692 2106 N
1695 2063 1824 2106 unc
1881 2043 2079 2106 rebus
2123 2041 2426 2118 confusis,

478 2129 592 2193 ubi
672 2126 973 2193 obeunda
1052 2138 1206 2192 sunt
1272 2127 1478 2191 multa
1542 2127 1921 2202 certamina,
1987 2126 2426 2192 resistendum

474 2213 735 2278 fortiter
778 2213 1120 2278 hominum
1165 2213 1532 2296 potentium
1578 2212 1765 2290 odiis,
1811 2212 2184 2296 negligendi
2232 2214 2427 2277 sinis-

481 2300 565 2364 tri
619 2320 932 2376 rumores,
994 2298 1184 2363 multi
1242 2298 1528 2365 insultus
1588 2299 1977 2374 sustinendi,
2046 2296 2426 2364 luctandum

479 2406 628 2452 cum
693 2385 919 2449 multis
983 2385 1351 2461 obstaculis,
1419 2383 1735 2450 tentanda
1778 2385 1978 2448 etiam
2029 2384 2425 2461 discrimina,

479 2492 676 2555 quam
702 2470 818 2534 tibi
863 2471 1022 2535 utile
1060 2472 1147 2535 sit
1181 2482 1323 2535 tum
1363 2471 1445 2535 ad
1486 2472 1811 2537 servorem
1833 2471 2107 2536 subinde
2146 2470 2426 2548 incitari,

479 2566 620 2621 tum
687 2555 769 2621 ad
813 2558 1252 2622 constantiam
1319 2559 1619 2635 animari,
1680 2558 1923 2623 referre
1981 2578 2244 2622 necesse
2291 2575 2428 2621 non

480 2651 608 2708 est:
646 2644 799 2725 quia
842 2644 980 2724 ipse
1015 2642 1161 2726 plus
1199 2645 1359 2708 satis
1382 2645 1759 2727 experieris.
1830 2643 1976 2706 Iam
2021 2664 2176 2707 vero
2223 2663 2426 2724 quum

475 2729 548 2793 in
600 2729 729 2794 ista
786 2727 1107 2813 dignitate
1160 2749 1475 2812 magnum
1527 2730 1646 2795 tibi
1687 2751 1852 2795 onus
1900 2730 1989 2794 sit
2031 2730 2428 2811 impositum,

477 2835 612 2879 non
655 2824 879 2879 tamen
913 2815 1087 2881 cedit
1131 2815 1314 2879 Deus
1358 2816 1504 2881 iure
1547 2836 1683 2894 suo,
1741 2836 1956 2898 neque
2000 2814 2260 2891 desinit,
2305 2835 2431 2896 quo

477 2909 544 2965 te
588 2901 660 2965 in
703 2899 932 2965 altiore
975 2899 1240 2966 honoris
1286 2901 1498 2986 gradu
1538 2902 1795 2979 locavit,
1841 2921 1917 2966 eo
1974 2901 2190 2983 magis
2232 2899 2427 2965 fidem

478 2993 666 3051 tuam
712 2986 1095 3051 obstrictam
1138 2986 1262 3052 sibi
1308 2999 1547 3053 tenere.
1637 2987 1809 3052 Nam
1864 3008 1993 3070 quo
2049 2987 2199 3070 plus
2256 2984 2428 3069 apud

479 3093 801 3156 quemque
861 3072 1183 3157 deposuit,
1250 3093 1326 3139 eo
1382 3074 1580 3140 etiam
1645 3074 1796 3157 plus
1840 3073 2104 3158 exigere
2148 3092 2431 3156 aequum

477 3167 596 3224 est.
685 3160 866 3244 Ergo
910 3180 1118 3243 quum
1162 3170 1226 3224 te
1262 3181 1394 3224 non
1441 3160 1776 3225 hominem
1820 3180 1905 3225 ex
1948 3159 2164 3225 medio
2208 3159 2427 3243 vulg0,

480 3243 596 3311 sed
641 3265 848 3309 unum
884 3266 968 3310 ex
1015 3245 1348 3328 primariis
1381 3246 1558 3311 inter
1599 3266 1839 3329 paucos
1874 3245 2191 3329 delegerit
2233 3266 2431 3328 quem

476 3352 562 3396 ex
628 3329 848 3396 densis
912 3332 1325 3415 ignorantiae
1384 3332 1674 3398 tenebris
1737 3331 2107 3411 liberatum,
2166 3331 2431 3401 coelesti

479 3416 813 3501 evangelii
865 3417 1161 3484 doctrina
1219 3418 1611 3484 illustraret:
1672 3419 1728 3483 si
1784 3419 1907 3485 hoc
1950 3416 2428 3484 inaestimabile

476 3502 874 3568 beneficium
918 3524 1036 3569 suo
1092 3505 1306 3587 pretio
1355 3505 1683 3583 aestimas,
1744 3505 1868 3570 hac
1922 3504 2067 3589 lege
2123 3505 2241 3570 tibi
2301 3504 2428 3571 col-

473 3587 687 3653 latum
731 3609 874 3654 esse
918 3590 1276 3655 menineris
1319 3603 1394 3656 ut
1436 3591 1582 3656 aliis
1624 3592 2021 3674 praeluceas.
2106 3592 2200 3656 Et
2250 3600 2427 3656 certe

470 3673 660 3741 vides
715 3695 912 3758 quam
959 3676 1318 3741 multorum
1362 3678 1434 3741 in
1479 3687 1545 3742 te
1587 3679 1859 3743 coniecti
1917 3679 2054 3742 sint
2108 3676 2298 3756 oculi,
2354 3689 2431 3741 ut

471 3781 584 3826 eos
637 3771 828 3827 tuum
883 3763 1259 3846 exemplum
1315 3762 1426 3829 vel
1484 3776 1791 3843 moretur,
1856 3764 1959 3830 vel
2016 3763 2425 3829 exstimulet:

475 3867 552 3912 ac
586 3847 784 3912 simul
821 3849 1083 3931 cogites,
1120 3849 1178 3913 si
1220 3860 1373 3914 tuae
1395 3848 1683 3915 desidiae
1717 3848 2062 3915 mediocris
2106 3871 2250 3914 esse
2293 3870 2428 3914 non

472 3940 691 4011 potest
736 3935 1005 4010 iactura,
1071 3934 1330 4017 culpam
1393 3956 1647 4018 quoque
1703 3956 1838 3999 non
1899 3936 2219 4000 minorem
2268 3935 2425 4002 fore.

472 4018 662 4084 Haec
696 4039 851 4084 vero
888 4020 1221 4103 praeclara
1252 4021 1416 4085 bene
1451 4021 1688 4106 agendi
1731 4022 1984 4088 occasio
2026 4031 2093 4086 et
2132 4020 2426 4098 facultas,

474 4105 646 4188 quod
683 4105 895 4189 Regia
939 4106 1255 4173 Maiestas
1298 4106 1460 4172 adeo
1506 4128 1641 4172 non
1687 4106 2142 4173 adversabitur
2184 4107 2429 4173 sanctis

472 4191 612 4256 tuis
647 4190 901 4269 studiis,
948 4204 1019 4256 ut
1069 4194 1286 4275 potius
1328 4213 1600 4258 manum
1640 4193 1975 4278 porrigere
2033 4194 2120 4258 sit
2177 4201 2427 4276 parata,

474 4277 607 4343 nisi
641 4280 936 4342 animum
961 4277 1079 4342 tibi
1115 4277 1330 4356 addat,
1354 4280 1843 4346 excusationem
1866 4279 2129 4344 adimet.
2197 4277 2429 4363 Neque

479 4362 656 4428 enim
702 4384 910 4446 usque
954 4362 1035 4429 ad
1080 4365 1470 4448 sanguinem
1516 4366 1634 4430 tibi
1689 4365 2077 4431 certandum
2122 4375 2251 4433 est:
2311 4367 2432 4431 sic-

475 4449 579 4514 uti
634 4448 827 4513 multi
871 4450 942 4513 in
988 4449 1210 4516 Gallia
1253 4459 1476 4516 nostra
1519 4450 1774 4529 fideles,
1834 4472 1998 4535 quos
2055 4452 2277 4517 omnia
2316 4452 2431 4517 ad-

473 4534 770 4600 iumenta
804 4533 1135 4615 deficiunt,
1180 4536 1465 4620 quotidie
1486 4558 1605 4621 pro
1648 4537 1801 4602 fidei
1845 4559 2002 4603 suae
2023 4538 2432 4604 confessione

478 4621 692 4704 capita
714 4620 782 4685 in
810 4622 1199 4687 sacrificium
1236 4623 1473 4688 offerre
1497 4633 1840 4708 coguntur.
1911 4622 2194 4705 Quando
2237 4624 2431 4708 longe

475 4707 703 4772 mitius
748 4717 968 4773 tecum
1002 4709 1111 4792 agi
1154 4707 1357 4787 vides,
1405 4710 1764 4776 animosius
1788 4732 1862 4776 ao
1907 4711 2120 4795 magis
2164 4719 2431 4776 strenue

476 4794 749 4876 exsequi
812 4796 1142 4873 convenit,
1206 4795 1379 4878 quod
1445 4796 1565 4860 tibi
1620 4804 1720 4861 est
1777 4796 1860 4861 ad
1903 4817 2197 4876 manum,
2242 4805 2320 4861 ut
2362 4803 2431 4860 te

477 4877 652 4963 Regi
697 4877 1133 4946 Serenissimo
1187 4881 1259 4945 in
1313 4880 1746 4966 repurgandis
1800 4893 2082 4967 papatus
2132 4881 2429 4948 sordibus

475 4964 683 5030 fidum
704 4968 1011 5032 comitem
1034 4986 1110 5033 ac
1138 4967 1517 5033 ministrum
1541 4968 1871 5035 exhibeas.
1931 4971 2151 5053 Atque
2174 4969 2431 5035 utinam

477 5071 553 5115 re
606 5050 750 5133 ipsa
825 5051 1169 5119 ostendere
1237 5053 1465 5120 liceret
1521 5076 1649 5137 quo
1715 5057 1935 5121 animo
1990 5056 2153 5121 haec
2196 5055 2425 5121 scrib0.

479 5134 615 5201 Sed
650 5136 806 5218 quia
847 5160 1093 5218 vereor,
1131 5160 1214 5205 ne
1252 5149 1402 5205 tuae
1444 5141 1515 5205 in
1538 5141 1892 5207 asserenda
1925 5140 2173 5207 Christi
2216 5140 2431 5225 gloria

477 5220 846 5287 fortitudini
891 5224 1186 5292 diffidere
1227 5226 1475 5306 videar,
1521 5247 1627 5291 me
1662 5227 1881 5311 ipsum
1925 5227 2210 5292 cohibeo.
2277 5226 2426 5294 Hoc

473 5315 700 5388 restat,
743 5317 821 5373 ut
862 5330 980 5394 pro
1015 5311 1512 5378 benevolentiae
1546 5314 2000 5398 comitatisque
2035 5314 2424 5394 testimoni0,

1981 386 2509 469 EPISTOLAE
2555 390 2983 455 2291-2293

4357 389 4485 453 764

2530 575 2705 660 quod
2761 578 2835 642 in
2899 577 3035 644 tuis
3091 577 3174 643 ad
3232 577 3315 643 N.
3375 577 3585 644 literis
3640 577 3965 662 perspexi,
4012 576 4301 643 vicissim
4334 597 4487 643 mea

2530 663 2650 729 tibi
2718 663 3045 748 obsequia,
3110 684 3344 747 meque
3402 664 3562 730 adeo
3622 672 3850 742 totum,
3910 663 4271 747 quantulus
4315 685 4482 744 sum,

2530 747 2838 814 deferam.
2930 751 3150 816 Deum
3215 751 3470 816 interea
3525 749 3841 833 precabor
3885 758 3961 814 ut
4003 758 4070 814 te
4114 750 4226 815 diu
4266 759 4487 817 servet

2528 835 2941 914 incolumem,
2997 836 3237 919 spiritu
3293 858 3410 902 suo
3453 845 3642 920 regat
3693 835 4144 919 praesidioque
4199 843 4483 902 tueatur.

2527 920 2716 998 Vale,
2761 923 3108 1007 magnifice
3151 930 3220 988 et
3260 922 3539 1007 insignis
3584 922 3885 988 Domine.
3968 922 4299 1002 Genevae,
4345 921 4484 987 Idi-

2529 1007 2655 1072 bus
2700 1006 3073 1090 Septembr.
3130 1013 3312 1073 1555.

3403 1556 3601 1627 2292.

2913 1693 3417 1762 MUSCULUS
3463 1692 4103 1761 BULLINGERO.

2706 1867 2987 1933 Iamiam
3042 1887 3199 1949 opus
3251 1871 3406 1931 esset
3462 1872 3530 1930 ut
3592 1865 3963 1931 Taricenscs
4016 1870 4128 1931 aut
4183 1865 4302 1930 alii
4355 1886 4492 1932 sese

2529 1958 2999 2106 §interponerent
3066 1974 3142 2017 ne
3183 1972 3285 2018 res
3334 1952 3710 2019 Gerwvenses
3752 1952 3826 2017 in
3879 1972 4195 2017 summam
4236 1953 4492 2018 veniant

2575 2060 2883 2106 wer-tmen.

2531 2213 2898 2281 (Excerptum
2942 2227 3008 2264 ex
3054 2210 3391 2278 autographo
3435 2210 3604 2264 Arch.
3650 2209 3826 2263 Turio.
3872 2209 4022 2266 Plut.
4061 2208 4158 2262 VI.
4206 2211 4329 2264 Vol.
4368 2209 4489 2277 153,

2752 2281 2882 2334 olim
2918 2280 3059 2349 Epp.
3098 2278 3224 2333 Vol.
3260 2277 3346 2344 31,
3382 2279 3473 2333 fol.
3509 2276 3632 2332 205.
3672 2305 3735 2315 —
3774 2279 3970 2332 Simler
4006 2278 4126 2335 Vol.
4161 2277 4278 2345 85.)

2703 2453 3286 2519 Praestantissimo
3331 2450 3633 2536 theologo
3671 2451 3762 2516 M.
3799 2450 4186 2535 Heinrycho
4221 2451 4493 2517 Bullin-

2535 2562 2690 2625 gero
2735 2538 3004 2604 domino
3048 2558 3123 2604 ac
3166 2538 3482 2621 compatri
3532 2557 3652 2603 suo
3694 2537 3888 2622 longe
3924 2537 4278 2604 carissimo.

4063 2623 4313 2708 Tiguri.

2537 2884 2888 2953 Caeterum
2931 2882 3016 2948 de
3059 2882 3562 2949 Genevensibus
3604 2904 3717 2948 oro
3759 2882 4130 2949 consideres
4174 2904 4339 2964 quae
4374 2903 4497 2966 per

2536 2973 2621 3036 D.
2668 2970 3006 3036 Haltemm
3064 2967 3146 3035 ad
3203 2976 3269 3034 te
3313 2968 3564 3052 scripsi.
3654 2967 3877 3035 Causa
3910 2980 4011 3033 est
4067 2969 4294 3053 magni
4347 2987 4493 3033 mo-

2536 3056 2763 3123 menti.
2859 3055 3305 3122 Vehementer
3359 3064 3579 3121 metuo
3642 3054 3740 3121 illi
3798 3054 4125 3121 ecclesiae.
4216 3055 4306 3121 Et
4362 3053 4494 3121 nisi

2535 3165 2643 3209 me
2687 3143 2921 3209 fallant
2963 3144 3183 3208 omnia
3229 3141 3532 3208 Calvinus
3574 3163 3707 3208 non
3750 3152 3852 3208 est
3888 3142 3960 3205 in
4003 3141 4127 3208 hoc
4171 3141 4492 3207 disturbio

2534 3232 2694 3297 satis
2717 3229 3050 3314 providus.
3110 3227 3298 3311 Opus
3320 3238 3494 3294 esset
3535 3229 3698 3293 viris
3722 3227 4003 3295 cordatis
4026 3227 4140 3310 qui
4173 3250 4244 3294 se
4279 3230 4487 3293 inter-

2533 3324 2870 3400 ponerent.
2939 3313 3255 3381 Officium
3299 3313 3423 3381 hoc
3465 3326 3641 3380 esset
3682 3323 3977 3381 vestrum
4015 3313 4122 3380 vel
4163 3313 4493 3380 Basilien·

2534 3404 2727 3468 sium.
2771 3401 2985 3467 Doleo
3029 3399 3377 3466 Nicolaum
3418 3421 3462 3466 a
3509 3400 3746 3466 Pueris
3766 3401 3819 3485 ¹)
3855 3422 3989 3465 non
4033 3421 4176 3466 esse
4232 3399 4316 3465 ad
4373 3421 4492 3467 vos

2534 3510 2685 3555 cum
2750 3488 2837 3554 D.
2885 3486 3168 3566 Hallero,
3237 3488 3431 3553 sicuti
3498 3488 3948 3567 constituerat,
4017 3486 4404 3570 profectum,
4452 3507 4494 3551 a

2534 3596 2661 3659 quo
2705 3574 3029 3658 potuisses
3074 3573 3154 3639 de
3215 3573 3338 3639 hac
3397 3592 3597 3638 causa
3652 3572 3912 3639 abunde
3977 3573 4236 3638 instrui.
4275 3607 4358 3620 —-
4405 3608 4492 3621 —

2532 3698 2617 3708 —
2659 3699 2744 3709 —
2781 3697 2864 3707 —
2911 3659 3171 3726 Bernae
3222 3662 3320 3724 13.
3366 3657 3774 3743 Septembris
3826 3663 4009 3724 1555.

3571 3796 4014 3882 Wolfgangus
4057 3796 4404 3864 Masculus

3678 3892 3832 3949 tuus
3873 3884 3941 3948 in
3983 3883 4294 3949 Domino.

3376 4178 3713 4186 -———..--—.

3408 4397 3605 4469 2293.

2836 4534 3706 4605 SANC'PANDREAN'US
3751 4537 4188 4604 CALVINO.

2710 4707 2959 4774 Narrat
2989 4710 3285 4790 quomodo
3333 4708 3602 4776 Senatus
3645 4708 4211 4792 Francofordensis
4254 4710 4486 4776 librum

2533 4797 2665 4878 ipsi
2718 4796 2999 4862 dicatum
3061 4795 3383 4878 exceperit.
3476 4794 3685 4862 Simul
3747 4797 3868 4863 iter
3928 4797 3999 4862 in
4072 4794 4487 4862 Germaniam

2532 4883 2893 4964 inferiorem
2935 4883 3338 4966 inyressums
3379 4880 3726 4949 absentiam
3755 4883 4090 4969 lonyiorem
4132 4887 4407 4949 emousat.
4435 4886 4484 4959 ¹)

2531 5052 2720 5107 2292.
2743 5053 2802 5120 1)
2839 5053 3122 5109 Zerkintes
3140 5055 3401 5122 (nominis
3418 5054 3779 5110 translatione
3795 5053 4107 5109 Zerkinden
4129 5053 4271 5109 satio
4286 5052 4484 5119 dubia)

2536 5121 2622 5187 Cf.
2662 5122 2882 5177 Calvisii
2912 5138 2994 5192 ep.
3029 5122 3107 5177 ad
3137 5124 3283 5179 hunc
3315 5122 3399 5177 21.
3437 5122 3602 5179 Febr.
3640 5120 3777 5177 1556
3810 5124 4016 5180 datan.

2534 5190 2722 5246 2298.
2746 5194 2805 5252 1)
2840 5191 2921 5245 Le
2966 5193 3214 5246 ministre
3263 5192 3316 5247 S.
3351 5192 3543 5246 Andre'
3590 5193 3850 5262 (pastam
3882 5193 3920 5248 ὰ
3957 5191 4155 5263 Moinq
4201 5197 4252 5248 ot
4285 5190 4489 5263 Jmsy)

2529 5261 2798 5386 ilgmjnodss
2815 5277 2907 5397 )un
2942 5260 3112 5331 conge
3159 5277 3299 5331 pour
3344 5262 3479 5317 aller
3515 5259 3548 5314 a
3581 5261 3883 5316 Francfort.
3955 5260 4118 5331 (Req.
4153 5259 4233 5317 ἀοι
4271 5260 4489 5318 commit
