4850 6200
433 413 560 479 913

429 603 673 670 dubito.
755 602 928 670 Nota
961 611 1063 669 est
1104 602 1226 670 tibi
1269 603 1558 671 hominis
1591 606 1965 690 integritas:
2015 618 2190 672 recte
2233 627 2383 671 sen-

427 691 510 754 tit
559 688 816 772 sibique
879 688 1242 773 prudenter
1302 690 1699 757 moderatur.
1789 692 2090 774 Denique
2134 691 2218 757 ad
2262 692 2385 758 hoc

427 796 673 841 munus
735 775 1112 841 obeundum
1180 776 1423 843 multas
1486 776 1570 843 ob
1631 798 1864 844 causas
1907 787 2050 842 erat
2092 777 2382 843 idoneus.

429 862 615 927 Haec
664 882 864 945 quum
923 862 1162 928 melius
1220 863 1356 942 tibi,
1415 863 1979 946 praestantissime
2013 862 2139 942 vir,
2184 885 2266 929 ex
2309 885 2384 929 re

428 948 763 1030 praesenti
820 958 1154 1030 comperta
1200 948 1351 1027 sint,
1413 970 1533 1016 nec
1575 949 1876 1034 precibus
1919 969 2040 1014 nec
2083 948 2382 1014 cohorta-

431 1033 608 1099 tione
643 1033 726 1097 ad
764 1033 1100 1099 hominem
1133 1034 1644 1117 amplexandum
1680 1033 2117 1100 stimulandus
2152 1058 2240 1112 es,
2277 1036 2385 1101 cui

430 1122 590 1184 satis
629 1140 953 1203 superque
991 1120 1243 1204 gratiae
1287 1142 1485 1187 causa
1518 1122 1662 1204 ipsa
1684 1120 2083 1198 conciliatur,
2124 1121 2380 1186 etiamsi

428 1204 747 1271 hactenus
811 1206 1121 1287 privatim
1192 1228 1323 1272 non
1393 1214 1526 1272 tam
1594 1228 1785 1272 carus
1841 1205 2090 1271 fuisset.
2194 1207 2382 1273 Bene

427 1290 633 1374 igitur
697 1290 898 1355 habet
951 1290 1125 1374 quod
1179 1292 1421 1369 fideles,
1464 1292 1698 1376 quibus
1741 1312 1939 1358 curae
1974 1301 2075 1358 est
2116 1314 2283 1375 pura
2317 1303 2383 1357 et

425 1376 692 1460 integra
746 1378 1058 1443 ecclesiae
1123 1379 1466 1455 restitutio,
1536 1378 1592 1444 si
1663 1378 1998 1463 negotium
2059 1379 2382 1444 facessant

428 1483 637 1545 papae
713 1461 1048 1542 satellites,
1126 1465 1403 1547 probum
1480 1473 1547 1529 et
1611 1463 1957 1529 cordatum
2013 1462 2376 1529 adiutorem

424 1548 602 1613 nacti
667 1558 842 1628 sunt,
910 1550 1026 1634 qui
1083 1571 1199 1632 pro
1265 1550 1443 1615 virili
1512 1548 1950 1616 infestissimis
2016 1551 2380 1634 quibusque

425 1633 722 1699 hostibus
788 1656 1114 1718 opponere
1179 1658 1249 1700 se
1315 1656 1450 1700 non
1519 1648 1794 1702 recuset.
1877 1636 2021 1701 Iam
2088 1657 2247 1702 vero
2295 1659 2378 1703 ne

421 1718 580 1802 quid
634 1719 851 1797 taedii,
912 1719 1312 1786 nobilissime
1372 1722 1490 1799 vir,
1550 1721 1673 1786 tibi
1739 1721 1991 1787 adferat
2035 1743 2182 1787 mea
2224 1744 2376 1806 pro-

421 1803 665 1883 lixitas,
713 1805 912 1870 finem
970 1805 1299 1872 scribendi
1342 1807 1634 1874 facturus
1671 1807 1755 1874 ad
1799 1827 2026 1891 preces
2069 1829 2176 1873 me
2219 1831 2374 1874 con-

419 1900 692 1969 vertam,
717 1899 793 1955 ut
826 1889 1154 1957 Dominus
1179 1894 1471 1958 animum
1507 1906 1697 1959 tuum
1737 1896 1951 1978 magis
1994 1894 2119 1959 sibi
2163 1893 2375 1960 indies

420 1974 700 2053 addicat,
763 1976 999 2058 spiritu
1056 1999 1174 2042 suo
1231 1978 1315 2043 ad
1347 1980 1683 2062 ‚pietatem
1718 1981 2101 2057 inflammet,
2147 1981 2379 2046 novis-

417 2082 543 2143 que
593 2060 781 2127 donis
837 2062 1205 2145 locupletet,
1253 2085 1329 2131 ac
1374 2076 1558 2131 tuam
1600 2065 2078 2133 Celsitudinem
2125 2087 2161 2131 e
2196 2067 2376 2133 coelo

422 2156 706 2213 tueatur.
796 2147 1126 2215 Genevae.

1211 2462 1612 2471 ———.

1238 2695 1419 2766 2373
1442 2699 1560 2766 bis.

862 2844 1336 2916 GALVINUS
1384 2851 1937 2920 LISMANINO.

587 3015 674 3080 In
718 3019 1010 3100 patriam
1060 3021 1346 3087 redeunti
1385 3022 1793 3092 salutationes
1833 3030 1892 3092 ct
1931 3034 2076 3094 vota
2119 3029 2205 3096 ad
2253 3027 2375 3095 Po-

416 3100 588 3169 tonos
632 3103 895 3185 ferenda
937 3127 1062 3190 pro
1123 3108 1354 3174 viatico
1402 3112 1588 3176 mittit
1641 3132 1827 3195 seque
1885 3122 2143 3182 excusat
2206 3115 2372 3199 quod

412 3188 783 3357 ww
797 3242 814 3271 ,
881 3197 951 3257 ut
1001 3192 1330 3273 pollicitus
1393 3197 1612 3280 fuerat
1632 3249 1647 3275 ,
1715 3220 1841 3284 pro
1916 3205 2183 3284 tempore
2246 3221 2372 3268 non

414 3442 526 3508 (Ex
568 3445 827 3501 Archivis
873 3450 1128 3505 Fratrum
1176 3453 1232 3505 in
1283 3453 1602 3510 Herrenhut
1644 3455 1800 3511 MSS,
1839 3458 1957 3513 Vol.
2004 3459 2078 3513 X.
2165 3499 2180 3515 .
2216 3458 2283 3513 72
2318 3478 2368 3514 v.

410 3512 470 3565 in
517 3521 766 3595 nostrum
817 3533 974 3597 usum
1025 3538 1126 3590 per
1179 3523 1356 3576 virum
1411 3524 1556 3578 hum.
1595 3526 1655 3580 P.
1694 3527 1959 3581 Knmmer
2003 3476 2172 3583 theol).
2214 3528 2368 3583 caud.

409 3580 710 3653 desumpta:
746 3600 898 3639 emus
932 3594 1118 3643 tamen
1151 3595 1365 3646 textum
1390 3595 1592 3661 passim
1629 3610 1696 3648 ex
1733 3598 2044 3651 coniectura
2079 3599 2369 3654 emendare

1110 3660 1267 3713 nobis
1302 3662 1670 3730 sumpsimus.)

405 3818 678 3887 Eximio
712 3823 859 3890 viro
901 3834 970 3892 et
1012 3826 1421 3895 observando
1467 3833 1653 3898 fratri
1700 3833 2059 3904 Francisco
2102 3839 2364 3905 Lisma-

921 3914 1080 3978 nino
1123 3914 1267 3980 Iob.
1310 3915 1629 3984 Calvinus
1666 3918 1737 3985 S.
1777 3921 1859 3988 D.

584 4077 925 4179 Quaedam
990 4080 1071 4149 de
1136 4084 1373 4169 quibus
1431 4108 1650 4155 coram
1708 4102 1926 4159 tecum
1984 4116 2195 4178 nuper
2258 4096 2366 4182 egi

407 4182 761 4232 memoriae
824 4186 1021 4233 causa
1083 4170 1370 4238 breviter
1426 4174 1547 4241 boc
1591 4177 1835 4260 scripto
1878 4180 2218 4264 complecti
2263 4182 2363 4248 vi-

409 4267 558 4313 sum
609 4263 728 4317 est.
810 4251 887 4319 Si
944 4255 1112 4321 forte
1156 4278 1239 4323 ex
1281 4258 1520 4325 itinere
1555 4260 1639 4327 ad
1684 4261 1766 4329 D.
1812 4263 2074 4331 Petrum
2120 4267 2365 4351 Mart-y-

407 4353 541 4398 rem
605 4347 670 4402 et
739 4340 819 4404 D.
886 4340 1202 4408 Ioannem
1271 4364 1312 4409 a
1368 4346 1571 4412 Lasoo
1632 4346 1957 4431 deflectas,
2008 4365 2363 4437 utrumque

409 4438 555 4486 meo
621 4426 884 4524 nomine
942 4427 1282 4495 salutabis.
1370 4432 1464 4497 'I'e
1520 4454 1678 4500 vero
1732 4457 1849 4520 pro
1892 4459 2013 4505 sua
2055 4439 2362 4504 humani-

406 4513 540 4571 tate
580 4509 857 4592 perinde
900 4516 1230 4598 excipient
1273 4537 1349 4583 ac
1394 4520 1448 4585 si
1484 4519 1710 4586 literas
1751 4543 1790 4588 a
1831 4544 1937 4589 me
1974 4526 2360 4609 acciperent.

2138 419 2299 481 1555
2345 414 2754 482 ΒΕΟΕΜΒ.

4314 416 4438 478 914

2490 606 2627 671 Nec
2671 626 2832 670 vero
2855 604 3436 672 commendationis
3480 602 3599 668 tibi
3641 624 3806 687 opus
3848 610 3949 668 est
3991 622 4188 685 quam
4225 613 4442 670 mcum

2491 695 2647 757 satis
2693 691 2977 774 amplam
3045 692 3280 757 afferes
3316 692 3371 756 si
3418 689 3501 754 ad
3564 711 3674 755 eos
3718 688 4001 754 veneris.
4082 687 4159 754 Si
4204 696 4270 754 te
4311 689 4440 756 iter

2488 778 2919 861 Vitebergam
2978 777 3304 843 facturum
3360 796 3509 859 spes
3552 776 3799 853 fuisset,
3845 775 4210 857 scripturus
4253 796 4437 842 eram

2492 864 2573 929 D.
2628 862 2944 946 Philippo.
3027 862 3162 928 Sed
3198 863 3352 945 quia
3386 861 3503 926 tibi
3539 861 3818 926 adversa
3848 866 3897 934 ¹)
3942 861 4099 925 anni
4144 871 4438 944 tempore

2490 951 2617 1013 erit
2672 948 3086 1014 incommoda
3130 947 3468 1033 digressio,
3519 960 3583 1012 te
3624 948 3869 1012 frustra
3914 947 4122 1012 literis
4164 968 4440 1014 onerare

2489 1035 2683 1099 nolui.
2772 1035 2857 1099 Et
2901 1036 2956 1100 si
3002 1046 3222 1099 tamen
3267 1035 3407 1099 eius
3452 1032 3709 1099 visendi
3754 1033 3980 1097 melior
4023 1031 4282 1097 dabitur
4323 1054 4438 1116 op-

2487 1123 2854 1203 portunitas
2898 1142 3096 1204 quam
3140 1140 3350 1204 spere,
3396 1141 3616 1185 rerum
3662 1130 4037 1184 nostrarum
4082 1130 4325 1184 statum
4369 1126 4440 1184 et

2487 1206 2921 1290 expeditionis
2980 1216 3128 1272 tuae
3190 1208 3511 1271 rationem
3569 1227 3651 1270 ex
3699 1225 3999 1271 sermone
4042 1214 4156 1270 tuo
4199 1205 4434 1270 melius

2486 1292 2827 1377 intelliget.
2915 1292 3045 1360 Ubi
3105 1293 3447 1358 Poloniam
3498 1293 3832 1375 ingressus
3897 1291 4118 1367 fueris,
4176 1311 4301 1374 quo
4365 1299 4436 1356 te

2488 1379 2810 1444 Dominus
2876 1379 3270 1444 incolumem
3326 1379 3509 1443 brevi
3567 1377 3866 1455 adducat,
3912 1397 4044 1441 non
4086 1376 4165 1441 de
4210 1376 4435 1460 paucis

2487 1466 2605 1529 tibi
2674 1463 3054 1530 mandatum
3098 1487 3241 1530 esse
3309 1464 3631 1541 existima,
3699 1462 3811 1528 sed
3856 1463 3937 1528 de
3981 1463 4284 1528 omnibus
4319 1463 4433 1545 qui

2486 1550 2567 1615 ad
2604 1553 2930 1633 puriorem
2957 1551 3081 1615 Dei
3128 1551 3375 1617 cultum
3401 1549 3758 1634 adspirant,
3795 1557 3871 1613 ut
3907 1570 4008 1613 me
4052 1549 4183 1614 illis
4224 1550 4441 1615 fausta

2484 1638 2703 1700 omnia
2762 1648 2827 1702 et
2935 1637 3245 1702 lurimam
3313 1637 3593 1702 salutem
3650 1657 3735 1700 ex
3778 1636 3994 1699 animo
4038 1635 4292 1717 precari
4331 1656 4436 1700 re-

2486 1722 2776 1788 nuncies.
2864 1659 3262 1806 (Suanquam
3336 1723 3619 1806 primum
3692 1721 3902 1787 locum
3968 1720 4172 1785 tribui
4237 1721 4432 1804 cupio

2482 1808 2816 1891 generosis
2883 1820 2949 1873 et
3014 1808 3341 1874 nobilibus
3413 1810 3610 1887 viris,
3683 1827 3958 1891 quorum
4024 1807 4302 1873 virtutes
4370 1814 4438 1872 et

2484 1903 2712 1959 sancta
2754 1893 2973 1960 studia
3017 1895 3434 1978 peculiariter
3478 1895 3654 1978 apud
3701 1915 3805 1959 me
3850 1892 4258 1976 praedicasti.
4332 1893 4438 1959 De

2481 1979 2691 2045 literis
2736 1982 3188 2046 communibus
3237 1992 3309 2045 ut
3351 1983 3696 2046 consilium
3732 2002 3772 2044 a
3817 1979 4106 2045 discessu
4144 1989 4257 2044 tuo
4301 2000 4437 2044 ma-

2482 2074 2718 2144 turem,
2738 2069 2796 2145 2)
2841 2088 2972 2132 non
3017 2067 3208 2132 modo
3255 2065 3407 2134 feeit
3444 2067 3754 2149 temporis
3803 2065 4054 2148 inopia,
4112 2064 4224 2130 sed
4267 2064 4431 2132 haec

2483 2172 2734 2236 quoque
2758 2155 2924 2218 ratio
2967 2154 3119 2237 quia
3160 2155 3232 2218 in
3269 2152 3569 2237 eligendo
3613 2152 3985 2236 argumenti
4007 2172 4246 2235 genere
4280 2149 4432 2216 hae-

2482 2238 2708 2303 rebam
2772 2239 3143 2322 perplexus,
3206 2239 3411 2304 donec
3470 2238 3704 2304 melius
3753 2246 4125 2320 comparata
4144 2240 4201 2317 ⁸)
4253 2247 4426 2302 esset

2480 2323 2790 2390 ecclesiae
2831 2324 3134 2390 conditio.
3201 2323 3395 2406 Quod
3432 2345 3551 2407 per
3594 2334 3659 2389 te
3704 2324 3889 2389 facile
3924 2344 4283 2406 consequar
4320 2323 4429 2388 ubi

2479 2412 2549 2473 in
2609 2432 2745 2475 rem
2798 2421 3213 2493 praesentem
3271 2410 3562 2476 veneris.
3662 2411 3934 2474 Fratres
3990 2426 4245 2476 nostros
4318 2409 4431 2492 qui

2422 2490 2429 2531 ¹
2480 2494 2748 2561 docendi
2784 2517 3025 2563 munus
3074 2495 3339 2575 obeunt,
3384 2519 3584 2581 quum
3629 2496 3899 2561 minime
3943 2495 4235 2562 dubitem
4280 2494 4429 2560 aliis

2478 2602 2901 2663 praecurrere
2936 2605 3062 2666 quo
3097 2582 3283 2649 decet
3326 2584 3602 2659 fervore,
3638 2583 3710 2647 in
3747 2583 4118 2665 praesentia
4152 2581 4426 2646 hortan-

2478 2664 2594 2733 dos
2616 2691 2748 2733 non
2787 2672 3032 2751 putavi.
3093 2668 3168 2734 Si
3205 2690 3401 2752 quem
3436 2689 3670 2752 operae
3694 2688 3876 2733 meae
3898 2688 4091 2732 usum
4125 2667 4250 2733 sibi
4284 2667 4423 2732 fore

2477 2766 2890 2838 cognoscant,
2913 2777 3063 2821 mea
3105 2755 3320 2821 officia
3354 2754 3483 2821 illis
3506 2764 3738 2838 parata
3780 2775 3922 2819 esse
3945 2751 4136 2820 dices.
4204 2751 4432 2834 Quan-

2478 2860 2674 2922 quam
2717 2861 2902 2906 meae
2939 2843 3279 2907 tenuitatis
3302 2844 3597 2908 conscius
3627 2840 3987 2906 liberaliter
4021 2859 4240 2905 meum
4275 2859 4429 2905 con·

2478 2926 2698 2991 silium
2742 2927 2978 2992 offerre
3023 2949 3154 2993 non
3198 2926 3421 2994 audeo,
3511 2927 3700 2992 Vale.
3720 2930 3777 3002 ⁴)

2475 3235 2643 3291 2878
2665 3237 2765 3290 bis.
2790 3238 2845 3303 1)
2883 3237 3153 3293 adverso?

2677 3305 2741 3370 2)
2777 3308 3083 3361 mutarem?

2678 3372 2741 3510 ἓξ
2778 3377 3117 3499 ἔῗερῖἰῖἶτ
3149 3444 3383 3524 conside.
3436 3441 3773 3527 ‘Referimus
3805 3441 3885 3497 ad
3954 3457 4076 3497 nen
4110 3439 4428 3498 Decembris

2472 3528 2637 3582 quum
2672 3512 2906 3567 medium
2939 3513 3114 3569 locum
3149 3514 3388 3569 οὺωιοαε
3421 3519 3566 3567 mter
3591 3514 3783 3595 plures
4039 3512 4158 3578 fere
4190 3517 4427 3580 tempore

2471 3586 2872 3705 ῗὲἒΐὶᾝέἷ
2900 3584 3381 3707 t‘.”..⁸“..¹2’;“.2“5.‘.-·2
3395 3597 3431 3683 ‚⁰
3433 3581 4252 3719 ⁰1‘“”1›·”..·.⁶.-'3'ff.·‡¹.;:3.“33”..‘¹‘511
4273 3595 4426 3719 „010⁹”-

2471 3721 2630 3774 nicae
2667 3719 2718 3773 d.
2757 3719 2808 3773 d.
2850 3717 2929 3773 14.
2956 3720 3116 3775 Febr.
3153 3717 3304 3773 1556.
3343 3748 3406 3759 -
3445 3719 3493 3775 2.
3542 3718 3627 3774 W.
3649 3718 3897 3774 Masada·
3928 3719 4005 3774 ad
4041 3719 4254 3773 easdem
4288 3734 4332 3773 s.
4368 3719 4426 3775 d·

2474 3816 2537 3827 —
2573 3786 2623 3843 3.
2663 3787 3039 3843 Manciam
3092 3789 3221 3845 Ian.
3273 3788 3432 3843 1556.
3483 3816 3551 3828 —
3602 3790 3656 3841 4.
3693 3787 4007 3855 Buatinqm·
4055 3804 4122 3842 m.
4177 3788 4303 3843 Ian.
4359 3817 4425 3828 -

2469 3855 2520 3911 5.
2555 3857 3061 3922 Lemauos-aium,
3103 3857 3217 3912 Gal.
3256 3857 3385 3914 Ian.
3424 3856 3557 3911 1556
3602 3859 3695 3913 eui
3726 3858 4167 3926 subscripserunt
4212 3857 4427 3912 Virmn

2485 3925 2734 3980 Valerius
2774 3926 3020 3981 Ribt'ttus
3063 3926 3215 3982 Besa
3268 3926 3642 3996 &acaunus
3691 3926 3989 3981 Corda-m
4026 3926 4318 3980 Mer-linus.
4355 3954 4424 3964 —

2469 3992 2520 4046 6.
2560 3995 2805 4049 Fontei&
2821 3994 3201 4050 Meldunensis
3235 3999 3475 4051 ministri
3498 3996 3650 4050 Galle·
3681 3994 3737 4049 d.
3760 3995 3813 4049 d.
3854 3994 3933 4049 13.
3957 3995 4091 4050 Dee.
4125 4023 4193 4033 —
4231 3992 4277 4047 7.
4314 3994 4424 4048 Ar-

2467 4066 2927 4131 aentoratensium
2961 4066 3014 4120 d.
3034 4066 3090 4120 d.
3121 4063 3200 4119 18.
3227 4065 3388 4119 Febr.
3418 4063 3552 4119 1556
3587 4064 3721 4131 (Ma
3858 4067 3868 4077 '
3916 4064 4150 4119 Sternuit·
4165 4063 4422 4129 Zancbt’).

2471 4161 2536 4171 —
2589 4130 2643 4189 8.
2700 4132 2935 4187 Sternit·
2983 4135 3035 4189 d.
3084 4136 3137 4188 d.
3184 4133 3268 4188 15.
3313 4133 3478 4189 Febr.
3536 4162 3598 4173 -
3650 4133 3700 4187 9.
3836 4134 3965 4188 ucho·
4012 4130 4095 4186 18.
4144 4131 4307 4186 Febr.
4358 4160 4414 4171 -

2471 4200 2552 4253 10.
2594 4201 2814 4257 Calvina·
2860 4203 3014 4271 (haee
3060 4210 3289 4266 nostra).
3327 4232 3392 4242 —
3440 4203 3520 4256 11.
3564 4202 3777 4259 Fau-elli
3825 4203 3936 4256 Cal.
3982 4202 4112 4258 Ian.
4161 4199 4314 4255 1556.
4363 4230 4423 4240 -

2470 4269 2551 4324 12.
2577 4269 2792 4325 Sueten·
2812 4271 2973 4327 Febr.
3011 4301 3074 4310 —
3116 4271 3196 4329 18.
3222 4270 3482 4327 Curionis
3502 4271 3662 4326 Febr.
3703 4301 3769 4311 —
3810 4269 3888 4323 14.
3909 4269 4135 4325 Brentie'
4152 4269 4237 4323 23.
4254 4269 4419 4323 Febr.

2470 4367 2531 4377 —
2571 4338 2654 4393 15.
2703 4340 2950 4410 Verqen't'
2981 4356 3024 4395 s.
3047 4342 3099 4395 d.
3138 4371 3203 4381 —
3244 4340 3324 4395 16.
3365 4339 3979 4396 Guazteri25.1anuar.
4015 4368 4084 4379 —
4124 4339 4206 4395 1'2.
4241 4338 4423 4394 Besae

2470 4406 2585 4463 Gal.
2623 4409 2750 4463 Ian.
2792 4408 2940 4464 1556.
2978 4437 3038 4448 -
3079 4410 3174 4464 Es
3208 4410 3406 4465 harum
3438 4410 3615 4464 variis
3649 4410 3928 4466 natalibus
3968 4408 4287 4463 Liemam'ni
4318 4408 4425 4463 iter

2465 4492 2564 4545 per
2580 4477 2829 4546 sinqulas
2859 4481 3137 4547 stationes,
3159 4485 3367 4534 mutato
3388 4479 3503 4535 scil.
3522 4480 3875 4548 opinatarum
3894 4479 4103 4546 ordine,
4140 4494 4178 4533 a
4201 4478 4421 4535 Genava

2472 4544 2869 4615 δικέων-ἀίων·
2906 4564 3075 4619 usque
3103 4548 3362 4618 persequi
3392 4548 3585 4605 licebit.

612 5396 831 5452 Calvina·
864 5417 1045 5469 opera.
1130 5404 1240 5458 Vol.
1281 5405 1334 5458 X
1353 5408 1406 5460 V.
