<?xml version="1.0" encoding="UTF-8"?>
<!DOCTYPE html PUBLIC "-//W3C//DTD XHTML 1.0 Transitional//EN"
    "http://www.w3.org/TR/xhtml1/DTD/xhtml1-transitional.dtd">
<html xmlns="http://www.w3.org/1999/xhtml" xml:lang="en" lang="en">
 <head>
  <title>
</title>
<meta http-equiv="Content-Type" content="text/html;charset=utf-8" />
  <meta name='ocr-system' content='tesseract 3.04.00' />
  <meta name='ocr-capabilities' content='ocr_page ocr_carea ocr_par ocr_line ocrx_word'/>
</head>
<body>
  <div class='ocr_page' id='page_1' title='image "./ioanniscalvinio09unkngoog_0057.png"; bbox 0 0 4850 6200; ppageno 0'>
   <div class='ocr_carea' id='block_1_1' title="bbox 29 3349 37 4578">
    <p class='ocr_par' dir='ltr' id='par_1_1' title="bbox 29 3349 37 4578">
     <span class='ocr_line' id='line_1_1' title="bbox 29 3349 37 4578; baseline 0 0"><span class='ocrx_word' id='word_1_1' title='bbox 29 3349 37 4578; x_wconf 95' lang='lat' dir='ltr'><strong> </strong></span> 
     </span>
    </p>
   </div>
   <div class='ocr_carea' id='block_1_2' title="bbox 302 429 415 490">
    <p class='ocr_par' dir='ltr' id='par_1_2' title="bbox 302 429 415 490">
     <span class='ocr_line' id='line_1_2' title="bbox 302 429 415 490; baseline 0.009 -1"><span class='ocrx_word' id='word_1_2' title='bbox 302 429 415 490; x_wconf 74' lang='lat'><strong>109</strong></span> 
     </span>
    </p>
   </div>
   <div class='ocr_carea' id='block_1_3' title="bbox 292 610 2249 1044">
    <p class='ocr_par' dir='ltr' id='par_1_3' title="bbox 292 610 2249 1058">
     <span class='ocr_line' id='line_1_3' title="bbox 294 610 2249 699; baseline -0.003 -16"><span class='ocrx_word' id='word_1_3' title='bbox 294 612 637 683; x_wconf 74' lang='lat' dir='ltr'><strong>confusum</strong></span> <span class='ocrx_word' id='word_1_4' title='bbox 682 617 905 683; x_wconf 87' lang='lat' dir='ltr'><strong>nescio</strong></span> <span class='ocrx_word' id='word_1_5' title='bbox 948 614 1117 699; x_wconf 88' lang='lat' dir='ltr'><strong>quod</strong></span> <span class='ocrx_word' id='word_1_6' title='bbox 1164 615 1499 682; x_wconf 80' lang='lat' dir='ltr'><strong>doctrinae</strong></span> <span class='ocrx_word' id='word_1_7' title='bbox 1535 610 1787 680; x_wconf 72' lang='lat' dir='ltr'><strong>cahos*</strong></span> <span class='ocrx_word' id='word_1_8' title='bbox 1830 633 1911 677; x_wconf 86' lang='lat' dir='ltr'><strong>ex</strong></span> <span class='ocrx_word' id='word_1_9' title='bbox 1949 611 2249 696; x_wconf 84' lang='lat' dir='ltr'><strong>partibus</strong></span> 
     </span>
     <span class='ocr_line' id='line_1_4' title="bbox 293 697 2243 784; baseline -0.002 -17"><span class='ocrx_word' id='word_1_10' title='bbox 293 700 460 767; x_wconf 82' lang='lat' dir='ltr'><strong>male</strong></span> <span class='ocrx_word' id='word_1_11' title='bbox 502 700 1010 768; x_wconf 76' lang='lat' dir='ltr'><strong>cohaerentibus</strong></span> <span class='ocrx_word' id='word_1_12' title='bbox 1053 700 1333 784; x_wconf 90' lang='lat' dir='ltr'><strong>superbe</strong></span> <span class='ocrx_word' id='word_1_13' title='bbox 1372 700 1976 777; x_wconf 89' lang='lat' dir='ltr'><strong>comminiscuntur,</strong></span> <span class='ocrx_word' id='word_1_14' title='bbox 2028 697 2243 781; x_wconf 87' lang='lat' dir='ltr'><strong>idque,</strong></span> 
     </span>
     <span class='ocr_line' id='line_1_5' title="bbox 292 784 2244 872; baseline -0.001 -19"><span class='ocrx_word' id='word_1_15' title='bbox 292 795 361 853; x_wconf 82' lang='lat' dir='ltr'><strong>ut</strong></span> <span class='ocrx_word' id='word_1_16' title='bbox 402 785 789 869; x_wconf 78' lang='lat' dir='ltr'><strong>plurimum,</strong></span> <span class='ocrx_word' id='word_1_17' title='bbox 830 787 1197 854; x_wconf 77' lang='lat' dir='ltr'><strong>reluctante</strong></span> <span class='ocrx_word' id='word_1_18' title='bbox 1240 787 1533 872; x_wconf 90' lang='lat' dir='ltr'><strong>ipsorum</strong></span> <span class='ocrx_word' id='word_1_19' title='bbox 1582 784 2003 862; x_wconf 88' lang='lat' dir='ltr'><strong>conscientia,</strong></span> <span class='ocrx_word' id='word_1_20' title='bbox 2047 805 2244 867; x_wconf 85' lang='lat' dir='ltr'><strong>quam</strong></span> 
     </span>
     <span class='ocr_line' id='line_1_6' title="bbox 293 871 2244 957; baseline -0.004 -16"><span class='ocrx_word' id='word_1_21' title='bbox 293 884 513 941; x_wconf 82' lang='lat' dir='ltr'><strong>tamen</strong></span> <span class='ocrx_word' id='word_1_22' title='bbox 571 872 803 941; x_wconf 81' lang='lat' dir='ltr'><strong>offusis</strong></span> <span class='ocrx_word' id='word_1_23' title='bbox 854 873 1072 941; x_wconf 86' lang='lat' dir='ltr'><strong>nescio</strong></span> <span class='ocrx_word' id='word_1_24' title='bbox 1130 871 1368 957; x_wconf 91' lang='lat' dir='ltr'><strong>quibus</strong></span> <span class='ocrx_word' id='word_1_25' title='bbox 1430 872 1632 937; x_wconf 81' lang='lat' dir='ltr'><strong>fumis</strong></span> <span class='ocrx_word' id='word_1_26' title='bbox 1695 880 1812 936; x_wconf 88' lang='lat' dir='ltr'><strong>aut</strong></span> <span class='ocrx_word' id='word_1_27' title='bbox 1871 871 2244 954; x_wconf 77' lang='lat' dir='ltr'><strong>praestigiis</strong></span> 
     </span>
     <span class='ocr_line' id='line_1_7' title="bbox 292 956 2242 1044; baseline -0.003 -19"><span class='ocrx_word' id='word_1_28' title='bbox 292 958 503 1043; x_wconf 82' lang='lat' dir='ltr'><strong>sopire</strong></span> <span class='ocrx_word' id='word_1_29' title='bbox 548 980 1027 1044; x_wconf 86' lang='lat' dir='ltr'><strong>nonnunquam</strong></span> <span class='ocrx_word' id='word_1_30' title='bbox 1070 958 1368 1026; x_wconf 80' lang='lat' dir='ltr'><strong>student:</strong></span> <span class='ocrx_word' id='word_1_31' title='bbox 1416 958 1529 1023; x_wconf 85' lang='lat' dir='ltr'><strong>alii</strong></span> <span class='ocrx_word' id='word_1_32' title='bbox 1568 978 1793 1023; x_wconf 88' lang='lat' dir='ltr'><strong>rursus</strong></span> <span class='ocrx_word' id='word_1_33' title='bbox 1830 977 2034 1040; x_wconf 90' lang='lat' dir='ltr'><strong>quum</strong></span> <span class='ocrx_word' id='word_1_34' title='bbox 2078 956 2242 1021; x_wconf 91' lang='lat' dir='ltr'><strong>nulli</strong></span> 
     </span>
    </p>
   </div>
   <div class='ocr_carea' id='block_1_4' title="bbox 290 1042 2298 1131">
    <p class='ocr_par' dir='ltr' id='par_1_4' title="bbox 290 1042 2298 1131">
     <span class='ocr_line' id='line_1_8' title="bbox 290 1042 2298 1131; baseline -0.001 -20"><span class='ocrx_word' id='word_1_35' title='bbox 290 1065 555 1111; x_wconf 87' lang='lat' dir='ltr'><strong>ommno</strong></span> <span class='ocrx_word' id='word_1_36' title='bbox 600 1067 673 1111; x_wconf 90' lang='lat' dir='ltr'><strong>se</strong></span> <span class='ocrx_word' id='word_1_37' title='bbox 716 1055 1083 1131; x_wconf 81' lang='lat' dir='ltr'><strong>aggregent</strong></span> <span class='ocrx_word' id='word_1_38' title='bbox 1122 1047 1367 1124; x_wconf 87' lang='lat' dir='ltr'><strong>coetui,</strong></span> <span class='ocrx_word' id='word_1_39' title='bbox 1423 1042 1729 1109; x_wconf 88' lang='lat' dir='ltr'><strong>omnibus</strong></span> <span class='ocrx_word' id='word_1_40' title='bbox 1770 1042 2059 1108; x_wconf 72' lang='lat' dir='ltr'><strong>ecclesiis</strong></span> <span class='ocrx_word' id='word_1_41' title='bbox 2106 1062 2243 1106; x_wconf 86' lang='lat' dir='ltr'><strong>ma-</strong></span> <span class='ocrx_word' id='word_1_42' title='bbox 2291 1090 2298 1109; x_wconf 82' lang='grc'><strong>.</strong></span> 
     </span>
    </p>
   </div>
   <div class='ocr_carea' id='block_1_5' title="bbox 280 1127 2249 5251">
    <p class='ocr_par' dir='ltr' id='par_1_5' title="bbox 286 1127 1832 1215">
     <span class='ocr_line' id='line_1_9' title="bbox 286 1127 1832 1215; baseline 0.001 -22"><span class='ocrx_word' id='word_1_43' title='bbox 286 1127 597 1209; x_wconf 76' lang='lat' dir='ltr'><strong>lodicum,</strong></span> <span class='ocrx_word' id='word_1_44' title='bbox 641 1151 996 1215; x_wconf 87' lang='lat' dir='ltr'><strong>omnesque</strong></span> <span class='ocrx_word' id='word_1_45' title='bbox 1038 1151 1123 1196; x_wconf 84' lang='lat' dir='ltr'><strong>ex</strong></span> <span class='ocrx_word' id='word_1_46' title='bbox 1165 1151 1370 1215; x_wconf 88' lang='lat' dir='ltr'><strong>aequo</strong></span> <span class='ocrx_word' id='word_1_47' title='bbox 1406 1130 1832 1197; x_wconf 88' lang='lat' dir='ltr'><strong>subsannant.</strong></span> 
     </span>
    </p>

    <p class='ocr_par' dir='ltr' id='par_1_6' title="bbox 280 1212 2245 1989">
     <span class='ocr_line' id='line_1_10' title="bbox 454 1212 2245 1296; baseline -0.001 -15"><span class='ocrx_word' id='word_1_48' title='bbox 454 1214 760 1296; x_wconf 82' lang='lat' dir='ltr'><strong>Quorum</strong></span> <span class='ocrx_word' id='word_1_49' title='bbox 828 1238 865 1282; x_wconf 94' lang='lat' dir='ltr'><strong>e</strong></span> <span class='ocrx_word' id='word_1_50' title='bbox 929 1237 1206 1283; x_wconf 90' lang='lat' dir='ltr'><strong>numero</strong></span> <span class='ocrx_word' id='word_1_51' title='bbox 1278 1216 1406 1282; x_wconf 86' lang='lat' dir='ltr'><strong>fuit</strong></span> <span class='ocrx_word' id='word_1_52' title='bbox 1482 1214 1711 1282; x_wconf 82' lang='lat' dir='ltr'><strong>infelix</strong></span> <span class='ocrx_word' id='word_1_53' title='bbox 1776 1214 1889 1280; x_wconf 91' lang='lat' dir='ltr'><strong>ille</strong></span> <span class='ocrx_word' id='word_1_54' title='bbox 1955 1212 2245 1280; x_wconf 69' lang='lat' dir='ltr'><strong>Servatus</strong></span> 
     </span>
     <span class='ocr_line' id='line_1_11' title="bbox 286 1298 2243 1402; baseline -0.003 -33"><span class='ocrx_word' id='word_1_55' title='bbox 286 1303 471 1369; x_wconf 88' lang='lat' dir='ltr'><strong>cuius</strong></span> <span class='ocrx_word' id='word_1_56' title='bbox 515 1301 945 1402; x_wconf 73' lang='lat' dir='ltr'><strong>blasphemiis</strong></span> <span class='ocrx_word' id='word_1_57' title='bbox 1002 1324 1210 1386; x_wconf 89' lang='lat' dir='ltr'><strong>quum</strong></span> <span class='ocrx_word' id='word_1_58' title='bbox 1250 1301 1664 1386; x_wconf 88' lang='lat' dir='ltr'><strong>pestilentius</strong></span> <span class='ocrx_word' id='word_1_59' title='bbox 1719 1322 1796 1365; x_wconf 91' lang='lat' dir='ltr'><strong>ac</strong></span> <span class='ocrx_word' id='word_1_60' title='bbox 1839 1298 2243 1365; x_wconf 91' lang='lat' dir='ltr'><strong>horrendum</strong></span> 
     </span>
     <span class='ocr_line' id='line_1_12' title="bbox 286 1385 2242 1473; baseline -0.002 -20"><span class='ocrx_word' id='word_1_61' title='bbox 286 1388 492 1472; x_wconf 80' lang='lat' dir='ltr'><strong>inagis</strong></span> <span class='ocrx_word' id='word_1_62' title='bbox 529 1388 700 1453; x_wconf 77' lang='lat' dir='ltr'><strong>nihil</strong></span> <span class='ocrx_word' id='word_1_63' title='bbox 740 1409 884 1455; x_wconf 87' lang='lat' dir='ltr'><strong>esse</strong></span> <span class='ocrx_word' id='word_1_64' title='bbox 926 1394 1151 1473; x_wconf 89' lang='lat' dir='ltr'><strong>possit,</strong></span> <span class='ocrx_word' id='word_1_65' title='bbox 1200 1398 1275 1455; x_wconf 85' lang='lat' dir='ltr'><strong>tu</strong></span> <span class='ocrx_word' id='word_1_66' title='bbox 1318 1398 1541 1454; x_wconf 87' lang='lat' dir='ltr'><strong>tamen</strong></span> <span class='ocrx_word' id='word_1_67' title='bbox 1575 1388 1787 1471; x_wconf 84' lang='lat' dir='ltr'><strong>capite</strong></span> <span class='ocrx_word' id='word_1_68' title='bbox 1825 1385 2242 1469; x_wconf 87' lang='lat' dir='ltr'><strong>plectendum</strong></span> 
     </span>
     <span class='ocr_line' id='line_1_13' title="bbox 286 1470 2244 1559; baseline -0.002 -19"><span class='ocrx_word' id='word_1_69' title='bbox 286 1495 413 1540; x_wconf 91' lang='lat' dir='ltr'><strong>non</strong></span> <span class='ocrx_word' id='word_1_70' title='bbox 454 1474 663 1541; x_wconf 79' lang='lat' dir='ltr'><strong>fuisse</strong></span> <span class='ocrx_word' id='word_1_71' title='bbox 706 1486 773 1539; x_wconf 87' lang='lat' dir='ltr'><strong>et</strong></span> <span class='ocrx_word' id='word_1_72' title='bbox 815 1474 1125 1558; x_wconf 84' lang='lat' dir='ltr'><strong>privatim</strong></span> <span class='ocrx_word' id='word_1_73' title='bbox 1170 1485 1238 1539; x_wconf 83' lang='lat' dir='ltr'><strong>et</strong></span> <span class='ocrx_word' id='word_1_74' title='bbox 1272 1472 1531 1559; x_wconf 89' lang='lat' dir='ltr'><strong>publice</strong></span> <span class='ocrx_word' id='word_1_75' title='bbox 1564 1473 1794 1538; x_wconf 86' lang='lat' dir='ltr'><strong>multis</strong></span> <span class='ocrx_word' id='word_1_76' title='bbox 1828 1470 2244 1537; x_wconf 77' lang='lat' dir='ltr'><strong>audientibus</strong></span> 
     </span>
     <span class='ocr_line' id='line_1_14' title="bbox 283 1555 2242 1645; baseline -0.002 -18"><span class='ocrx_word' id='word_1_77' title='bbox 283 1562 638 1627; x_wconf 76' lang='lat' dir='ltr'><strong>asseruisti.</strong></span> <span class='ocrx_word' id='word_1_78' title='bbox 707 1558 857 1643; x_wconf 79' lang='lat' dir='ltr'><strong>Quo</strong></span> <span class='ocrx_word' id='word_1_79' title='bbox 890 1560 1154 1645; x_wconf 82' lang='lat' dir='ltr'><strong>quidem</strong></span> <span class='ocrx_word' id='word_1_80' title='bbox 1202 1560 1467 1627; x_wconf 88' lang='lat' dir='ltr'><strong>nomine</strong></span> <span class='ocrx_word' id='word_1_81' title='bbox 1501 1558 1671 1625; x_wconf 86' lang='lat' dir='ltr'><strong>alius</strong></span> <span class='ocrx_word' id='word_1_82' title='bbox 1714 1560 1881 1623; x_wconf 84' lang='lat' dir='ltr'><strong>forte</strong></span> <span class='ocrx_word' id='word_1_83' title='bbox 1914 1555 2242 1634; x_wconf 87' lang='lat' dir='ltr'><strong>obiiceret,</strong></span> 
     </span>
     <span class='ocr_line' id='line_1_15' title="bbox 284 1643 2242 1731; baseline -0.002 -19"><span class='ocrx_word' id='word_1_84' title='bbox 284 1667 514 1729; x_wconf 80' lang='lat' dir='ltr'><strong>parum</strong></span> <span class='ocrx_word' id='word_1_85' title='bbox 564 1644 685 1713; x_wconf 88' lang='lat' dir='ltr'><strong>tibi</strong></span> <span class='ocrx_word' id='word_1_86' title='bbox 727 1646 933 1713; x_wconf 83' lang='lat' dir='ltr'><strong>fuisse</strong></span> <span class='ocrx_word' id='word_1_87' title='bbox 979 1645 1357 1731; x_wconf 77' lang='lat' dir='ltr'><strong>Hieronymi</strong></span> <span class='ocrx_word' id='word_1_88' title='bbox 1414 1644 1594 1711; x_wconf 91' lang='lat' dir='ltr'><strong>illius</strong></span> <span class='ocrx_word' id='word_1_89' title='bbox 1651 1643 2031 1710; x_wconf 87' lang='lat' dir='ltr'><strong>damnatam</strong></span> <span class='ocrx_word' id='word_1_90' title='bbox 2094 1664 2242 1709; x_wconf 89' lang='lat' dir='ltr'><strong>sen·</strong></span> 
     </span>
     <span class='ocr_line' id='line_1_16' title="bbox 282 1730 2242 1814; baseline -0.001 -17"><span class='ocrx_word' id='word_1_91' title='bbox 282 1733 557 1797; x_wconf 85' lang='lat' dir='ltr'><strong>tentiam</strong></span> <span class='ocrx_word' id='word_1_92' title='bbox 616 1733 823 1813; x_wconf 84' lang='lat' dir='ltr'><strong>tueri,</strong></span> <span class='ocrx_word' id='word_1_93' title='bbox 882 1732 1012 1798; x_wconf 89' lang='lat' dir='ltr'><strong>nisi</strong></span> <span class='ocrx_word' id='word_1_94' title='bbox 1070 1735 1271 1797; x_wconf 89' lang='lat' dir='ltr'><strong>etiam</strong></span> <span class='ocrx_word' id='word_1_95' title='bbox 1330 1730 1565 1798; x_wconf 67' lang='lat' dir='ltr'><strong>Servati</strong></span> <span class='ocrx_word' id='word_1_96' title='bbox 1623 1730 1837 1814; x_wconf 90' lang='lat' dir='ltr'><strong>palam</strong></span> <span class='ocrx_word' id='word_1_97' title='bbox 1898 1730 2242 1795; x_wconf 89' lang='lat' dir='ltr'><strong>haereseos</strong></span> 
     </span>
     <span class='ocr_line' id='line_1_17' title="bbox 284 1813 2239 1902; baseline -0.003 -17"><span class='ocrx_word' id='word_1_98' title='bbox 284 1818 567 1885; x_wconf 79' lang='lat' dir='ltr'><strong>convicti</strong></span> <span class='ocrx_word' id='word_1_99' title='bbox 610 1818 1051 1902; x_wconf 82' lang='lat' dir='ltr'><strong>patrocinium</strong></span> <span class='ocrx_word' id='word_1_100' title='bbox 1110 1815 1587 1900; x_wconf 86' lang='lat' dir='ltr'><strong>quodammodo</strong></span> <span class='ocrx_word' id='word_1_101' title='bbox 1629 1816 2013 1900; x_wconf 74' lang='lat' dir='ltr'><strong>susciperes.</strong></span> <span class='ocrx_word' id='word_1_102' title='bbox 2104 1813 2239 1881; x_wconf 81' lang='lat' dir='ltr'><strong>Sed</strong></span> 
     </span>
     <span class='ocr_line' id='line_1_18' title="bbox 280 1899 2243 1989; baseline -0.002 -20"><span class='ocrx_word' id='word_1_103' title='bbox 280 1926 403 1989; x_wconf 86' lang='lat' dir='ltr'><strong>ego</strong></span> <span class='ocrx_word' id='word_1_104' title='bbox 444 1905 559 1988; x_wconf 91' lang='lat' dir='ltr'><strong>qui</strong></span> <span class='ocrx_word' id='word_1_105' title='bbox 596 1903 870 1970; x_wconf 75' lang='lat' dir='ltr'><strong>candide</strong></span> <span class='ocrx_word' id='word_1_106' title='bbox 905 1912 1119 1970; x_wconf 86' lang='lat' dir='ltr'><strong>tecum</strong></span> <span class='ocrx_word' id='word_1_107' title='bbox 1156 1924 1353 1989; x_wconf 88' lang='lat' dir='ltr'><strong>agere</strong></span> <span class='ocrx_word' id='word_1_108' title='bbox 1395 1903 1670 1979; x_wconf 86' lang='lat' dir='ltr'><strong>institui,</strong></span> <span class='ocrx_word' id='word_1_109' title='bbox 1716 1902 1843 1967; x_wconf 88' lang='lat' dir='ltr'><strong>hac</strong></span> <span class='ocrx_word' id='word_1_110' title='bbox 1877 1912 1943 1967; x_wconf 90' lang='lat' dir='ltr'><strong>te</strong></span> <span class='ocrx_word' id='word_1_111' title='bbox 1989 1899 2243 1966; x_wconf 84' lang='lat' dir='ltr'><strong>invidia</strong></span> 
     </span>
    </p>

    <p class='ocr_par' dir='ltr' id='par_1_7' title="bbox 280 1986 2249 5084">
     <span class='ocr_line' id='line_1_19' title="bbox 400 1986 2242 2074; baseline -0.002 -19"><span class='ocrx_word' id='word_1_112' title='bbox 400 2011 565 2055; x_wconf 77' lang='lat' dir='ltr'><strong>vare</strong></span> <span class='ocrx_word' id='word_1_113' title='bbox 610 1991 789 2057; x_wconf 89' lang='lat' dir='ltr'><strong>nolo:</strong></span> <span class='ocrx_word' id='word_1_114' title='bbox 854 1992 1234 2074; x_wconf 88' lang='lat' dir='ltr'><strong>praesertim</strong></span> <span class='ocrx_word' id='word_1_115' title='bbox 1292 2010 1499 2074; x_wconf 91' lang='lat' dir='ltr'><strong>quum</strong></span> <span class='ocrx_word' id='word_1_116' title='bbox 1559 1997 1629 2054; x_wconf 90' lang='lat' dir='ltr'><strong>et</strong></span> <span class='ocrx_word' id='word_1_117' title='bbox 1671 1988 1753 2053; x_wconf 86' lang='lat' dir='ltr'><strong>ab</strong></span> <span class='ocrx_word' id='word_1_118' title='bbox 1798 1989 2015 2070; x_wconf 86' lang='lat' dir='ltr'><strong>impiis</strong></span> <span class='ocrx_word' id='word_1_119' title='bbox 2059 1986 2242 2052; x_wconf 89' lang='lat' dir='ltr'><strong>illius</strong></span> 
     </span>
     <span class='ocr_line' id='line_1_20' title="bbox 325 2071 2242 2161; baseline -0.003 -20"><span class='ocrx_word' id='word_1_120' title='bbox 325 2074 702 2161; x_wconf 86' lang='lat' dir='ltr'><strong>ogmatibus</strong></span> <span class='ocrx_word' id='word_1_121' title='bbox 747 2075 1099 2142; x_wconf 87' lang='lat' dir='ltr'><strong>abhorrere</strong></span> <span class='ocrx_word' id='word_1_122' title='bbox 1142 2088 1206 2140; x_wconf 84' lang='lat' dir='ltr'><strong>te</strong></span> <span class='ocrx_word' id='word_1_123' title='bbox 1250 2090 1494 2160; x_wconf 86' lang='lat' dir='ltr'><strong>putem.</strong></span> <span class='ocrx_word' id='word_1_124' title='bbox 1585 2073 1912 2156; x_wconf 82' lang='lat' dir='ltr'><strong>Quoniam</strong></span> <span class='ocrx_word' id='word_1_125' title='bbox 1958 2094 2116 2139; x_wconf 84' lang='lat' dir='ltr'><strong>vero</strong></span> <span class='ocrx_word' id='word_1_126' title='bbox 2160 2071 2242 2137; x_wconf 91' lang='lat' dir='ltr'><strong>de</strong></span> 
     </span>
     <span class='ocr_line' id='line_1_21' title="bbox 281 2158 2240 2246; baseline -0.004 -18"><span class='ocrx_word' id='word_1_127' title='bbox 281 2161 618 2246; x_wconf 87' lang='lat' dir='ltr'><strong>supplicio,</strong></span> <span class='ocrx_word' id='word_1_128' title='bbox 663 2163 836 2246; x_wconf 88' lang='lat' dir='ltr'><strong>quod</strong></span> <span class='ocrx_word' id='word_1_129' title='bbox 883 2162 963 2228; x_wconf 90' lang='lat' dir='ltr'><strong>de</strong></span> <span class='ocrx_word' id='word_1_130' title='bbox 1008 2160 1276 2227; x_wconf 89' lang='lat' dir='ltr'><strong>homine</strong></span> <span class='ocrx_word' id='word_1_131' title='bbox 1320 2174 1463 2227; x_wconf 89' lang='lat' dir='ltr'><strong>tum</strong></span> <span class='ocrx_word' id='word_1_132' title='bbox 1507 2160 1836 2227; x_wconf 83' lang='lat' dir='ltr'><strong>haeretico</strong></span> <span class='ocrx_word' id='word_1_133' title='bbox 1880 2168 2019 2224; x_wconf 90' lang='lat' dir='ltr'><strong>tum</strong></span> <span class='ocrx_word' id='word_1_134' title='bbox 2070 2158 2240 2222; x_wconf 85' lang='lat' dir='ltr'><strong>blas·</strong></span> 
     </span>
     <span class='ocr_line' id='line_1_22' title="bbox 280 2246 2240 2332; baseline -0.001 -19"><span class='ocrx_word' id='word_1_135' title='bbox 280 2248 515 2332; x_wconf 87' lang='lat' dir='ltr'><strong>phemo</strong></span> <span class='ocrx_word' id='word_1_136' title='bbox 552 2248 984 2332; x_wconf 78' lang='lat' dir='ltr'><strong>magistratus</strong></span> <span class='ocrx_word' id='word_1_137' title='bbox 1008 2247 1422 2313; x_wconf 81' lang='lat' dir='ltr'><strong>Genevensis</strong></span> <span class='ocrx_word' id='word_1_138' title='bbox 1456 2249 1757 2331; x_wconf 79' lang='lat' dir='ltr'><strong>sumpsit,</strong></span> <span class='ocrx_word' id='word_1_139' title='bbox 1804 2246 2240 2328; x_wconf 87' lang='lat' dir='ltr'><strong>conquereris,</strong></span> 
     </span>
     <span class='ocr_line' id='line_1_23' title="bbox 281 2331 2243 2429; baseline -0.002 -30"><span class='ocrx_word' id='word_1_140' title='bbox 281 2344 347 2399; x_wconf 87' lang='lat' dir='ltr'><strong>et</strong></span> <span class='ocrx_word' id='word_1_141' title='bbox 390 2336 459 2400; x_wconf 90' lang='lat' dir='ltr'><strong>in</strong></span> <span class='ocrx_word' id='word_1_142' title='bbox 504 2334 631 2401; x_wconf 82' lang='lat' dir='ltr'><strong>hac</strong></span> <span class='ocrx_word' id='word_1_143' title='bbox 676 2346 862 2419; x_wconf 87' lang='lat' dir='ltr'><strong>parte</strong></span> <span class='ocrx_word' id='word_1_144' title='bbox 901 2334 1309 2400; x_wconf 78' lang='lat' dir='ltr'><strong>Manichaeis</strong></span> <span class='ocrx_word' id='word_1_145' title='bbox 1353 2344 1420 2399; x_wconf 90' lang='lat' dir='ltr'><strong>et</strong></span> <span class='ocrx_word' id='word_1_146' title='bbox 1442 2333 1812 2398; x_wconf 78' lang='lat' dir='ltr'><strong>Donatistis</strong></span> <span class='ocrx_word' id='word_1_147' title='bbox 1856 2331 2243 2429; x_wconf 83' lang='lat' dir='ltr'><strong>suffragaris</strong></span> 
     </span>
     <span class='ocr_line' id='line_1_24' title="bbox 282 2418 2242 2505; baseline -0.001 -21"><span class='ocrx_word' id='word_1_148' title='bbox 282 2421 391 2505; x_wconf 89' lang='lat' dir='ltr'><strong>qui</strong></span> <span class='ocrx_word' id='word_1_149' title='bbox 460 2421 531 2485; x_wconf 89' lang='lat' dir='ltr'><strong>in</strong></span> <span class='ocrx_word' id='word_1_150' title='bbox 601 2442 679 2485; x_wconf 88' lang='lat' dir='ltr'><strong>ea</strong></span> <span class='ocrx_word' id='word_1_151' title='bbox 742 2421 1012 2485; x_wconf 86' lang='lat' dir='ltr'><strong>fuerunt</strong></span> <span class='ocrx_word' id='word_1_152' title='bbox 1077 2420 1432 2497; x_wconf 88' lang='lat' dir='ltr'><strong>sententia,</strong></span> <span class='ocrx_word' id='word_1_153' title='bbox 1510 2420 1837 2484; x_wconf 87' lang='lat' dir='ltr'><strong>neminem</strong></span> <span class='ocrx_word' id='word_1_154' title='bbox 1909 2418 2242 2500; x_wconf 81' lang='lat' dir='ltr'><strong>religionis</strong></span> 
     </span>
     <span class='ocr_line' id='line_1_25' title="bbox 281 2503 2243 2591; baseline -0.002 -20"><span class='ocrx_word' id='word_1_155' title='bbox 281 2526 481 2571; x_wconf 81' lang='lat' dir='ltr'><strong>eausa</strong></span> <span class='ocrx_word' id='word_1_156' title='bbox 517 2527 638 2572; x_wconf 90' lang='lat' dir='ltr'><strong>nec</strong></span> <span class='ocrx_word' id='word_1_157' title='bbox 676 2505 1044 2591; x_wconf 90' lang='lat' dir='ltr'><strong>urgendum</strong></span> <span class='ocrx_word' id='word_1_158' title='bbox 1083 2526 1203 2572; x_wconf 90' lang='lat' dir='ltr'><strong>nec</strong></span> <span class='ocrx_word' id='word_1_159' title='bbox 1234 2504 1635 2571; x_wconf 87' lang='lat' dir='ltr'><strong>caedendum</strong></span> <span class='ocrx_word' id='word_1_160' title='bbox 1674 2526 1833 2581; x_wconf 87' lang='lat' dir='ltr'><strong>esse,</strong></span> <span class='ocrx_word' id='word_1_161' title='bbox 1872 2503 1985 2569; x_wconf 88' lang='lat' dir='ltr'><strong>sed</strong></span> <span class='ocrx_word' id='word_1_162' title='bbox 2016 2523 2243 2586; x_wconf 88' lang='lat' dir='ltr'><strong>quem-</strong></span> 
     </span>
     <span class='ocr_line' id='line_1_26' title="bbox 280 2588 2245 2676; baseline -0.003 -17"><span class='ocrx_word' id='word_1_163' title='bbox 280 2592 442 2659; x_wconf 85' lang='lat' dir='ltr'><strong>h&#39;bet</strong></span> <span class='ocrx_word' id='word_1_164' title='bbox 483 2612 604 2657; x_wconf 93' lang='lat' dir='ltr'><strong>suo</strong></span> <span class='ocrx_word' id='word_1_165' title='bbox 646 2589 1101 2676; x_wconf 88' lang='lat' dir='ltr'><strong>reliquendum</strong></span> <span class='ocrx_word' id='word_1_166' title='bbox 1148 2591 1443 2668; x_wconf 88' lang='lat' dir='ltr'><strong>arbitrio,</strong></span> <span class='ocrx_word' id='word_1_167' title='bbox 1503 2590 1569 2655; x_wconf 94' lang='lat' dir='ltr'><strong>id</strong></span> <span class='ocrx_word' id='word_1_168' title='bbox 1615 2611 1807 2673; x_wconf 90' lang='lat' dir='ltr'><strong>quam</strong></span> <span class='ocrx_word' id='word_1_169' title='bbox 1857 2592 1944 2655; x_wconf 91' lang='lat' dir='ltr'><strong>sit</strong></span> <span class='ocrx_word' id='word_1_170' title='bbox 1988 2610 2026 2653; x_wconf 89' lang='lat' dir='ltr'><strong>a</strong></span> <span class='ocrx_word' id='word_1_171' title='bbox 2072 2588 2245 2655; x_wconf 84' lang='lat' dir='ltr'><strong>veri·</strong></span> 
     </span>
     <span class='ocr_line' id='line_1_27' title="bbox 280 2674 2241 2759; baseline -0.002 -16"><span class='ocrx_word' id='word_1_172' title='bbox 280 2690 417 2743; x_wconf 79' lang='lat' dir='ltr'><strong>tate</strong></span> <span class='ocrx_word' id='word_1_173' title='bbox 488 2677 814 2755; x_wconf 87' lang='lat' dir='ltr'><strong>alienum,</strong></span> <span class='ocrx_word' id='word_1_174' title='bbox 896 2676 1165 2743; x_wconf 82' lang='lat' dir='ltr'><strong>brevius</strong></span> <span class='ocrx_word' id='word_1_175' title='bbox 1230 2698 1305 2743; x_wconf 89' lang='lat' dir='ltr'><strong>ac</strong></span> <span class='ocrx_word' id='word_1_176' title='bbox 1370 2676 1513 2742; x_wconf 86' lang='lat' dir='ltr'><strong>fieri</strong></span> <span class='ocrx_word' id='word_1_177' title='bbox 1580 2677 1819 2759; x_wconf 90' lang='lat' dir='ltr'><strong>poterit</strong></span> <span class='ocrx_word' id='word_1_178' title='bbox 1882 2674 2241 2741; x_wconf 77' lang='lat' dir='ltr'><strong>declarabo,</strong></span> 
     </span>
     <span class='ocr_line' id='line_1_28' title="bbox 280 2759 2242 2846; baseline -0.003 -18"><span class='ocrx_word' id='word_1_179' title='bbox 280 2763 526 2828; x_wconf 81' lang='lat' dir='ltr'><strong>Daniel</strong></span> <span class='ocrx_word' id='word_1_180' title='bbox 573 2768 630 2827; x_wconf 83' lang='lat'><strong>3.</strong></span> <span class='ocrx_word' id='word_1_181' title='bbox 680 2772 899 2829; x_wconf 79' lang='lat' dir='ltr'><strong>exstat</strong></span> <span class='ocrx_word' id='word_1_182' title='bbox 939 2763 1195 2828; x_wconf 82' lang='lat' dir='ltr'><strong>illustre</strong></span> <span class='ocrx_word' id='word_1_183' title='bbox 1237 2762 1612 2846; x_wconf 86' lang='lat' dir='ltr'><strong>exemplum</strong></span> <span class='ocrx_word' id='word_1_184' title='bbox 1671 2762 1850 2846; x_wconf 89' lang='lat' dir='ltr'><strong>regis</strong></span> <span class='ocrx_word' id='word_1_185' title='bbox 1894 2759 2242 2827; x_wconf 89' lang='lat' dir='ltr'><strong>Nabucho-</strong></span> 
     </span>
     <span class='ocr_line' id='line_1_29' title="bbox 282 2846 2244 2932; baseline -0.003 -19"><span class='ocrx_word' id='word_1_186' title='bbox 282 2851 538 2915; x_wconf 87' lang='lat' dir='ltr'><strong>nosoris</strong></span> <span class='ocrx_word' id='word_1_187' title='bbox 564 2854 598 2887; x_wconf 71' lang='lat'><strong>⁶</strong></span> <span class='ocrx_word' id='word_1_188' title='bbox 640 2850 755 2932; x_wconf 90' lang='lat' dir='ltr'><strong>qui</strong></span> <span class='ocrx_word' id='word_1_189' title='bbox 789 2849 1000 2915; x_wconf 81' lang='lat' dir='ltr'><strong>edicto</strong></span> <span class='ocrx_word' id='word_1_190' title='bbox 1034 2858 1223 2915; x_wconf 87' lang='lat' dir='ltr'><strong>cavet</strong></span> <span class='ocrx_word' id='word_1_191' title='bbox 1260 2871 1342 2914; x_wconf 89' lang='lat' dir='ltr'><strong>ne</strong></span> <span class='ocrx_word' id='word_1_192' title='bbox 1379 2848 1525 2932; x_wconf 92' lang='lat' dir='ltr'><strong>quis</strong></span> <span class='ocrx_word' id='word_1_193' title='bbox 1561 2847 1736 2915; x_wconf 91' lang='lat' dir='ltr'><strong>dicat</strong></span> <span class='ocrx_word' id='word_1_194' title='bbox 1770 2846 2244 2931; x_wconf 83' lang='lat' dir='ltr'><strong>blasphemiam</strong></span> 
     </span>
     <span class='ocr_line' id='line_1_30' title="bbox 280 2932 2244 3016; baseline -0.003 -14"><span class='ocrx_word' id='word_1_195' title='bbox 280 2945 515 3002; x_wconf 87' lang='lat' dir='ltr'><strong>eontra</strong></span> <span class='ocrx_word' id='word_1_196' title='bbox 561 2935 782 3000; x_wconf 89' lang='lat' dir='ltr'><strong>Deum</strong></span> <span class='ocrx_word' id='word_1_197' title='bbox 826 2934 1051 3001; x_wconf 90' lang='lat' dir='ltr'><strong>Israel.</strong></span> <span class='ocrx_word' id='word_1_198' title='bbox 1119 2936 1291 3001; x_wconf 90' lang='lat' dir='ltr'><strong>Item</strong></span> <span class='ocrx_word' id='word_1_199' title='bbox 1336 2935 1617 3001; x_wconf 89' lang='lat' dir='ltr'><strong>Levitici</strong></span> <span class='ocrx_word' id='word_1_200' title='bbox 1655 2935 1776 2998; x_wconf 83' lang='lat'><strong>24⁰</strong></span> <span class='ocrx_word' id='word_1_201' title='bbox 1818 2932 2244 3016; x_wconf 85' lang='lat' dir='ltr'><strong>blasphemus</strong></span> 
     </span>
     <span class='ocr_line' id='line_1_31' title="bbox 280 3018 2245 3104; baseline -0.003 -17"><span class='ocrx_word' id='word_1_202' title='bbox 280 3021 699 3087; x_wconf 83' lang='lat' dir='ltr'><strong>interficitur.</strong></span> <span class='ocrx_word' id='word_1_203' title='bbox 813 3020 1073 3088; x_wconf 86' lang='lat' dir='ltr'><strong>Rursus</strong></span> <span class='ocrx_word' id='word_1_204' title='bbox 1130 3022 1443 3087; x_wconf 80' lang='lat' dir='ltr'><strong>Demere.</strong></span> <span class='ocrx_word' id='word_1_205' title='bbox 1502 3025 1593 3085; x_wconf 87' lang='lat'><strong>13.</strong></span> <span class='ocrx_word' id='word_1_206' title='bbox 1670 3018 2245 3104; x_wconf 86' lang='lat' dir='ltr'><strong>pseudopropheta</strong></span> 
     </span>
     <span class='ocr_line' id='line_1_32' title="bbox 283 3106 2244 3192; baseline -0.002 -18"><span class='ocrx_word' id='word_1_207' title='bbox 283 3117 349 3174; x_wconf 84' lang='lat' dir='ltr'><strong>et</strong></span> <span class='ocrx_word' id='word_1_208' title='bbox 384 3109 497 3191; x_wconf 90' lang='lat' dir='ltr'><strong>qui</strong></span> <span class='ocrx_word' id='word_1_209' title='bbox 530 3107 678 3192; x_wconf 88' lang='lat' dir='ltr'><strong>pios</strong></span> <span class='ocrx_word' id='word_1_210' title='bbox 713 3129 754 3173; x_wconf 91' lang='lat' dir='ltr'><strong>a</strong></span> <span class='ocrx_word' id='word_1_211' title='bbox 786 3129 947 3173; x_wconf 84' lang='lat' dir='ltr'><strong>vero</strong></span> <span class='ocrx_word' id='word_1_212' title='bbox 981 3108 1087 3173; x_wconf 90' lang='lat' dir='ltr'><strong>dei</strong></span> <span class='ocrx_word' id='word_1_213' title='bbox 1123 3106 1303 3173; x_wconf 86' lang='lat' dir='ltr'><strong>cultu</strong></span> <span class='ocrx_word' id='word_1_214' title='bbox 1340 3115 1556 3173; x_wconf 89' lang='lat' dir='ltr'><strong>tentat</strong></span> <span class='ocrx_word' id='word_1_215' title='bbox 1590 3107 1913 3172; x_wconf 85' lang='lat' dir='ltr'><strong>abducere</strong></span> <span class='ocrx_word' id='word_1_216' title='bbox 1936 3106 2244 3170; x_wconf 88' lang='lat' dir='ltr'><strong>iubentur</strong></span> 
     </span>
     <span class='ocr_line' id='line_1_33' title="bbox 281 3190 2243 3277; baseline -0.003 -16"><span class='ocrx_word' id='word_1_217' title='bbox 281 3194 519 3261; x_wconf 83' lang='lat' dir='ltr'><strong>occidi:</strong></span> <span class='ocrx_word' id='word_1_218' title='bbox 580 3203 647 3259; x_wconf 91' lang='lat' dir='ltr'><strong>et</strong></span> <span class='ocrx_word' id='word_1_219' title='bbox 702 3193 941 3259; x_wconf 88' lang='lat' dir='ltr'><strong>ibidem</strong></span> <span class='ocrx_word' id='word_1_220' title='bbox 996 3199 1088 3257; x_wconf 88' lang='grc'><strong>17.</strong></span> <span class='ocrx_word' id='word_1_221' title='bbox 1150 3215 1359 3277; x_wconf 88' lang='lat' dir='ltr'><strong>poena</strong></span> <span class='ocrx_word' id='word_1_222' title='bbox 1415 3195 1646 3259; x_wconf 86' lang='lat' dir='ltr'><strong>mortis</strong></span> <span class='ocrx_word' id='word_1_223' title='bbox 1705 3195 1772 3257; x_wconf 92' lang='lat' dir='ltr'><strong>in</strong></span> <span class='ocrx_word' id='word_1_224' title='bbox 1833 3190 2243 3257; x_wconf 86' lang='lat' dir='ltr'><strong>idololatram</strong></span> 
     </span>
     <span class='ocr_line' id='line_1_34' title="bbox 282 3277 2245 3364; baseline -0.003 -17"><span class='ocrx_word' id='word_1_225' title='bbox 282 3281 620 3347; x_wconf 82' lang='lat' dir='ltr'><strong>statuitur.</strong></span> <span class='ocrx_word' id='word_1_226' title='bbox 690 3277 824 3346; x_wconf 81' lang='lat' dir='ltr'><strong>Sed</strong></span> <span class='ocrx_word' id='word_1_227' title='bbox 863 3279 1016 3364; x_wconf 89' lang='lat' dir='ltr'><strong>quid</strong></span> <span class='ocrx_word' id='word_1_228' title='bbox 1063 3281 1132 3344; x_wconf 91' lang='lat' dir='ltr'><strong>in</strong></span> <span class='ocrx_word' id='word_1_229' title='bbox 1172 3292 1304 3345; x_wconf 92' lang='lat' dir='ltr'><strong>tam</strong></span> <span class='ocrx_word' id='word_1_230' title='bbox 1341 3289 1569 3346; x_wconf 84' lang='lat' dir='ltr'><strong>exacta</strong></span> <span class='ocrx_word' id='word_1_231' title='bbox 1604 3279 1889 3361; x_wconf 89' lang='lat' dir='ltr'><strong>capitum</strong></span> <span class='ocrx_word' id='word_1_232' title='bbox 1935 3277 2245 3343; x_wconf 83' lang='lat' dir='ltr'><strong>citatione</strong></span> 
     </span>
     <span class='ocr_line' id='line_1_35' title="bbox 280 3362 2246 3451; baseline -0.003 -19"><span class='ocrx_word' id='word_1_233' title='bbox 280 3367 529 3433; x_wconf 81' lang='lat' dir='ltr'><strong>frustra</strong></span> <span class='ocrx_word' id='word_1_234' title='bbox 564 3387 673 3432; x_wconf 86' lang='lat' dir='ltr'><strong>me</strong></span> <span class='ocrx_word' id='word_1_235' title='bbox 708 3365 933 3451; x_wconf 81' lang='lat' dir='ltr'><strong>fatigo,</strong></span> <span class='ocrx_word' id='word_1_236' title='bbox 980 3386 1178 3449; x_wconf 88' lang='lat' dir='ltr'><strong>quum</strong></span> <span class='ocrx_word' id='word_1_237' title='bbox 1217 3367 1289 3430; x_wconf 91' lang='lat' dir='ltr'><strong>in</strong></span> <span class='ocrx_word' id='word_1_238' title='bbox 1332 3367 1539 3431; x_wconf 79' lang='lat' dir='ltr'><strong>veteri</strong></span> <span class='ocrx_word' id='word_1_239' title='bbox 1582 3375 1972 3431; x_wconf 87' lang='lat' dir='ltr'><strong>testamento</strong></span> <span class='ocrx_word' id='word_1_240' title='bbox 2004 3362 2246 3428; x_wconf 88' lang='lat' dir='ltr'><strong>similia</strong></span> 
     </span>
     <span class='ocr_line' id='line_1_36' title="bbox 282 3449 2247 3536; baseline -0.002 -18"><span class='ocrx_word' id='word_1_241' title='bbox 282 3453 525 3536; x_wconf 80' lang='lat' dir='ltr'><strong>passim</strong></span> <span class='ocrx_word' id='word_1_242' title='bbox 605 3459 869 3518; x_wconf 81' lang='lat' dir='ltr'><strong>exstent</strong></span> <span class='ocrx_word' id='word_1_243' title='bbox 935 3451 1283 3534; x_wconf 83' lang='lat' dir='ltr'><strong>exempla?</strong></span> <span class='ocrx_word' id='word_1_244' title='bbox 1394 3452 1476 3517; x_wconf 90' lang='lat' dir='ltr'><strong>In</strong></span> <span class='ocrx_word' id='word_1_245' title='bbox 1546 3451 1987 3518; x_wconf 87' lang='lat' dir='ltr'><strong>Numerorum</strong></span> <span class='ocrx_word' id='word_1_246' title='bbox 2078 3449 2247 3514; x_wconf 78' lang='lat' dir='ltr'><strong>libro</strong></span> 
     </span>
     <span class='ocr_line' id='line_1_37' title="bbox 280 3533 2246 3623; baseline -0.002 -20"><span class='ocrx_word' id='word_1_247' title='bbox 280 3539 514 3604; x_wconf 85' lang='lat' dir='ltr'><strong>mortis</strong></span> <span class='ocrx_word' id='word_1_248' title='bbox 573 3539 861 3603; x_wconf 83' lang='lat' dir='ltr'><strong>afficitur</strong></span> <span class='ocrx_word' id='word_1_249' title='bbox 934 3539 1251 3623; x_wconf 88' lang='lat' dir='ltr'><strong>supplicio</strong></span> <span class='ocrx_word' id='word_1_250' title='bbox 1309 3538 1420 3621; x_wconf 90' lang='lat' dir='ltr'><strong>qui</strong></span> <span class='ocrx_word' id='word_1_251' title='bbox 1494 3537 1876 3622; x_wconf 88' lang='lat' dir='ltr'><strong>religionem</strong></span> <span class='ocrx_word' id='word_1_252' title='bbox 1947 3533 2246 3601; x_wconf 82' lang='lat' dir='ltr'><strong>sabbathi</strong></span> 
     </span>
     <span class='ocr_line' id='line_1_38' title="bbox 280 3620 2245 3707; baseline -0.003 -17"><span class='ocrx_word' id='word_1_253' title='bbox 280 3625 579 3691; x_wconf 83' lang='lat' dir='ltr'><strong>violarat.</strong></span> <span class='ocrx_word' id='word_1_254' title='bbox 647 3623 1006 3690; x_wconf 85' lang='lat' dir='ltr'><strong>Praeterea</strong></span> <span class='ocrx_word' id='word_1_255' title='bbox 1040 3624 1149 3707; x_wconf 90' lang='lat' dir='ltr'><strong>qui</strong></span> <span class='ocrx_word' id='word_1_256' title='bbox 1188 3630 1447 3690; x_wconf 85' lang='lat' dir='ltr'><strong>autores</strong></span> <span class='ocrx_word' id='word_1_257' title='bbox 1487 3623 1749 3688; x_wconf 85' lang='lat' dir='ltr'><strong>fuerant</strong></span> <span class='ocrx_word' id='word_1_258' title='bbox 1771 3632 1912 3687; x_wconf 89' lang='lat' dir='ltr'><strong>tum</strong></span> <span class='ocrx_word' id='word_1_259' title='bbox 1949 3620 2245 3706; x_wconf 85' lang='lat' dir='ltr'><strong>erigendi</strong></span> 
     </span>
     <span class='ocr_line' id='line_1_39' title="bbox 280 3706 2246 3794; baseline -0.004 -16"><span class='ocrx_word' id='word_1_260' title='bbox 280 3723 427 3778; x_wconf 85' lang='lat' dir='ltr'><strong>tum</strong></span> <span class='ocrx_word' id='word_1_261' title='bbox 484 3707 743 3776; x_wconf 89' lang='lat' dir='ltr'><strong>colendi</strong></span> <span class='ocrx_word' id='word_1_262' title='bbox 802 3709 992 3775; x_wconf 79' lang='lat' dir='ltr'><strong>vituli</strong></span> <span class='ocrx_word' id='word_1_263' title='bbox 1062 3707 1280 3794; x_wconf 88' lang='lat' dir='ltr'><strong>gladio</strong></span> <span class='ocrx_word' id='word_1_264' title='bbox 1351 3708 1610 3775; x_wconf 87' lang='lat' dir='ltr'><strong>cadunt.</strong></span> <span class='ocrx_word' id='word_1_265' title='bbox 1712 3706 1894 3790; x_wconf 81' lang='lat' dir='ltr'><strong>Quid</strong></span> <span class='ocrx_word' id='word_1_266' title='bbox 1944 3708 2119 3790; x_wconf 89' lang='lat' dir='ltr'><strong>quod</strong></span> <span class='ocrx_word' id='word_1_267' title='bbox 2178 3717 2246 3772; x_wconf 88' lang='lat' dir='ltr'><strong>et</strong></span> 
     </span>
     <span class='ocr_line' id='line_1_40' title="bbox 282 3794 2244 3879; baseline -0.002 -17"><span class='ocrx_word' id='word_1_268' title='bbox 282 3797 469 3863; x_wconf 78' lang='lat' dir='ltr'><strong>Elias</strong></span> <span class='ocrx_word' id='word_1_269' title='bbox 540 3795 871 3879; x_wconf 88' lang='lat' dir='ltr'><strong>propheta</strong></span> <span class='ocrx_word' id='word_1_270' title='bbox 933 3805 1159 3861; x_wconf 84' lang='lat' dir='ltr'><strong>tantus</strong></span> <span class='ocrx_word' id='word_1_271' title='bbox 1226 3798 1293 3860; x_wconf 91' lang='lat' dir='ltr'><strong>in</strong></span> <span class='ocrx_word' id='word_1_272' title='bbox 1361 3815 1777 3860; x_wconf 88' lang='lat' dir='ltr'><strong>numerosam</strong></span> <span class='ocrx_word' id='word_1_273' title='bbox 1847 3794 2244 3877; x_wconf 87' lang='lat' dir='ltr'><strong>pseudopro·</strong></span> 
     </span>
     <span class='ocr_line' id='line_1_41' title="bbox 282 3879 2245 3966; baseline -0.002 -19"><span class='ocrx_word' id='word_1_274' title='bbox 282 3882 634 3966; x_wconf 64' lang='lat' dir='ltr'><strong>phemrum</strong></span> <span class='ocrx_word' id='word_1_275' title='bbox 680 3882 945 3947; x_wconf 88' lang='lat' dir='ltr'><strong>turbam</strong></span> <span class='ocrx_word' id='word_1_276' title='bbox 990 3882 1235 3947; x_wconf 85' lang='lat' dir='ltr'><strong>ferrum</strong></span> <span class='ocrx_word' id='word_1_277' title='bbox 1272 3880 1586 3966; x_wconf 76' lang='lat' dir='ltr'><strong>stringit?</strong></span> <span class='ocrx_word' id='word_1_278' title='bbox 1664 3880 1899 3944; x_wconf 87' lang='lat' dir='ltr'><strong>Nonne</strong></span> <span class='ocrx_word' id='word_1_279' title='bbox 1927 3893 1993 3944; x_wconf 87' lang='lat' dir='ltr'><strong>et</strong></span> <span class='ocrx_word' id='word_1_280' title='bbox 2019 3879 2245 3944; x_wconf 89' lang='lat' dir='ltr'><strong>Ioiada</strong></span> 
     </span>
     <span class='ocr_line' id='line_1_42' title="bbox 284 3964 2244 4047; baseline -0.002 -12"><span class='ocrx_word' id='word_1_281' title='bbox 284 3967 587 4035; x_wconf 85' lang='lat' dir='ltr'><strong>sacerdos</strong></span> <span class='ocrx_word' id='word_1_282' title='bbox 636 3967 973 4034; x_wconf 84' lang='lat' dir='ltr'><strong>Athaliam</strong></span> <span class='ocrx_word' id='word_1_283' title='bbox 1033 3965 1399 4032; x_wconf 76' lang='lat' dir='ltr'><strong>interimit?</strong></span> <span class='ocrx_word' id='word_1_284' title='bbox 1489 3967 1581 4033; x_wconf 86' lang='lat' dir='ltr'><strong>Et</strong></span> <span class='ocrx_word' id='word_1_285' title='bbox 1624 3976 1697 4031; x_wconf 88' lang='lat' dir='ltr'><strong>ut</strong></span> <span class='ocrx_word' id='word_1_286' title='bbox 1744 3966 1845 4031; x_wconf 87' lang='lat' dir='ltr'><strong>his</strong></span> <span class='ocrx_word' id='word_1_287' title='bbox 1895 3964 2244 4047; x_wconf 87' lang='lat' dir='ltr'><strong>aliquando</strong></span> 
     </span>
     <span class='ocr_line' id='line_1_43' title="bbox 284 4050 2239 4138; baseline -0.003 -18"><span class='ocrx_word' id='word_1_288' title='bbox 284 4056 485 4121; x_wconf 84' lang='lat' dir='ltr'><strong>finem</strong></span> <span class='ocrx_word' id='word_1_289' title='bbox 528 4055 885 4138; x_wconf 86' lang='lat' dir='ltr'><strong>imponam,</strong></span> <span class='ocrx_word' id='word_1_290' title='bbox 929 4053 1135 4120; x_wconf 61' lang='lat' dir='ltr'><strong>Iomas</strong></span> <span class='ocrx_word' id='word_1_291' title='bbox 1178 4075 1297 4118; x_wconf 81' lang='lat' dir='ltr'><strong>rex</strong></span> <span class='ocrx_word' id='word_1_292' title='bbox 1340 4053 1515 4118; x_wconf 88' lang='lat' dir='ltr'><strong>inter</strong></span> <span class='ocrx_word' id='word_1_293' title='bbox 1549 4053 1690 4137; x_wconf 92' lang='lat' dir='ltr'><strong>pios</strong></span> <span class='ocrx_word' id='word_1_294' title='bbox 1732 4052 2059 4134; x_wconf 85' lang='lat' dir='ltr'><strong>principes</strong></span> <span class='ocrx_word' id='word_1_295' title='bbox 2102 4050 2239 4115; x_wconf 90' lang='lat' dir='ltr'><strong>lau·</strong></span> 
     </span>
     <span class='ocr_line' id='line_1_44' title="bbox 285 4140 2246 4222; baseline -0.003 -16"><span class='ocrx_word' id='word_1_296' title='bbox 285 4140 686 4218; x_wconf 71' lang='lat' dir='ltr'><strong>(latissimus,</strong></span> <span class='ocrx_word' id='word_1_297' title='bbox 731 4140 1101 4205; x_wconf 84' lang='lat' dir='ltr'><strong>sacerdotes</strong></span> <span class='ocrx_word' id='word_1_298' title='bbox 1146 4140 1551 4204; x_wconf 86' lang='lat' dir='ltr'><strong>excelsorum</strong></span> <span class='ocrx_word' id='word_1_299' title='bbox 1596 4140 1950 4222; x_wconf 89' lang='lat' dir='ltr'><strong>sacrilegos</strong></span> <span class='ocrx_word' id='word_1_300' title='bbox 1993 4147 2060 4203; x_wconf 90' lang='lat' dir='ltr'><strong>et</strong></span> <span class='ocrx_word' id='word_1_301' title='bbox 2101 4157 2246 4221; x_wconf 90' lang='lat' dir='ltr'><strong>per-</strong></span> 
     </span>
     <span class='ocr_line' id='line_1_45' title="bbox 286 4222 2244 4306; baseline -0.002 -14"><span class='ocrx_word' id='word_1_302' title='bbox 286 4228 541 4293; x_wconf 80' lang='lat' dir='ltr'><strong>vicaces</strong></span> <span class='ocrx_word' id='word_1_303' title='bbox 580 4245 811 4291; x_wconf 89' lang='lat' dir='ltr'><strong>omnes</strong></span> <span class='ocrx_word' id='word_1_304' title='bbox 854 4226 937 4291; x_wconf 86' lang='lat' dir='ltr'><strong>ad</strong></span> <span class='ocrx_word' id='word_1_305' title='bbox 983 4247 1188 4290; x_wconf 90' lang='lat' dir='ltr'><strong>unum</strong></span> <span class='ocrx_word' id='word_1_306' title='bbox 1232 4224 1678 4291; x_wconf 86' lang='lat' dir='ltr'><strong>internecione</strong></span> <span class='ocrx_word' id='word_1_307' title='bbox 1722 4224 1984 4290; x_wconf 79' lang='lat' dir='ltr'><strong>delevit.</strong></span> <span class='ocrx_word' id='word_1_308' title='bbox 2049 4222 2244 4306; x_wconf 83' lang='lat' dir='ltr'><strong>Quod</strong></span> 
     </span>
     <span class='ocr_line' id='line_1_46' title="bbox 285 4308 2247 4482; baseline -0.002 -17"><span class='ocrx_word' id='word_1_309' title='bbox 285 4308 2247 4482; x_wconf 38' lang='lat' dir='ltr'><strong>{tentasses&amp;sinestra-assatis</strong></span> 
     </span>
     <span class='ocr_line' id='line_1_47' title="bbox 292 4481 2245 4569; baseline -0.002 -19"><span class='ocrx_word' id='word_1_310' title='bbox 292 4484 682 4569; x_wconf 72' lang='lat' dir='ltr'><strong>religionem</strong></span> <span class='ocrx_word' id='word_1_311' title='bbox 721 4495 932 4548; x_wconf 87' lang='lat' dir='ltr'><strong>morte</strong></span> <span class='ocrx_word' id='word_1_312' title='bbox 957 4484 1331 4566; x_wconf 83' lang='lat' dir='ltr'><strong>prosternit.</strong></span> <span class='ocrx_word' id='word_1_313' title='bbox 1396 4482 1646 4548; x_wconf 89' lang='lat' dir='ltr'><strong>Paulus</strong></span> <span class='ocrx_word' id='word_1_314' title='bbox 1667 4481 1955 4547; x_wconf 83' lang='lat' dir='ltr'><strong>Elimam</strong></span> <span class='ocrx_word' id='word_1_315' title='bbox 1978 4502 2245 4564; x_wconf 86' lang='lat' dir='ltr'><strong>magum</strong></span> 
     </span>
     <span class='ocr_line' id='line_1_48' title="bbox 294 4566 2248 4652; baseline -0.001 -17"><span class='ocrx_word' id='word_1_316' title='bbox 294 4579 504 4637; x_wconf 76' lang='lat' dir='ltr'><strong>rectas</strong></span> <span class='ocrx_word' id='word_1_317' title='bbox 571 4568 845 4635; x_wconf 88' lang='lat' dir='ltr'><strong>Domini</strong></span> <span class='ocrx_word' id='word_1_318' title='bbox 910 4570 1051 4636; x_wconf 83' lang='lat' dir='ltr'><strong>vias</strong></span> <span class='ocrx_word' id='word_1_319' title='bbox 1146 4578 1629 4652; x_wconf 79' lang='lat' dir='ltr'><strong>pervertentem</strong></span> <span class='ocrx_word' id='word_1_320' title='bbox 1709 4566 2045 4632; x_wconf 87' lang='lat' dir='ltr'><strong>oculorum</strong></span> <span class='ocrx_word' id='word_1_321' title='bbox 2123 4589 2248 4633; x_wconf 88' lang='lat' dir='ltr'><strong>usu</strong></span> 
     </span>
     <span class='ocr_line' id='line_1_49' title="bbox 292 4651 2249 4740; baseline -0.003 -18"><span class='ocrx_word' id='word_1_322' title='bbox 292 4657 528 4740; x_wconf 74' lang='lat' dir='ltr'><strong>privat.</strong></span> <span class='ocrx_word' id='word_1_323' title='bbox 619 4653 758 4721; x_wconf 83' lang='lat' dir='ltr'><strong>Nec</strong></span> <span class='ocrx_word' id='word_1_324' title='bbox 803 4665 904 4721; x_wconf 90' lang='lat' dir='ltr'><strong>est</strong></span> <span class='ocrx_word' id='word_1_325' title='bbox 959 4652 1132 4739; x_wconf 92' lang='lat' dir='ltr'><strong>qnod</strong></span> <span class='ocrx_word' id='word_1_326' title='bbox 1186 4653 1365 4722; x_wconf 91' lang='lat' dir='ltr'><strong>dicas</strong></span> <span class='ocrx_word' id='word_1_327' title='bbox 1419 4676 1528 4722; x_wconf 90' lang='lat' dir='ltr'><strong>eos</strong></span> <span class='ocrx_word' id='word_1_328' title='bbox 1587 4654 1669 4720; x_wconf 90' lang='lat' dir='ltr'><strong>ad</strong></span> <span class='ocrx_word' id='word_1_329' title='bbox 1715 4653 1781 4719; x_wconf 92' lang='lat' dir='ltr'><strong>id</strong></span> <span class='ocrx_word' id='word_1_330' title='bbox 1828 4651 2048 4738; x_wconf 86' lang='lat' dir='ltr'><strong>gladio</strong></span> <span class='ocrx_word' id='word_1_331' title='bbox 2093 4673 2249 4718; x_wconf 87' lang='lat' dir='ltr'><strong>usos</strong></span> 
     </span>
     <span class='ocr_line' id='line_1_50' title="bbox 290 4738 2246 4823; baseline -0.002 -15"><span class='ocrx_word' id='word_1_332' title='bbox 290 4763 426 4808; x_wconf 89' lang='lat' dir='ltr'><strong>non</strong></span> <span class='ocrx_word' id='word_1_333' title='bbox 469 4742 691 4808; x_wconf 80' lang='lat' dir='ltr'><strong>fuisse.</strong></span> <span class='ocrx_word' id='word_1_334' title='bbox 780 4739 957 4822; x_wconf 74' lang='lat' dir='ltr'><strong>Quid</strong></span> <span class='ocrx_word' id='word_1_335' title='bbox 1002 4741 1177 4808; x_wconf 91' lang='lat' dir='ltr'><strong>enim</strong></span> <span class='ocrx_word' id='word_1_336' title='bbox 1237 4741 1437 4806; x_wconf 85' lang='lat' dir='ltr'><strong>refert</strong></span> <span class='ocrx_word' id='word_1_337' title='bbox 1490 4761 1578 4806; x_wconf 87' lang='lat' dir='ltr'><strong>an</strong></span> <span class='ocrx_word' id='word_1_338' title='bbox 1620 4741 1769 4823; x_wconf 91' lang='lat' dir='ltr'><strong>quis</strong></span> <span class='ocrx_word' id='word_1_339' title='bbox 1809 4738 2029 4822; x_wconf 90' lang='lat' dir='ltr'><strong>gladic</strong></span> <span class='ocrx_word' id='word_1_340' title='bbox 2072 4741 2246 4822; x_wconf 88' lang='lat' dir='ltr'><strong>peri-</strong></span> 
     </span>
     <span class='ocr_line' id='line_1_51' title="bbox 290 4826 2248 4911; baseline -0.002 -17"><span class='ocrx_word' id='word_1_341' title='bbox 290 4835 512 4894; x_wconf 82' lang='lat' dir='ltr'><strong>matur</strong></span> <span class='ocrx_word' id='word_1_342' title='bbox 566 4848 657 4893; x_wconf 85' lang='lat' dir='ltr'><strong>an</strong></span> <span class='ocrx_word' id='word_1_343' title='bbox 719 4828 968 4906; x_wconf 83' lang='lat' dir='ltr'><strong>verbis,</strong></span> <span class='ocrx_word' id='word_1_344' title='bbox 1034 4828 1248 4893; x_wconf 84' lang='lat' dir='ltr'><strong>aliove</strong></span> <span class='ocrx_word' id='word_1_345' title='bbox 1303 4827 1539 4911; x_wconf 79' lang='lat' dir='ltr'><strong>quovis</strong></span> <span class='ocrx_word' id='word_1_346' title='bbox 1596 4826 2060 4903; x_wconf 85' lang='lat' dir='ltr'><strong>instrumento,</strong></span> <span class='ocrx_word' id='word_1_347' title='bbox 2133 4835 2248 4890; x_wconf 84' lang='lat' dir='ltr'><strong>aut</strong></span> 
     </span>
     <span class='ocr_line' id='line_1_52' title="bbox 290 4909 2247 4998; baseline -0.003 -19"><span class='ocrx_word' id='word_1_348' title='bbox 290 4913 489 4979; x_wconf 85' lang='lat' dir='ltr'><strong>etiam</strong></span> <span class='ocrx_word' id='word_1_349' title='bbox 532 4934 662 4997; x_wconf 90' lang='lat' dir='ltr'><strong>quo</strong></span> <span class='ocrx_word' id='word_1_350' title='bbox 705 4914 938 4979; x_wconf 88' lang='lat' dir='ltr'><strong>mortis</strong></span> <span class='ocrx_word' id='word_1_351' title='bbox 980 4933 1221 4998; x_wconf 88' lang='lat' dir='ltr'><strong>genere</strong></span> <span class='ocrx_word' id='word_1_352' title='bbox 1265 4911 1503 4979; x_wconf 81' lang='lat' dir='ltr'><strong>cadat?</strong></span> <span class='ocrx_word' id='word_1_353' title='bbox 1568 4911 1803 4993; x_wconf 88' lang='lat' dir='ltr'><strong>Itaque</strong></span> <span class='ocrx_word' id='word_1_354' title='bbox 1844 4909 2015 4992; x_wconf 86' lang='lat' dir='ltr'><strong>qnod</strong></span> <span class='ocrx_word' id='word_1_355' title='bbox 2061 4909 2247 4976; x_wconf 87' lang='lat' dir='ltr'><strong>Deus</strong></span> 
     </span>
     <span class='ocr_line' id='line_1_53' title="bbox 288 4997 2247 5084; baseline -0.003 -18"><span class='ocrx_word' id='word_1_356' title='bbox 288 5014 449 5066; x_wconf 76' lang='lat' dir='ltr'><strong>tunc</strong></span> <span class='ocrx_word' id='word_1_357' title='bbox 492 5020 615 5084; x_wconf 83' lang='lat' dir='ltr'><strong>per</strong></span> <span class='ocrx_word' id='word_1_358' title='bbox 658 4998 983 5084; x_wconf 84' lang='lat' dir='ltr'><strong>apostolos</strong></span> <span class='ocrx_word' id='word_1_359' title='bbox 1017 4999 1153 5083; x_wconf 90' lang='lat' dir='ltr'><strong>egit</strong></span> <span class='ocrx_word' id='word_1_360' title='bbox 1196 4997 1367 5065; x_wconf 90' lang='lat' dir='ltr'><strong>idem</strong></span> <span class='ocrx_word' id='word_1_361' title='bbox 1406 5020 1581 5066; x_wconf 89' lang='lat' dir='ltr'><strong>nunc</strong></span> <span class='ocrx_word' id='word_1_362' title='bbox 1610 5019 1730 5082; x_wconf 85' lang='lat' dir='ltr'><strong>per</strong></span> <span class='ocrx_word' id='word_1_363' title='bbox 1773 4997 1951 5081; x_wconf 89' lang='lat' dir='ltr'><strong>pium</strong></span> <span class='ocrx_word' id='word_1_364' title='bbox 1992 5016 2247 5080; x_wconf 89' lang='lat' dir='ltr'><strong>quoque</strong></span> 
     </span>
    </p>

    <p class='ocr_par' dir='ltr' id='par_1_8' title="bbox 288 5079 2248 5251">
     <span class='ocr_line' id='line_1_54' title="bbox 446 5079 2246 5169; baseline -0.002 -17"><span class='ocrx_word' id='word_1_365' title='bbox 446 5086 462 5101; x_wconf 83' lang='lat'><strong>‘</strong></span> <span class='ocrx_word' id='word_1_366' title='bbox 502 5093 753 5152; x_wconf 86' lang='lat' dir='ltr'><strong>tratum</strong></span> <span class='ocrx_word' id='word_1_367' title='bbox 824 5106 1019 5169; x_wconf 89' lang='lat' dir='ltr'><strong>agere</strong></span> <span class='ocrx_word' id='word_1_368' title='bbox 1089 5083 1458 5152; x_wconf 86' lang='lat' dir='ltr'><strong>censendus</strong></span> <span class='ocrx_word' id='word_1_369' title='bbox 1523 5095 1641 5150; x_wconf 90' lang='lat' dir='ltr'><strong>est.</strong></span> <span class='ocrx_word' id='word_1_370' title='bbox 1743 5085 1837 5148; x_wconf 86' lang='lat' dir='ltr'><strong>At</strong></span> <span class='ocrx_word' id='word_1_371' title='bbox 1907 5083 1959 5146; x_wconf 90' lang='lat' dir='ltr'><strong>si</strong></span> <span class='ocrx_word' id='word_1_372' title='bbox 2032 5079 2246 5148; x_wconf 89' lang='lat' dir='ltr'><strong>locum</strong></span> 
     </span>
     <span class='ocr_line' id='line_1_55' title="bbox 288 5168 2248 5251; baseline -0.003 -14"><span class='ocrx_word' id='word_1_373' title='bbox 288 5170 486 5237; x_wconf 69' lang='lat' dir='ltr'><strong>Pauli</strong></span> <span class='ocrx_word' id='word_1_374' title='bbox 542 5171 878 5250; x_wconf 80' lang='lat' dir='ltr'><strong>obieceris,</strong></span> <span class='ocrx_word' id='word_1_375' title='bbox 934 5169 1047 5237; x_wconf 90' lang='lat' dir='ltr'><strong>ubi</strong></span> <span class='ocrx_word' id='word_1_376' title='bbox 1092 5172 1202 5247; x_wconf 87' lang='lat' dir='ltr'><strong>ait,</strong></span> <span class='ocrx_word' id='word_1_377' title='bbox 1264 5170 1666 5238; x_wconf 86' lang='lat' dir='ltr'><strong>haereticum</strong></span> <span class='ocrx_word' id='word_1_378' title='bbox 1726 5168 2057 5234; x_wconf 89' lang='lat' dir='ltr'><strong>hominem</strong></span> <span class='ocrx_word' id='word_1_379' title='bbox 2101 5177 2248 5251; x_wconf 90' lang='lat' dir='ltr'><strong>post</strong></span> 
     </span>
    </p>
   </div>
   <div class='ocr_carea' id='block_1_6' title="bbox 2050 423 2567 497">
    <p class='ocr_par' dir='ltr' id='par_1_9' title="bbox 2050 423 2567 497">
     <span class='ocr_line' id='line_1_56' title="bbox 2050 423 2567 497; baseline 0.008 -11"><span class='ocrx_word' id='word_1_380' title='bbox 2050 429 2209 487; x_wconf 76' lang='grc'><strong>1554</strong></span> <span class='ocrx_word' id='word_1_381' title='bbox 2259 423 2567 497; x_wconf 76' lang='lat' dir='ltr'><strong>APRIL.</strong></span> 
     </span>
    </p>
   </div>
   <div class='ocr_carea' id='block_1_7' title="bbox 2292 3401 2301 3456">
    <p class='ocr_par' dir='ltr' id='par_1_10' title="bbox 2292 3401 2301 3456">
     <span class='ocr_line' id='line_1_57' title="bbox 2292 3401 2301 3456; textangle 90"><span class='ocrx_word' id='word_1_382' title='bbox 2292 3401 2301 3456; x_wconf 59' lang='lat'><strong>⁴-</strong></span> 
     </span>
    </p>
   </div>
   <div class='ocr_carea' id='block_1_8' title="bbox 2292 620 2305 5248">
    <p class='ocr_par' dir='ltr' id='par_1_11' title="bbox 2292 620 2305 5248">
     <span class='ocr_line' id='line_1_58' title="bbox 2292 620 2305 5248; baseline 0 0"><span class='ocrx_word' id='word_1_383' title='bbox 2292 620 2305 5248; x_wconf 95' lang='lat' dir='ltr'><strong> </strong></span> 
     </span>
    </p>
   </div>
   <div class='ocr_carea' id='block_1_9' title="bbox 4195 438 4314 497">
    <p class='ocr_par' dir='ltr' id='par_1_12' title="bbox 4195 438 4314 497">
     <span class='ocr_line' id='line_1_59' title="bbox 4195 438 4314 497; baseline 0.034 -4"><span class='ocrx_word' id='word_1_384' title='bbox 4195 438 4314 497; x_wconf 80' lang='lat'><strong>110</strong></span> 
     </span>
    </p>
   </div>
   <div class='ocr_carea' id='block_1_10' title="bbox 2343 611 4314 5251">
    <p class='ocr_par' dir='ltr' id='par_1_13' title="bbox 2343 611 4314 3620">
     <span class='ocr_line' id='line_1_60' title="bbox 2349 611 4309 700; baseline 0.005 -24"><span class='ocrx_word' id='word_1_385' title='bbox 2349 631 2542 695; x_wconf 85' lang='lat' dir='ltr'><strong>quem</strong></span> <span class='ocrx_word' id='word_1_386' title='bbox 2605 611 2867 677; x_wconf 89' lang='lat' dir='ltr'><strong>demum</strong></span> <span class='ocrx_word' id='word_1_387' title='bbox 2938 613 3186 683; x_wconf 79' lang='lat' dir='ltr'><strong>scribat,</strong></span> <span class='ocrx_word' id='word_1_388' title='bbox 3236 613 3505 681; x_wconf 87' lang='lat' dir='ltr'><strong>Paulus.</strong></span> <span class='ocrx_word' id='word_1_389' title='bbox 3611 616 3865 700; x_wconf 86' lang='lat' dir='ltr'><strong>Nempe</strong></span> <span class='ocrx_word' id='word_1_390' title='bbox 3923 618 4007 683; x_wconf 85' lang='lat' dir='ltr'><strong>ad</strong></span> <span class='ocrx_word' id='word_1_391' title='bbox 4064 619 4309 699; x_wconf 72' lang='lat' dir='ltr'><strong>Titum,</strong></span> 
     </span>
     <span class='ocr_line' id='line_1_61' title="bbox 2348 699 4314 848; baseline 0.005 -86"><span class='ocrx_word' id='word_1_392' title='bbox 2348 717 2543 848; x_wconf 66' lang='lat' dir='ltr'><strong>quem</strong></span> <span class='ocrx_word' id='word_1_393' title='bbox 2582 712 2659 763; x_wconf 91' lang='lat' dir='ltr'><strong>ut</strong></span> <span class='ocrx_word' id='word_1_394' title='bbox 2696 699 3078 784; x_wconf 88' lang='lat' dir='ltr'><strong>episcopum</strong></span> <span class='ocrx_word' id='word_1_395' title='bbox 3109 700 3425 765; x_wconf 82' lang='lat' dir='ltr'><strong>informat</strong></span> <span class='ocrx_word' id='word_1_396' title='bbox 3451 722 3737 784; x_wconf 90' lang='lat' dir='ltr'><strong>quonam</strong></span> <span class='ocrx_word' id='word_1_397' title='bbox 3759 714 3950 786; x_wconf 88' lang='lat' dir='ltr'><strong>pacto</strong></span> <span class='ocrx_word' id='word_1_398' title='bbox 3987 725 4059 770; x_wconf 90' lang='lat' dir='ltr'><strong>se</strong></span> <span class='ocrx_word' id='word_1_399' title='bbox 4079 724 4314 789; x_wconf 85' lang='lat' dir='ltr'><strong>gerere</strong></span> 
     </span>
     <span class='ocr_line' id='line_1_62' title="bbox 2393 784 4310 873; baseline 0.004 -23"><span class='ocrx_word' id='word_1_400' title='bbox 2393 784 2588 851; x_wconf 86' lang='lat' dir='ltr'><strong>ebeat</strong></span> <span class='ocrx_word' id='word_1_401' title='bbox 2647 785 2720 849; x_wconf 91' lang='lat' dir='ltr'><strong>in</strong></span> <span class='ocrx_word' id='word_1_402' title='bbox 2776 784 2879 851; x_wconf 90' lang='lat' dir='ltr'><strong>sui</strong></span> <span class='ocrx_word' id='word_1_403' title='bbox 2936 786 3232 851; x_wconf 87' lang='lat' dir='ltr'><strong>muneris</strong></span> <span class='ocrx_word' id='word_1_404' title='bbox 3290 787 3624 853; x_wconf 82' lang='lat' dir='ltr'><strong>functione</strong></span> <span class='ocrx_word' id='word_1_405' title='bbox 3679 810 3837 871; x_wconf 89' lang='lat' dir='ltr'><strong>erga</strong></span> <span class='ocrx_word' id='word_1_406' title='bbox 3902 789 4310 873; x_wconf 87' lang='lat' dir='ltr'><strong>deploratum</strong></span> 
     </span>
     <span class='ocr_line' id='line_1_63' title="bbox 2349 869 4311 957; baseline 0.005 -23"><span class='ocrx_word' id='word_1_407' title='bbox 2349 869 2771 935; x_wconf 89' lang='lat' dir='ltr'><strong>haereticum.</strong></span> <span class='ocrx_word' id='word_1_408' title='bbox 2862 869 3056 952; x_wconf 82' lang='lat' dir='ltr'><strong>Quod</strong></span> <span class='ocrx_word' id='word_1_409' title='bbox 3116 871 3173 937; x_wconf 91' lang='lat' dir='ltr'><strong>si</strong></span> <span class='ocrx_word' id='word_1_410' title='bbox 3227 871 3305 936; x_wconf 89' lang='lat' dir='ltr'><strong>ad</strong></span> <span class='ocrx_word' id='word_1_411' title='bbox 3356 870 3663 957; x_wconf 79' lang='lat' dir='ltr'><strong>Sergium</strong></span> <span class='ocrx_word' id='word_1_412' title='bbox 3705 874 3993 940; x_wconf 89' lang='lat' dir='ltr'><strong>Paulum</strong></span> <span class='ocrx_word' id='word_1_413' title='bbox 4051 886 4167 941; x_wconf 91' lang='lat' dir='ltr'><strong>aut</strong></span> <span class='ocrx_word' id='word_1_414' title='bbox 4225 876 4311 943; x_wconf 88' lang='lat' dir='ltr'><strong>ad</strong></span> 
     </span>
     <span class='ocr_line' id='line_1_64' title="bbox 2347 955 4310 1043; baseline 0.005 -22"><span class='ocrx_word' id='word_1_415' title='bbox 2347 955 2552 1021; x_wconf 86' lang='lat' dir='ltr'><strong>alium</strong></span> <span class='ocrx_word' id='word_1_416' title='bbox 2587 956 2892 1040; x_wconf 81' lang='lat' dir='ltr'><strong>quemvis</strong></span> <span class='ocrx_word' id='word_1_417' title='bbox 2928 956 3296 1041; x_wconf 88' lang='lat' dir='ltr'><strong>praesidem</strong></span> <span class='ocrx_word' id='word_1_418' title='bbox 3331 959 3702 1043; x_wconf 83' lang='lat' dir='ltr'><strong>scripsisset</strong></span> <span class='ocrx_word' id='word_1_419' title='bbox 3733 962 4082 1043; x_wconf 79' lang='lat' dir='ltr'><strong>apostolus,</strong></span> <span class='ocrx_word' id='word_1_420' title='bbox 4118 961 4310 1029; x_wconf 89' lang='lat' dir='ltr'><strong>illum</strong></span> 
     </span>
     <span class='ocr_line' id='line_1_65' title="bbox 2348 1039 4310 1115; baseline 0.005 -11"><span class='ocrx_word' id='word_1_421' title='bbox 2348 1040 2572 1107; x_wconf 86' lang='lat' dir='ltr'><strong>itidem</strong></span> <span class='ocrx_word' id='word_1_422' title='bbox 2617 1039 2698 1107; x_wconf 89' lang='lat' dir='ltr'><strong>de</strong></span> <span class='ocrx_word' id='word_1_423' title='bbox 2741 1062 2861 1108; x_wconf 90' lang='lat' dir='ltr'><strong>suo</strong></span> <span class='ocrx_word' id='word_1_424' title='bbox 2918 1042 3133 1109; x_wconf 86' lang='lat' dir='ltr'><strong>officio</strong></span> <span class='ocrx_word' id='word_1_425' title='bbox 3191 1044 3807 1111; x_wconf 80' lang='lat' dir='ltr'><strong>commonefecisset.</strong></span> <span class='ocrx_word' id='word_1_426' title='bbox 3898 1047 4046 1113; x_wconf 84' lang='lat' dir='ltr'><strong>Etsi</strong></span> <span class='ocrx_word' id='word_1_427' title='bbox 4088 1058 4310 1115; x_wconf 88' lang='lat' dir='ltr'><strong>autem</strong></span> 
     </span>
     <span class='ocr_line' id='line_1_66' title="bbox 2346 1125 4307 1215; baseline 0.004 -22"><span class='ocrx_word' id='word_1_428' title='bbox 2346 1125 2544 1193; x_wconf 90' lang='lat' dir='ltr'><strong>corda</strong></span> <span class='ocrx_word' id='word_1_429' title='bbox 2584 1128 3010 1212; x_wconf 87' lang='lat' dir='ltr'><strong>magistratus</strong></span> <span class='ocrx_word' id='word_1_430' title='bbox 3045 1129 3400 1195; x_wconf 86' lang='lat' dir='ltr'><strong>immutare</strong></span> <span class='ocrx_word' id='word_1_431' title='bbox 3425 1151 3552 1195; x_wconf 88' lang='lat' dir='ltr'><strong>non</strong></span> <span class='ocrx_word' id='word_1_432' title='bbox 3586 1140 3813 1214; x_wconf 86' lang='lat' dir='ltr'><strong>potest,</strong></span> <span class='ocrx_word' id='word_1_433' title='bbox 3841 1155 4052 1215; x_wconf 88' lang='lat' dir='ltr'><strong>neque</strong></span> <span class='ocrx_word' id='word_1_434' title='bbox 4090 1133 4307 1213; x_wconf 87' lang='lat' dir='ltr'><strong>fidem,</strong></span> 
     </span>
     <span class='ocr_line' id='line_1_67' title="bbox 2346 1212 4310 1296; baseline 0.005 -19"><span class='ocrx_word' id='word_1_435' title='bbox 2346 1235 2512 1296; x_wconf 87' lang='lat' dir='ltr'><strong>quae</strong></span> <span class='ocrx_word' id='word_1_436' title='bbox 2535 1212 2667 1278; x_wconf 90' lang='lat' dir='ltr'><strong>Dei</strong></span> <span class='ocrx_word' id='word_1_437' title='bbox 2710 1212 2954 1278; x_wconf 86' lang='lat' dir='ltr'><strong>donum</strong></span> <span class='ocrx_word' id='word_1_438' title='bbox 2991 1226 3111 1291; x_wconf 87' lang='lat' dir='ltr'><strong>est,</strong></span> <span class='ocrx_word' id='word_1_439' title='bbox 3157 1216 3395 1281; x_wconf 90' lang='lat' dir='ltr'><strong>animis</strong></span> <span class='ocrx_word' id='word_1_440' title='bbox 3429 1217 3737 1293; x_wconf 87' lang='lat' dir='ltr'><strong>inserere,</strong></span> <span class='ocrx_word' id='word_1_441' title='bbox 3784 1232 4005 1283; x_wconf 88' lang='lat' dir='ltr'><strong>tamen</strong></span> <span class='ocrx_word' id='word_1_442' title='bbox 4043 1219 4126 1283; x_wconf 92' lang='lat' dir='ltr'><strong>ad</strong></span> <span class='ocrx_word' id='word_1_443' title='bbox 4168 1222 4310 1289; x_wconf 87' lang='lat' dir='ltr'><strong>eius</strong></span> 
     </span>
     <span class='ocr_line' id='line_1_68' title="bbox 2346 1299 4308 1385; baseline 0.004 -21"><span class='ocrx_word' id='word_1_444' title='bbox 2346 1299 2639 1365; x_wconf 86' lang='lat' dir='ltr'><strong>officium</strong></span> <span class='ocrx_word' id='word_1_445' title='bbox 2677 1308 2939 1383; x_wconf 82' lang='lat' dir='ltr'><strong>spectat</strong></span> <span class='ocrx_word' id='word_1_446' title='bbox 2978 1299 3439 1383; x_wconf 85' lang='lat' dir='ltr'><strong>blasphemias,</strong></span> <span class='ocrx_word' id='word_1_447' title='bbox 3485 1303 3894 1385; x_wconf 88' lang='lat' dir='ltr'><strong>pestilentem</strong></span> <span class='ocrx_word' id='word_1_448' title='bbox 3943 1303 4308 1372; x_wconf 88' lang='lat' dir='ltr'><strong>doctrinam</strong></span> 
     </span>
     <span class='ocr_line' id='line_1_69' title="bbox 2343 1385 4305 1471; baseline 0.004 -22"><span class='ocrx_word' id='word_1_449' title='bbox 2343 1385 2747 1469; x_wconf 89' lang='lat' dir='ltr'><strong>impiamque</strong></span> <span class='ocrx_word' id='word_1_450' title='bbox 2786 1385 3277 1469; x_wconf 74' lang='lat' dir='ltr'><strong>professionem,</strong></span> <span class='ocrx_word' id='word_1_451' title='bbox 3322 1409 3489 1471; x_wconf 91' lang='lat' dir='ltr'><strong>quae</strong></span> <span class='ocrx_word' id='word_1_452' title='bbox 3519 1388 3829 1454; x_wconf 88' lang='lat' dir='ltr'><strong>ecclesiae</strong></span> <span class='ocrx_word' id='word_1_453' title='bbox 3867 1391 4030 1455; x_wconf 89' lang='lat' dir='ltr'><strong>bene</strong></span> <span class='ocrx_word' id='word_1_454' title='bbox 4064 1392 4305 1455; x_wconf 83' lang='lat' dir='ltr'><strong>consti—</strong></span> 
     </span>
     <span class='ocr_line' id='line_1_70' title="bbox 2346 1472 4305 1558; baseline 0.004 -24"><span class='ocrx_word' id='word_1_455' title='bbox 2346 1482 2533 1537; x_wconf 90' lang='lat' dir='ltr'><strong>tutae</strong></span> <span class='ocrx_word' id='word_1_456' title='bbox 2577 1490 2802 1554; x_wconf 88' lang='lat' dir='ltr'><strong>pacem</strong></span> <span class='ocrx_word' id='word_1_457' title='bbox 2846 1473 3210 1550; x_wconf 86' lang='lat' dir='ltr'><strong>conturbat,</strong></span> <span class='ocrx_word' id='word_1_458' title='bbox 3255 1472 3566 1556; x_wconf 84' lang='lat' dir='ltr'><strong>legitimis</strong></span> <span class='ocrx_word' id='word_1_459' title='bbox 3607 1476 3836 1558; x_wconf 89' lang='lat' dir='ltr'><strong>poenis</strong></span> <span class='ocrx_word' id='word_1_460' title='bbox 3870 1497 4182 1556; x_wconf 88' lang='lat' dir='ltr'><strong>coercere,</strong></span> <span class='ocrx_word' id='word_1_461' title='bbox 4220 1498 4305 1543; x_wconf 92' lang='lat' dir='ltr'><strong>ne</strong></span> 
     </span>
     <span class='ocr_line' id='line_1_71' title="bbox 2346 1557 4304 1643; baseline 0.003 -21"><span class='ocrx_word' id='word_1_462' title='bbox 2346 1576 2424 1622; x_wconf 90' lang='lat' dir='ltr'><strong>ea</strong></span> <span class='ocrx_word' id='word_1_463' title='bbox 2467 1559 2804 1623; x_wconf 88' lang='lat' dir='ltr'><strong>occasione</strong></span> <span class='ocrx_word' id='word_1_464' title='bbox 2861 1557 3222 1626; x_wconf 87' lang='lat' dir='ltr'><strong>christiana</strong></span> <span class='ocrx_word' id='word_1_465' title='bbox 3277 1580 3384 1624; x_wconf 92' lang='lat' dir='ltr'><strong>res</strong></span> <span class='ocrx_word' id='word_1_466' title='bbox 3428 1559 3674 1643; x_wconf 90' lang='lat' dir='ltr'><strong>aliquid</strong></span> <span class='ocrx_word' id='word_1_467' title='bbox 3716 1561 4094 1627; x_wconf 89' lang='lat' dir='ltr'><strong>detrimenti</strong></span> <span class='ocrx_word' id='word_1_468' title='bbox 4137 1564 4304 1629; x_wconf 89' lang='lat' dir='ltr'><strong>acci-</strong></span> 
     </span>
     <span class='ocr_line' id='line_1_72' title="bbox 2347 1642 4302 1743; baseline 0.003 -36"><span class='ocrx_word' id='word_1_469' title='bbox 2347 1643 2503 1743; x_wconf 87' lang='lat' dir='ltr'><strong>piat.</strong></span> <span class='ocrx_word' id='word_1_470' title='bbox 2570 1642 2766 1724; x_wconf 77' lang='lat' dir='ltr'><strong>Quod</strong></span> <span class='ocrx_word' id='word_1_471' title='bbox 2810 1664 3014 1724; x_wconf 88' lang='lat' dir='ltr'><strong>quum</strong></span> <span class='ocrx_word' id='word_1_472' title='bbox 3050 1643 3207 1708; x_wconf 92' lang='lat' dir='ltr'><strong>olim</strong></span> <span class='ocrx_word' id='word_1_473' title='bbox 3245 1646 3487 1728; x_wconf 89' lang='lat' dir='ltr'><strong>optime</strong></span> <span class='ocrx_word' id='word_1_474' title='bbox 3609 1647 4029 1731; x_wconf 88' lang='lat' dir='ltr'><strong>rpendissent</strong></span> <span class='ocrx_word' id='word_1_475' title='bbox 4070 1649 4160 1730; x_wconf 92' lang='lat' dir='ltr'><strong>pii</strong></span> <span class='ocrx_word' id='word_1_476' title='bbox 4205 1648 4302 1713; x_wconf 87' lang='lat' dir='ltr'><strong>illi</strong></span> 
     </span>
     <span class='ocr_line' id='line_1_73' title="bbox 2345 1731 4301 1812; baseline 0.004 -19"><span class='ocrx_word' id='word_1_477' title='bbox 2345 1741 2778 1811; x_wconf 79' lang='lat' dir='ltr'><strong>imperatores</strong></span> <span class='ocrx_word' id='word_1_478' title='bbox 2805 1733 3303 1810; x_wconf 67' lang='lat' dir='ltr'><strong>Constantinus,</strong></span> <span class='ocrx_word' id='word_1_479' title='bbox 3328 1731 3431 1795; x_wconf 80' lang='lat' dir='ltr'><strong>&#39;Ph</strong></span> <span class='ocrx_word' id='word_1_480' title='bbox 3554 1733 3747 1811; x_wconf 88' lang='lat' dir='ltr'><strong>osius,</strong></span> <span class='ocrx_word' id='word_1_481' title='bbox 3775 1733 4301 1812; x_wconf 85' lang='lat' dir='ltr'><strong>Valentinianus,</strong></span> 
     </span>
     <span class='ocr_line' id='line_1_74' title="bbox 2348 1814 4302 1899; baseline 0.002 -19"><span class='ocrx_word' id='word_1_482' title='bbox 2348 1815 2721 1881; x_wconf 79' lang='lat' dir='ltr'><strong>Martianus</strong></span> <span class='ocrx_word' id='word_1_483' title='bbox 2756 1830 2823 1879; x_wconf 88' lang='lat' dir='ltr'><strong>et</strong></span> <span class='ocrx_word' id='word_1_484' title='bbox 2865 1814 2975 1881; x_wconf 89' lang='lat' dir='ltr'><strong>alii</strong></span> <span class='ocrx_word' id='word_1_485' title='bbox 3012 1816 3297 1899; x_wconf 89' lang='lat' dir='ltr'><strong>quidam,</strong></span> <span class='ocrx_word' id='word_1_486' title='bbox 3342 1816 3553 1883; x_wconf 89' lang='lat' dir='ltr'><strong>edicta</strong></span> <span class='ocrx_word' id='word_1_487' title='bbox 3596 1821 4007 1884; x_wconf 85' lang='lat' dir='ltr'><strong>severissima</strong></span> <span class='ocrx_word' id='word_1_488' title='bbox 4051 1820 4117 1884; x_wconf 92' lang='lat' dir='ltr'><strong>in</strong></span> <span class='ocrx_word' id='word_1_489' title='bbox 4163 1819 4302 1884; x_wconf 90' lang='lat' dir='ltr'><strong>ido-</strong></span> 
     </span>
     <span class='ocr_line' id='line_1_75' title="bbox 2344 1899 4301 1989; baseline 0.003 -24"><span class='ocrx_word' id='word_1_490' title='bbox 2344 1900 2636 1979; x_wconf 88' lang='lat' dir='ltr'><strong>lolatras,</strong></span> <span class='ocrx_word' id='word_1_491' title='bbox 2695 1911 3055 1984; x_wconf 82' lang='lat' dir='ltr'><strong>apostatas,</strong></span> <span class='ocrx_word' id='word_1_492' title='bbox 3119 1899 3481 1967; x_wconf 80' lang='lat' dir='ltr'><strong>haereticos</strong></span> <span class='ocrx_word' id='word_1_493' title='bbox 3542 1924 3618 1968; x_wconf 89' lang='lat' dir='ltr'><strong>ac</strong></span> <span class='ocrx_word' id='word_1_494' title='bbox 3676 1905 4095 1987; x_wconf 87' lang='lat' dir='ltr'><strong>blasphemos</strong></span> <span class='ocrx_word' id='word_1_495' title='bbox 4154 1926 4301 1989; x_wconf 92' lang='lat' dir='ltr'><strong>pro-</strong></span> 
     </span>
     <span class='ocr_line' id='line_1_76' title="bbox 2345 1986 4305 2071; baseline 0.002 -19"><span class='ocrx_word' id='word_1_496' title='bbox 2345 1986 2749 2070; x_wconf 88' lang='lat' dir='ltr'><strong>mulgarunt.</strong></span> <span class='ocrx_word' id='word_1_497' title='bbox 2842 1986 3024 2067; x_wconf 80' lang='lat' dir='ltr'><strong>Quos</strong></span> <span class='ocrx_word' id='word_1_498' title='bbox 3084 1988 3260 2070; x_wconf 92' lang='lat' dir='ltr'><strong>ipsos</strong></span> <span class='ocrx_word' id='word_1_499' title='bbox 3317 1989 3647 2071; x_wconf 85' lang='lat' dir='ltr'><strong>principes</strong></span> <span class='ocrx_word' id='word_1_500' title='bbox 3693 2000 3953 2054; x_wconf 86' lang='lat' dir='ltr'><strong>tantum</strong></span> <span class='ocrx_word' id='word_1_501' title='bbox 4001 1992 4186 2057; x_wconf 90' lang='lat' dir='ltr'><strong>abest</strong></span> <span class='ocrx_word' id='word_1_502' title='bbox 4228 1998 4305 2058; x_wconf 88' lang='lat' dir='ltr'><strong>ut</strong></span> 
     </span>
     <span class='ocr_line' id='line_1_77' title="bbox 2345 2072 4303 2160; baseline 0.002 -21"><span class='ocrx_word' id='word_1_503' title='bbox 2345 2075 2556 2140; x_wconf 87' lang='lat' dir='ltr'><strong>sancti</strong></span> <span class='ocrx_word' id='word_1_504' title='bbox 2601 2072 2860 2138; x_wconf 89' lang='lat' dir='ltr'><strong>illorum</strong></span> <span class='ocrx_word' id='word_1_505' title='bbox 2907 2086 3276 2155; x_wconf 89' lang='lat' dir='ltr'><strong>temporum</strong></span> <span class='ocrx_word' id='word_1_506' title='bbox 3332 2075 3615 2157; x_wconf 91' lang='lat' dir='ltr'><strong>episcopi</strong></span> <span class='ocrx_word' id='word_1_507' title='bbox 3659 2095 3734 2139; x_wconf 92' lang='lat' dir='ltr'><strong>eo</strong></span> <span class='ocrx_word' id='word_1_508' title='bbox 3781 2078 4042 2141; x_wconf 89' lang='lat' dir='ltr'><strong>nomine</strong></span> <span class='ocrx_word' id='word_1_509' title='bbox 4087 2099 4303 2160; x_wconf 89' lang='lat' dir='ltr'><strong>repre-</strong></span> 
     </span>
     <span class='ocr_line' id='line_1_78' title="bbox 2346 2157 4306 2247; baseline 0.003 -24"><span class='ocrx_word' id='word_1_510' title='bbox 2346 2157 2726 2224; x_wconf 90' lang='lat' dir='ltr'><strong>hendendos</strong></span> <span class='ocrx_word' id='word_1_511' title='bbox 2771 2170 3145 2236; x_wconf 88' lang='lat' dir='ltr'><strong>censerent,</strong></span> <span class='ocrx_word' id='word_1_512' title='bbox 3210 2171 3284 2223; x_wconf 89' lang='lat' dir='ltr'><strong>ut</strong></span> <span class='ocrx_word' id='word_1_513' title='bbox 3340 2160 3405 2225; x_wconf 92' lang='lat' dir='ltr'><strong>id</strong></span> <span class='ocrx_word' id='word_1_514' title='bbox 3464 2163 3682 2245; x_wconf 88' lang='lat' dir='ltr'><strong>potius</strong></span> <span class='ocrx_word' id='word_1_515' title='bbox 3736 2172 3914 2228; x_wconf 87' lang='lat' dir='ltr'><strong>recte</strong></span> <span class='ocrx_word' id='word_1_516' title='bbox 3958 2175 4306 2247; x_wconf 82' lang='lat' dir='ltr'><strong>sancteque</strong></span> 
     </span>
     <span class='ocr_line' id='line_1_79' title="bbox 2344 2245 4301 2328; baseline 0.002 -18"><span class='ocrx_word' id='word_1_517' title='bbox 2344 2246 2490 2310; x_wconf 87' lang='lat' dir='ltr'><strong>fieri</strong></span> <span class='ocrx_word' id='word_1_518' title='bbox 2550 2256 2934 2310; x_wconf 88' lang='lat' dir='ltr'><strong>assererent.</strong></span> <span class='ocrx_word' id='word_1_519' title='bbox 3036 2245 3243 2310; x_wconf 81' lang='lat' dir='ltr'><strong>Cuius</strong></span> <span class='ocrx_word' id='word_1_520' title='bbox 3309 2246 3433 2323; x_wconf 91' lang='lat' dir='ltr'><strong>rei,</strong></span> <span class='ocrx_word' id='word_1_521' title='bbox 3500 2257 3576 2311; x_wconf 88' lang='lat' dir='ltr'><strong>ut</strong></span> <span class='ocrx_word' id='word_1_522' title='bbox 3649 2247 3811 2313; x_wconf 90' lang='lat' dir='ltr'><strong>alios</strong></span> <span class='ocrx_word' id='word_1_523' title='bbox 3887 2269 4017 2314; x_wconf 91' lang='lat' dir='ltr'><strong>non</strong></span> <span class='ocrx_word' id='word_1_524' title='bbox 4088 2249 4301 2328; x_wconf 86' lang='lat' dir='ltr'><strong>citem,</strong></span> 
     </span>
     <span class='ocr_line' id='line_1_80' title="bbox 2347 2330 4303 2418; baseline 0.002 -22"><span class='ocrx_word' id='word_1_525' title='bbox 2347 2332 2536 2396; x_wconf 90' lang='lat' dir='ltr'><strong>testis</strong></span> <span class='ocrx_word' id='word_1_526' title='bbox 2594 2339 2697 2396; x_wconf 92' lang='lat' dir='ltr'><strong>est</strong></span> <span class='ocrx_word' id='word_1_527' title='bbox 2738 2330 3288 2413; x_wconf 89' lang='lat' dir='ltr'><strong>locupletissimus</strong></span> <span class='ocrx_word' id='word_1_528' title='bbox 3343 2332 3535 2398; x_wconf 83' lang='lat' dir='ltr'><strong>divus</strong></span> <span class='ocrx_word' id='word_1_529' title='bbox 3579 2335 4017 2418; x_wconf 86' lang='lat' dir='ltr'><strong>Augustinus,</strong></span> <span class='ocrx_word' id='word_1_530' title='bbox 4078 2337 4191 2418; x_wconf 90' lang='lat' dir='ltr'><strong>qui</strong></span> <span class='ocrx_word' id='word_1_531' title='bbox 4236 2336 4303 2400; x_wconf 95' lang='lat' dir='ltr'><strong>id</strong></span> 
     </span>
     <span class='ocr_line' id='line_1_81' title="bbox 2347 2416 4303 2501; baseline 0.003 -20"><span class='ocrx_word' id='word_1_532' title='bbox 2347 2417 2564 2501; x_wconf 90' lang='lat' dir='ltr'><strong>ipsum</strong></span> <span class='ocrx_word' id='word_1_533' title='bbox 2610 2426 2676 2481; x_wconf 90' lang='lat' dir='ltr'><strong>et</strong></span> <span class='ocrx_word' id='word_1_534' title='bbox 2721 2419 2925 2481; x_wconf 79' lang='lat' dir='ltr'><strong>sensit</strong></span> <span class='ocrx_word' id='word_1_535' title='bbox 2968 2434 3030 2479; x_wconf 80' lang='lat' dir='ltr'><strong>et</strong></span> <span class='ocrx_word' id='word_1_536' title='bbox 3076 2416 3311 2481; x_wconf 88' lang='lat' dir='ltr'><strong>docuit.</strong></span> <span class='ocrx_word' id='word_1_537' title='bbox 3383 2417 3578 2499; x_wconf 78' lang='lat' dir='ltr'><strong>Quod</strong></span> <span class='ocrx_word' id='word_1_538' title='bbox 3623 2419 3851 2485; x_wconf 85' lang='lat' dir='ltr'><strong>multis</strong></span> <span class='ocrx_word' id='word_1_539' title='bbox 3890 2420 4045 2485; x_wconf 90' lang='lat' dir='ltr'><strong>locis</strong></span> <span class='ocrx_word' id='word_1_540' title='bbox 4081 2420 4303 2487; x_wconf 84' lang='lat' dir='ltr'><strong>videre</strong></span> 
     </span>
     <span class='ocr_line' id='line_1_82' title="bbox 2349 2502 4306 2573; baseline 0.003 -7"><span class='ocrx_word' id='word_1_541' title='bbox 2349 2502 2530 2573; x_wconf 86' lang='lat' dir='ltr'><strong>licet,</strong></span> <span class='ocrx_word' id='word_1_542' title='bbox 2592 2503 2878 2568; x_wconf 88' lang='lat' dir='ltr'><strong>maxime</strong></span> <span class='ocrx_word' id='word_1_543' title='bbox 2939 2504 3006 2568; x_wconf 90' lang='lat' dir='ltr'><strong>in</strong></span> <span class='ocrx_word' id='word_1_544' title='bbox 3051 2512 3332 2568; x_wconf 85' lang='lat' dir='ltr'><strong>tractatu</strong></span> <span class='ocrx_word' id='word_1_545' title='bbox 3389 2505 3457 2568; x_wconf 87' lang='lat' dir='ltr'><strong>in</strong></span> <span class='ocrx_word' id='word_1_546' title='bbox 3501 2503 3685 2570; x_wconf 87' lang='lat' dir='ltr'><strong>Ioan.</strong></span> <span class='ocrx_word' id='word_1_547' title='bbox 3741 2512 3828 2569; x_wconf 88' lang='lat' dir='ltr'><strong>ll.</strong></span> <span class='ocrx_word' id='word_1_548' title='bbox 3877 2509 4030 2570; x_wconf 76' lang='lat' dir='ltr'><strong>item</strong></span> <span class='ocrx_word' id='word_1_549' title='bbox 4080 2516 4306 2572; x_wconf 86' lang='lat' dir='ltr'><strong>contra</strong></span> 
     </span>
     <span class='ocr_line' id='line_1_83' title="bbox 2347 2587 4306 2672; baseline 0.001 -17"><span class='ocrx_word' id='word_1_550' title='bbox 2347 2588 2658 2655; x_wconf 81' lang='lat' dir='ltr'><strong>Petiliani</strong></span> <span class='ocrx_word' id='word_1_551' title='bbox 2705 2587 2929 2653; x_wconf 85' lang='lat' dir='ltr'><strong>literas</strong></span> <span class='ocrx_word' id='word_1_552' title='bbox 2984 2587 3090 2654; x_wconf 90' lang='lat' dir='ltr'><strong>lib.</strong></span> <span class='ocrx_word' id='word_1_553' title='bbox 3140 2591 3195 2653; x_wconf 80' lang='lat'><strong>2.</strong></span> <span class='ocrx_word' id='word_1_554' title='bbox 3244 2608 3386 2672; x_wconf 90' lang='lat' dir='ltr'><strong>cap.</strong></span> <span class='ocrx_word' id='word_1_555' title='bbox 3435 2598 3535 2655; x_wconf 66' lang='lat'><strong>55.</strong></span> <span class='ocrx_word' id='word_1_556' title='bbox 3583 2602 3652 2654; x_wconf 88' lang='lat' dir='ltr'><strong>et</strong></span> <span class='ocrx_word' id='word_1_557' title='bbox 3694 2591 3776 2656; x_wconf 92' lang='lat' dir='ltr'><strong>de</strong></span> <span class='ocrx_word' id='word_1_558' title='bbox 3821 2593 3889 2655; x_wconf 89' lang='lat' dir='ltr'><strong>vi</strong></span> <span class='ocrx_word' id='word_1_559' title='bbox 3930 2594 4306 2657; x_wconf 91' lang='lat' dir='ltr'><strong>coercendis</strong></span> 
     </span>
     <span class='ocr_line' id='line_1_84' title="bbox 2348 2673 4304 2761; baseline 0.003 -22"><span class='ocrx_word' id='word_1_560' title='bbox 2348 2674 2694 2740; x_wconf 85' lang='lat' dir='ltr'><strong>haereticis</strong></span> <span class='ocrx_word' id='word_1_561' title='bbox 2752 2674 2834 2740; x_wconf 88' lang='lat' dir='ltr'><strong>ad</strong></span> <span class='ocrx_word' id='word_1_562' title='bbox 2891 2673 3317 2741; x_wconf 75' lang='lat' dir='ltr'><strong>vincentium</strong></span> <span class='ocrx_word' id='word_1_563' title='bbox 3377 2686 3609 2742; x_wconf 88' lang='lat' dir='ltr'><strong>contra</strong></span> <span class='ocrx_word' id='word_1_564' title='bbox 3663 2675 4055 2742; x_wconf 86' lang='lat' dir='ltr'><strong>Donatistas</strong></span> <span class='ocrx_word' id='word_1_565' title='bbox 4115 2679 4304 2761; x_wconf 89' lang='lat' dir='ltr'><strong>epist.</strong></span> 
     </span>
     <span class='ocr_line' id='line_1_85' title="bbox 2347 2758 4306 2843; baseline 0.002 -19"><span class='ocrx_word' id='word_1_566' title='bbox 2347 2760 2452 2825; x_wconf 77' lang='lat'><strong>48.</strong></span> <span class='ocrx_word' id='word_1_567' title='bbox 2523 2758 2781 2825; x_wconf 85' lang='lat' dir='ltr'><strong>Rursus</strong></span> <span class='ocrx_word' id='word_1_568' title='bbox 2824 2761 2894 2824; x_wconf 90' lang='lat' dir='ltr'><strong>in</strong></span> <span class='ocrx_word' id='word_1_569' title='bbox 2940 2761 3128 2843; x_wconf 88' lang='lat' dir='ltr'><strong>epist.</strong></span> <span class='ocrx_word' id='word_1_570' title='bbox 3175 2760 3258 2826; x_wconf 90' lang='lat' dir='ltr'><strong>ad</strong></span> <span class='ocrx_word' id='word_1_571' title='bbox 3303 2760 3718 2827; x_wconf 88' lang='lat' dir='ltr'><strong>Bonifacium</strong></span> <span class='ocrx_word' id='word_1_572' title='bbox 3762 2763 4065 2828; x_wconf 90' lang='lat' dir='ltr'><strong>comitem</strong></span> <span class='ocrx_word' id='word_1_573' title='bbox 4114 2769 4194 2828; x_wconf 81' lang='lat'><strong>50</strong></span> <span class='ocrx_word' id='word_1_574' title='bbox 4240 2774 4306 2829; x_wconf 88' lang='lat' dir='ltr'><strong>et</strong></span> 
     </span>
     <span class='ocr_line' id='line_1_86' title="bbox 2349 2845 4304 2931; baseline 0.002 -21"><span class='ocrx_word' id='word_1_575' title='bbox 2349 2845 2506 2910; x_wconf 90' lang='lat' dir='ltr'><strong>alibi</strong></span> <span class='ocrx_word' id='word_1_576' title='bbox 2551 2866 2761 2927; x_wconf 88' lang='lat' dir='ltr'><strong>saepe.</strong></span> <span class='ocrx_word' id='word_1_577' title='bbox 2852 2846 2946 2910; x_wconf 87' lang='lat' dir='ltr'><strong>Et</strong></span> <span class='ocrx_word' id='word_1_578' title='bbox 2989 2847 3149 2913; x_wconf 87' lang='lat' dir='ltr'><strong>haec</strong></span> <span class='ocrx_word' id='word_1_579' title='bbox 3193 2845 3453 2929; x_wconf 89' lang='lat' dir='ltr'><strong>quidem</strong></span> <span class='ocrx_word' id='word_1_580' title='bbox 3497 2867 3662 2929; x_wconf 88' lang='lat' dir='ltr'><strong>quae</strong></span> <span class='ocrx_word' id='word_1_581' title='bbox 3707 2849 4010 2931; x_wconf 91' lang='lat' dir='ltr'><strong>superius</strong></span> <span class='ocrx_word' id='word_1_582' title='bbox 4056 2848 4304 2913; x_wconf 86' lang='lat' dir='ltr'><strong>adduxi</strong></span> 
     </span>
     <span class='ocr_line' id='line_1_87' title="bbox 2349 2932 4299 3017; baseline 0.001 -21"><span class='ocrx_word' id='word_1_583' title='bbox 2349 2932 2600 2997; x_wconf 88' lang='lat' dir='ltr'><strong>homini</strong></span> <span class='ocrx_word' id='word_1_584' title='bbox 2647 2954 2774 2997; x_wconf 91' lang='lat' dir='ltr'><strong>non</strong></span> <span class='ocrx_word' id='word_1_585' title='bbox 2835 2952 3103 3016; x_wconf 87' lang='lat' dir='ltr'><strong>prorsus</strong></span> <span class='ocrx_word' id='word_1_586' title='bbox 3159 2934 3568 3000; x_wconf 88' lang='lat' dir='ltr'><strong>contentioso</strong></span> <span class='ocrx_word' id='word_1_587' title='bbox 3626 2935 3785 2999; x_wconf 90' lang='lat' dir='ltr'><strong>satis</strong></span> <span class='ocrx_word' id='word_1_588' title='bbox 3823 2954 3963 2999; x_wconf 89' lang='lat' dir='ltr'><strong>esse</strong></span> <span class='ocrx_word' id='word_1_589' title='bbox 4009 2946 4299 3017; x_wconf 88' lang='lat' dir='ltr'><strong>possunt..</strong></span> 
     </span>
     <span class='ocr_line' id='line_1_88' title="bbox 2348 3017 4304 3103; baseline 0.002 -21"><span class='ocrx_word' id='word_1_590' title='bbox 2348 3018 2454 3083; x_wconf 80' lang='lat' dir='ltr'><strong>Ex</strong></span> <span class='ocrx_word' id='word_1_591' title='bbox 2501 3017 2735 3101; x_wconf 90' lang='lat' dir='ltr'><strong>quibus</strong></span> <span class='ocrx_word' id='word_1_592' title='bbox 2793 3018 2952 3102; x_wconf 91' lang='lat' dir='ltr'><strong>ipsis</strong></span> <span class='ocrx_word' id='word_1_593' title='bbox 3012 3018 3118 3083; x_wconf 83' lang='lat' dir='ltr'><strong>vel</strong></span> <span class='ocrx_word' id='word_1_594' title='bbox 3178 3018 3355 3085; x_wconf 90' lang='lat' dir='ltr'><strong>clare</strong></span> <span class='ocrx_word' id='word_1_595' title='bbox 3409 3018 3612 3103; x_wconf 88' lang='lat' dir='ltr'><strong>liquet</strong></span> <span class='ocrx_word' id='word_1_596' title='bbox 3657 3019 4121 3085; x_wconf 78' lang='lat' dir='ltr'><strong>Genevensem</strong></span> <span class='ocrx_word' id='word_1_597' title='bbox 4167 3042 4304 3085; x_wconf 90' lang='lat' dir='ltr'><strong>ma—</strong></span> 
     </span>
     <span class='ocr_line' id='line_1_89' title="bbox 2348 3105 4304 3191; baseline 0.002 -22"><span class='ocrx_word' id='word_1_598' title='bbox 2348 3106 2699 3190; x_wconf 88' lang='lat' dir='ltr'><strong>gistratum</strong></span> <span class='ocrx_word' id='word_1_599' title='bbox 2766 3105 2941 3170; x_wconf 89' lang='lat' dir='ltr'><strong>haud</strong></span> <span class='ocrx_word' id='word_1_600' title='bbox 3010 3106 3251 3172; x_wconf 87' lang='lat' dir='ltr'><strong>iniuria</strong></span> <span class='ocrx_word' id='word_1_601' title='bbox 3320 3105 3648 3172; x_wconf 88' lang='lat' dir='ltr'><strong>haeretico</strong></span> <span class='ocrx_word' id='word_1_602' title='bbox 3710 3107 3956 3172; x_wconf 76' lang='lat' dir='ltr'><strong>Serveto</strong></span> <span class='ocrx_word' id='word_1_603' title='bbox 4027 3130 4304 3191; x_wconf 83' lang='lat' dir='ltr'><strong>poenam</strong></span> 
     </span>
     <span class='ocr_line' id='line_1_90' title="bbox 2348 3190 4306 3275; baseline 0.001 -19"><span class='ocrx_word' id='word_1_604' title='bbox 2348 3191 2581 3257; x_wconf 88' lang='lat' dir='ltr'><strong>mortis</strong></span> <span class='ocrx_word' id='word_1_605' title='bbox 2624 3190 2968 3275; x_wconf 90' lang='lat' dir='ltr'><strong>irrogasse.</strong></span> <span class='ocrx_word' id='word_1_606' title='bbox 3038 3191 3123 3256; x_wconf 92' lang='lat' dir='ltr'><strong>In</strong></span> <span class='ocrx_word' id='word_1_607' title='bbox 3168 3213 3297 3275; x_wconf 90' lang='lat' dir='ltr'><strong>quo</strong></span> <span class='ocrx_word' id='word_1_608' title='bbox 3334 3213 3494 3258; x_wconf 88' lang='lat' dir='ltr'><strong>sane</strong></span> <span class='ocrx_word' id='word_1_609' title='bbox 3528 3201 3788 3256; x_wconf 86' lang='lat' dir='ltr'><strong>tantum</strong></span> <span class='ocrx_word' id='word_1_610' title='bbox 3827 3190 4011 3258; x_wconf 89' lang='lat' dir='ltr'><strong>abest</strong></span> <span class='ocrx_word' id='word_1_611' title='bbox 4054 3201 4130 3257; x_wconf 89' lang='lat' dir='ltr'><strong>ut</strong></span> <span class='ocrx_word' id='word_1_612' title='bbox 4171 3193 4306 3258; x_wconf 85' lang='lat' dir='ltr'><strong>ulla</strong></span> 
     </span>
     <span class='ocr_line' id='line_1_91' title="bbox 2347 3276 4304 3362; baseline 0.002 -20"><span class='ocrx_word' id='word_1_613' title='bbox 2347 3276 2461 3344; x_wconf 86' lang='lat' dir='ltr'><strong>hic</strong></span> <span class='ocrx_word' id='word_1_614' title='bbox 2505 3281 2875 3342; x_wconf 83' lang='lat' dir='ltr'><strong>temeritate</strong></span> <span class='ocrx_word' id='word_1_615' title='bbox 2918 3276 3270 3361; x_wconf 89' lang='lat' dir='ltr'><strong>quidquam</strong></span> <span class='ocrx_word' id='word_1_616' title='bbox 3317 3287 3575 3362; x_wconf 85' lang='lat' dir='ltr'><strong>gestum</strong></span> <span class='ocrx_word' id='word_1_617' title='bbox 3630 3279 3719 3344; x_wconf 89' lang='lat' dir='ltr'><strong>sit</strong></span> <span class='ocrx_word' id='word_1_618' title='bbox 3763 3293 3878 3342; x_wconf 84' lang='lat' dir='ltr'><strong>aut</strong></span> <span class='ocrx_word' id='word_1_619' title='bbox 3920 3278 4304 3362; x_wconf 86' lang='lat' dir='ltr'><strong>cuiusquam</strong></span> 
     </span>
     <span class='ocr_line' id='line_1_92' title="bbox 2353 3362 4308 3447; baseline 0.001 -18"><span class='ocrx_word' id='word_1_620' title='bbox 2353 3363 2692 3430; x_wconf 85' lang='lat' dir='ltr'><strong>affectibus</strong></span> <span class='ocrx_word' id='word_1_621' title='bbox 2750 3362 2996 3446; x_wconf 89' lang='lat' dir='ltr'><strong>aliquid</strong></span> <span class='ocrx_word' id='word_1_622' title='bbox 3071 3363 3330 3438; x_wconf 90' lang='lat' dir='ltr'><strong>datum,</strong></span> <span class='ocrx_word' id='word_1_623' title='bbox 3405 3375 3480 3428; x_wconf 91' lang='lat' dir='ltr'><strong>ut</strong></span> <span class='ocrx_word' id='word_1_624' title='bbox 3550 3365 3674 3428; x_wconf 92' lang='lat' dir='ltr'><strong>nisi</strong></span> <span class='ocrx_word' id='word_1_625' title='bbox 3733 3366 3918 3447; x_wconf 91' lang='lat' dir='ltr'><strong>prius</strong></span> <span class='ocrx_word' id='word_1_626' title='bbox 3991 3365 4308 3430; x_wconf 87' lang='lat' dir='ltr'><strong>consultis</strong></span> 
     </span>
     <span class='ocr_line' id='line_1_93' title="bbox 2351 3448 4307 3535; baseline 0 -20"><span class='ocrx_word' id='word_1_627' title='bbox 2351 3449 2736 3516; x_wconf 90' lang='lat' dir='ltr'><strong>clarissimis</strong></span> <span class='ocrx_word' id='word_1_628' title='bbox 2772 3449 3059 3515; x_wconf 85' lang='lat' dir='ltr'><strong>ecclesiis</strong></span> <span class='ocrx_word' id='word_1_629' title='bbox 3103 3470 3236 3513; x_wconf 88' lang='lat' dir='ltr'><strong>non</strong></span> <span class='ocrx_word' id='word_1_630' title='bbox 3281 3449 3526 3531; x_wconf 90' lang='lat' dir='ltr'><strong>paucis,</strong></span> <span class='ocrx_word' id='word_1_631' title='bbox 3575 3448 3734 3514; x_wconf 88' lang='lat' dir='ltr'><strong>nihil</strong></span> <span class='ocrx_word' id='word_1_632' title='bbox 3785 3449 3906 3513; x_wconf 86' lang='lat' dir='ltr'><strong>hoc</strong></span> <span class='ocrx_word' id='word_1_633' title='bbox 3943 3452 4008 3514; x_wconf 90' lang='lat' dir='ltr'><strong>in</strong></span> <span class='ocrx_word' id='word_1_634' title='bbox 4047 3453 4307 3535; x_wconf 86' lang='lat' dir='ltr'><strong>negotio</strong></span> 
     </span>
     <span class='ocr_line' id='line_1_94' title="bbox 2349 3537 2837 3620; baseline -0.006 -18"><span class='ocrx_word' id='word_1_635' title='bbox 2349 3537 2437 3603; x_wconf 89' lang='lat' dir='ltr'><strong>sit</strong></span> <span class='ocrx_word' id='word_1_636' title='bbox 2478 3543 2837 3620; x_wconf 90' lang='lat' dir='ltr'><strong>peractum.</strong></span> 
     </span>
    </p>

    <p class='ocr_par' dir='ltr' id='par_1_14' title="bbox 2348 3620 4314 5251">
     <span class='ocr_line' id='line_1_95' title="bbox 2521 3620 4306 3702; baseline 0 -17"><span class='ocrx_word' id='word_1_637' title='bbox 2521 3620 2716 3702; x_wconf 77' lang='lat' dir='ltr'><strong>Quod</strong></span> <span class='ocrx_word' id='word_1_638' title='bbox 2760 3640 2837 3686; x_wconf 88' lang='lat' dir='ltr'><strong>eo</strong></span> <span class='ocrx_word' id='word_1_639' title='bbox 2880 3620 3215 3686; x_wconf 90' lang='lat' dir='ltr'><strong>lubentius</strong></span> <span class='ocrx_word' id='word_1_640' title='bbox 3256 3642 3434 3686; x_wconf 87' lang='lat' dir='ltr'><strong>nunc</strong></span> <span class='ocrx_word' id='word_1_641' title='bbox 3481 3621 3716 3699; x_wconf 78' lang='lat' dir='ltr'><strong>rosere,</strong></span> <span class='ocrx_word' id='word_1_642' title='bbox 3777 3644 3858 3687; x_wconf 85' lang='lat' dir='ltr'><strong>ne</strong></span> <span class='ocrx_word' id='word_1_643' title='bbox 3902 3630 3979 3687; x_wconf 88' lang='lat' dir='ltr'><strong>tu</strong></span> <span class='ocrx_word' id='word_1_644' title='bbox 4026 3623 4149 3688; x_wconf 90' lang='lat' dir='ltr'><strong>hoc</strong></span> <span class='ocrx_word' id='word_1_645' title='bbox 4195 3622 4306 3686; x_wconf 83' lang='lat' dir='ltr'><strong>de-</strong></span> 
     </span>
     <span class='ocr_line' id='line_1_96' title="bbox 2350 3704 4305 3791; baseline 0.001 -20"><span class='ocrx_word' id='word_1_646' title='bbox 2350 3708 2579 3791; x_wconf 88' lang='lat' dir='ltr'><strong>inceps</strong></span> <span class='ocrx_word' id='word_1_647' title='bbox 2630 3707 2896 3771; x_wconf 92' lang='lat' dir='ltr'><strong>nomine</strong></span> <span class='ocrx_word' id='word_1_648' title='bbox 2959 3704 3219 3772; x_wconf 73' lang='lat' dir='ltr'><strong>Calvino</strong></span> <span class='ocrx_word' id='word_1_649' title='bbox 3289 3717 3544 3772; x_wconf 88' lang='lat' dir='ltr'><strong>struere</strong></span> <span class='ocrx_word' id='word_1_650' title='bbox 3599 3727 3834 3790; x_wconf 87' lang='lat' dir='ltr'><strong>pergas</strong></span> <span class='ocrx_word' id='word_1_651' title='bbox 3891 3707 4305 3786; x_wconf 84' lang='lat' dir='ltr'><strong>calumniam,</strong></span> 
     </span>
     <span class='ocr_line' id='line_1_97' title="bbox 2348 3791 4308 3878; baseline 0.001 -20"><span class='ocrx_word' id='word_1_652' title='bbox 2348 3813 2544 3877; x_wconf 89' lang='lat' dir='ltr'><strong>quem</strong></span> <span class='ocrx_word' id='word_1_653' title='bbox 2603 3811 2723 3857; x_wconf 90' lang='lat' dir='ltr'><strong>nos</strong></span> <span class='ocrx_word' id='word_1_654' title='bbox 2778 3793 2998 3857; x_wconf 84' lang='lat' dir='ltr'><strong>virum</strong></span> <span class='ocrx_word' id='word_1_655' title='bbox 3041 3813 3176 3857; x_wconf 91' lang='lat' dir='ltr'><strong>non</strong></span> <span class='ocrx_word' id='word_1_656' title='bbox 3232 3791 3387 3857; x_wconf 91' lang='lat' dir='ltr'><strong>idoli</strong></span> <span class='ocrx_word' id='word_1_657' title='bbox 3443 3791 3613 3868; x_wconf 89' lang='lat' dir='ltr'><strong>loco,</strong></span> <span class='ocrx_word' id='word_1_658' title='bbox 3671 3793 3845 3875; x_wconf 89' lang='lat' dir='ltr'><strong>quod</strong></span> <span class='ocrx_word' id='word_1_659' title='bbox 3888 3793 4308 3878; x_wconf 84' lang='lat' dir='ltr'><strong>impudenter</strong></span> 
     </span>
     <span class='ocr_line' id='line_1_98' title="bbox 2348 3877 4308 3964; baseline 0 -19"><span class='ocrx_word' id='word_1_660' title='bbox 2348 3881 2565 3964; x_wconf 88' lang='lat' dir='ltr'><strong>fingis,</strong></span> <span class='ocrx_word' id='word_1_661' title='bbox 2610 3877 2797 3944; x_wconf 87' lang='lat' dir='ltr'><strong>nobis</strong></span> <span class='ocrx_word' id='word_1_662' title='bbox 2838 3878 3187 3956; x_wconf 85' lang='lat' dir='ltr'><strong>ereximus,</strong></span> <span class='ocrx_word' id='word_1_663' title='bbox 3247 3879 3361 3961; x_wconf 91' lang='lat' dir='ltr'><strong>qui</strong></span> <span class='ocrx_word' id='word_1_664' title='bbox 3404 3899 3610 3942; x_wconf 91' lang='lat' dir='ltr'><strong>unum</strong></span> <span class='ocrx_word' id='word_1_665' title='bbox 3658 3877 3874 3943; x_wconf 88' lang='lat' dir='ltr'><strong>Deum</strong></span> <span class='ocrx_word' id='word_1_666' title='bbox 3923 3901 4042 3962; x_wconf 89' lang='lat' dir='ltr'><strong>per</strong></span> <span class='ocrx_word' id='word_1_667' title='bbox 4083 3879 4308 3945; x_wconf 84' lang='lat' dir='ltr'><strong>Iesum</strong></span> 
     </span>
     <span class='ocr_line' id='line_1_99' title="bbox 2348 3962 4310 4031; baseline -0.001 0"><span class='ocrx_word' id='word_1_668' title='bbox 2348 3964 2691 4031; x_wconf 83' lang='lat' dir='ltr'><strong>Christum</strong></span> <span class='ocrx_word' id='word_1_669' title='bbox 2768 3964 3154 4030; x_wconf 87' lang='lat' dir='ltr'><strong>inconcussa</strong></span> <span class='ocrx_word' id='word_1_670' title='bbox 3229 3964 3356 4029; x_wconf 89' lang='lat' dir='ltr'><strong>fide</strong></span> <span class='ocrx_word' id='word_1_671' title='bbox 3428 3962 3770 4030; x_wconf 92' lang='lat' dir='ltr'><strong>colendum</strong></span> <span class='ocrx_word' id='word_1_672' title='bbox 3851 3965 4112 4031; x_wconf 87' lang='lat' dir='ltr'><strong>scimus.</strong></span> <span class='ocrx_word' id='word_1_673' title='bbox 4223 3965 4310 4030; x_wconf 87' lang='lat' dir='ltr'><strong>In</strong></span> 
     </span>
     <span class='ocr_line' id='line_1_100' title="bbox 2350 4050 4304 4134; baseline 0 -18"><span class='ocrx_word' id='word_1_674' title='bbox 2350 4051 2727 4117; x_wconf 90' lang='lat' dir='ltr'><strong>hominibus</strong></span> <span class='ocrx_word' id='word_1_675' title='bbox 2791 4071 2952 4115; x_wconf 80' lang='lat' dir='ltr'><strong>vero</strong></span> <span class='ocrx_word' id='word_1_676' title='bbox 3009 4051 3134 4134; x_wconf 91' lang='lat' dir='ltr'><strong>piis</strong></span> <span class='ocrx_word' id='word_1_677' title='bbox 3199 4050 3442 4116; x_wconf 83' lang='lat' dir='ltr'><strong>eximia</strong></span> <span class='ocrx_word' id='word_1_678' title='bbox 3513 4052 3779 4133; x_wconf 85' lang='lat' dir='ltr'><strong>spiritus</strong></span> <span class='ocrx_word' id='word_1_679' title='bbox 3851 4053 4060 4117; x_wconf 86' lang='lat' dir='ltr'><strong>sancti</strong></span> <span class='ocrx_word' id='word_1_680' title='bbox 4117 4053 4304 4129; x_wconf 82' lang='lat' dir='ltr'><strong>dona,</strong></span> 
     </span>
     <span class='ocr_line' id='line_1_101' title="bbox 2349 4135 4310 4220; baseline 0.001 -18"><span class='ocrx_word' id='word_1_681' title='bbox 2349 4139 2586 4220; x_wconf 86' lang='lat' dir='ltr'><strong>quibus</strong></span> <span class='ocrx_word' id='word_1_682' title='bbox 2640 4158 2754 4202; x_wconf 92' lang='lat' dir='ltr'><strong>eos</strong></span> <span class='ocrx_word' id='word_1_683' title='bbox 2808 4135 3070 4201; x_wconf 81' lang='lat' dir='ltr'><strong>abunde</strong></span> <span class='ocrx_word' id='word_1_684' title='bbox 3125 4137 3465 4202; x_wconf 87' lang='lat' dir='ltr'><strong>illustrare</strong></span> <span class='ocrx_word' id='word_1_685' title='bbox 3523 4135 3730 4202; x_wconf 81' lang='lat' dir='ltr'><strong>voluit</strong></span> <span class='ocrx_word' id='word_1_686' title='bbox 3773 4136 4059 4218; x_wconf 89' lang='lat' dir='ltr'><strong>optimus</strong></span> <span class='ocrx_word' id='word_1_687' title='bbox 4101 4138 4310 4214; x_wconf 76' lang='lat' dir='ltr'><strong>Deus,</strong></span> 
     </span>
     <span class='ocr_line' id='line_1_102' title="bbox 2353 4220 4303 4289; baseline -0.002 0"><span class='ocrx_word' id='word_1_688' title='bbox 2353 4223 2461 4289; x_wconf 83' lang='lat' dir='ltr'><strong>vel</strong></span> <span class='ocrx_word' id='word_1_689' title='bbox 2527 4223 2736 4288; x_wconf 81' lang='lat' dir='ltr'><strong>invito</strong></span> <span class='ocrx_word' id='word_1_690' title='bbox 2802 4220 3062 4287; x_wconf 90' lang='lat' dir='ltr'><strong>diabolo</strong></span> <span class='ocrx_word' id='word_1_691' title='bbox 3129 4233 3196 4287; x_wconf 87' lang='lat' dir='ltr'><strong>et</strong></span> <span class='ocrx_word' id='word_1_692' title='bbox 3270 4222 3617 4288; x_wconf 88' lang='lat' dir='ltr'><strong>laudamus</strong></span> <span class='ocrx_word' id='word_1_693' title='bbox 3682 4232 3749 4286; x_wconf 90' lang='lat' dir='ltr'><strong>et</strong></span> <span class='ocrx_word' id='word_1_694' title='bbox 3822 4223 4303 4287; x_wconf 87' lang='lat' dir='ltr'><strong>exosculamur.</strong></span> 
     </span>
     <span class='ocr_line' id='line_1_103' title="bbox 2351 4307 4310 4392; baseline -0.001 -17"><span class='ocrx_word' id='word_1_695' title='bbox 2351 4310 2701 4391; x_wconf 76' lang='lat' dir='ltr'><strong>Tantisper</strong></span> <span class='ocrx_word' id='word_1_696' title='bbox 2744 4317 2965 4373; x_wconf 88' lang='lat' dir='ltr'><strong>autem</strong></span> <span class='ocrx_word' id='word_1_697' title='bbox 3006 4307 3340 4374; x_wconf 72' lang='lat' dir='ltr'><strong>Calvinum</strong></span> <span class='ocrx_word' id='word_1_698' title='bbox 3381 4329 3501 4392; x_wconf 91' lang='lat' dir='ltr'><strong>pro</strong></span> <span class='ocrx_word' id='word_1_699' title='bbox 3545 4309 3790 4392; x_wconf 89' lang='lat' dir='ltr'><strong>insigni</strong></span> <span class='ocrx_word' id='word_1_700' title='bbox 3813 4308 4068 4374; x_wconf 88' lang='lat' dir='ltr'><strong>Ohristi</strong></span> <span class='ocrx_word' id='word_1_701' title='bbox 4110 4328 4310 4373; x_wconf 76' lang='lat' dir='ltr'><strong>servo</strong></span> 
     </span>
     <span class='ocr_line' id='line_1_104' title="bbox 2353 4392 4302 4478; baseline -0.002 -18"><span class='ocrx_word' id='word_1_702' title='bbox 2353 4405 2704 4477; x_wconf 84' lang='lat' dir='ltr'><strong>sanctoque</strong></span> <span class='ocrx_word' id='word_1_703' title='bbox 2758 4393 3083 4478; x_wconf 77' lang='lat' dir='ltr'><strong>evangelii</strong></span> <span class='ocrx_word' id='word_1_704' title='bbox 3145 4395 3446 4460; x_wconf 89' lang='lat' dir='ltr'><strong>ministro</strong></span> <span class='ocrx_word' id='word_1_705' title='bbox 3507 4392 3794 4459; x_wconf 87' lang='lat' dir='ltr'><strong>habituri</strong></span> <span class='ocrx_word' id='word_1_706' title='bbox 3840 4414 4089 4473; x_wconf 90' lang='lat' dir='ltr'><strong>sumus,</strong></span> <span class='ocrx_word' id='word_1_707' title='bbox 4147 4394 4302 4458; x_wconf 91' lang='lat' dir='ltr'><strong>dum</strong></span> 
     </span>
     <span class='ocr_line' id='line_1_105' title="bbox 2350 4477 4304 4564; baseline -0.002 -18"><span class='ocrx_word' id='word_1_708' title='bbox 2350 4483 2421 4546; x_wconf 90' lang='lat' dir='ltr'><strong>in</strong></span> <span class='ocrx_word' id='word_1_709' title='bbox 2467 4481 2590 4547; x_wconf 91' lang='lat' dir='ltr'><strong>hoc</strong></span> <span class='ocrx_word' id='word_1_710' title='bbox 2633 4501 2795 4564; x_wconf 90' lang='lat' dir='ltr'><strong>pure</strong></span> <span class='ocrx_word' id='word_1_711' title='bbox 2850 4477 3118 4545; x_wconf 89' lang='lat' dir='ltr'><strong>docendi</strong></span> <span class='ocrx_word' id='word_1_712' title='bbox 3181 4480 3394 4545; x_wconf 87' lang='lat' dir='ltr'><strong>stadio</strong></span> <span class='ocrx_word' id='word_1_713' title='bbox 3451 4499 3717 4547; x_wconf 87' lang='lat' dir='ltr'><strong>currere</strong></span> <span class='ocrx_word' id='word_1_714' title='bbox 3769 4502 3902 4545; x_wconf 90' lang='lat' dir='ltr'><strong>non</strong></span> <span class='ocrx_word' id='word_1_715' title='bbox 3960 4480 4304 4555; x_wconf 87' lang='lat' dir='ltr'><strong>destiterit,</strong></span> 
     </span>
     <span class='ocr_line' id='line_1_106' title="bbox 2352 4562 4305 4650; baseline -0.002 -17"><span class='ocrx_word' id='word_1_716' title='bbox 2352 4586 2678 4650; x_wconf 87' lang='lat' dir='ltr'><strong>sanaeque</strong></span> <span class='ocrx_word' id='word_1_717' title='bbox 2723 4562 3053 4631; x_wconf 87' lang='lat' dir='ltr'><strong>doctrinae</strong></span> <span class='ocrx_word' id='word_1_718' title='bbox 3099 4566 3316 4644; x_wconf 87' lang='lat' dir='ltr'><strong>fidem,</strong></span> <span class='ocrx_word' id='word_1_719' title='bbox 3365 4577 3440 4630; x_wconf 90' lang='lat' dir='ltr'><strong>ut</strong></span> <span class='ocrx_word' id='word_1_720' title='bbox 3479 4566 3707 4647; x_wconf 88' lang='lat' dir='ltr'><strong>coepit,</strong></span> <span class='ocrx_word' id='word_1_721' title='bbox 3765 4565 4087 4648; x_wconf 83' lang='lat' dir='ltr'><strong>probitate</strong></span> <span class='ocrx_word' id='word_1_722' title='bbox 4132 4565 4305 4629; x_wconf 79' lang='lat' dir='ltr'><strong>vitae</strong></span> 
     </span>
     <span class='ocr_line' id='line_1_107' title="bbox 2349 4651 4302 4735; baseline -0.001 -17"><span class='ocrx_word' id='word_1_723' title='bbox 2349 4652 2539 4718; x_wconf 91' lang='lat' dir='ltr'><strong>nobis</strong></span> <span class='ocrx_word' id='word_1_724' title='bbox 2605 4653 3078 4735; x_wconf 89' lang='lat' dir='ltr'><strong>approbaverit.</strong></span> <span class='ocrx_word' id='word_1_725' title='bbox 3177 4652 3387 4717; x_wconf 91' lang='lat' dir='ltr'><strong>Porro</strong></span> <span class='ocrx_word' id='word_1_726' title='bbox 3459 4672 3568 4716; x_wconf 91' lang='lat' dir='ltr'><strong>eos</strong></span> <span class='ocrx_word' id='word_1_727' title='bbox 3629 4672 3854 4716; x_wconf 90' lang='lat' dir='ltr'><strong>omnes</strong></span> <span class='ocrx_word' id='word_1_728' title='bbox 3924 4651 4032 4733; x_wconf 89' lang='lat' dir='ltr'><strong>qui</strong></span> <span class='ocrx_word' id='word_1_729' title='bbox 4108 4652 4302 4716; x_wconf 87' lang='lat' dir='ltr'><strong>aliam</strong></span> 
     </span>
     <span class='ocr_line' id='line_1_108' title="bbox 2350 4733 4314 4823; baseline -0.001 -20"><span class='ocrx_word' id='word_1_730' title='bbox 2350 4738 2717 4805; x_wconf 88' lang='lat' dir='ltr'><strong>doctrinam</strong></span> <span class='ocrx_word' id='word_1_731' title='bbox 2778 4736 3042 4803; x_wconf 81' lang='lat' dir='ltr'><strong>aliudve</strong></span> <span class='ocrx_word' id='word_1_732' title='bbox 3097 4738 3545 4823; x_wconf 89' lang='lat' dir='ltr'><strong>evangelium,</strong></span> <span class='ocrx_word' id='word_1_733' title='bbox 3603 4758 3801 4821; x_wconf 89' lang='lat' dir='ltr'><strong>quam</strong></span> <span class='ocrx_word' id='word_1_734' title='bbox 3858 4733 4032 4818; x_wconf 91' lang='lat' dir='ltr'><strong>quod</strong></span> <span class='ocrx_word' id='word_1_735' title='bbox 4088 4737 4314 4820; x_wconf 72' lang='lat' dir='ltr'><strong>gratia</strong></span> 
     </span>
     <span class='ocr_line' id='line_1_109' title="bbox 2350 4822 4306 4907; baseline -0.002 -17"><span class='ocrx_word' id='word_1_736' title='bbox 2350 4825 2479 4890; x_wconf 92' lang='lat' dir='ltr'><strong>Dei</strong></span> <span class='ocrx_word' id='word_1_737' title='bbox 2539 4824 2938 4906; x_wconf 90' lang='lat' dir='ltr'><strong>accepimus,</strong></span> <span class='ocrx_word' id='word_1_738' title='bbox 3007 4822 3090 4888; x_wconf 90' lang='lat' dir='ltr'><strong>ad</strong></span> <span class='ocrx_word' id='word_1_739' title='bbox 3149 4844 3272 4890; x_wconf 91' lang='lat' dir='ltr'><strong>nos</strong></span> <span class='ocrx_word' id='word_1_740' title='bbox 3326 4823 3698 4900; x_wconf 89' lang='lat' dir='ltr'><strong>attulerint,</strong></span> <span class='ocrx_word' id='word_1_741' title='bbox 3772 4823 4028 4886; x_wconf 85' lang='lat' dir='ltr'><strong>etiamsi</strong></span> <span class='ocrx_word' id='word_1_742' title='bbox 4094 4823 4306 4907; x_wconf 88' lang='lat' dir='ltr'><strong>capite</strong></span> 
     </span>
     <span class='ocr_line' id='line_1_110' title="bbox 2349 4908 4302 4992; baseline -0.002 -16"><span class='ocrx_word' id='word_1_743' title='bbox 2349 4912 2598 4976; x_wconf 89' lang='lat' dir='ltr'><strong>coelum</strong></span> <span class='ocrx_word' id='word_1_744' title='bbox 2648 4910 2741 4974; x_wconf 92' lang='lat' dir='ltr'><strong>illi</strong></span> <span class='ocrx_word' id='word_1_745' title='bbox 2787 4910 3137 4992; x_wconf 84' lang='lat' dir='ltr'><strong>attingant,</strong></span> <span class='ocrx_word' id='word_1_746' title='bbox 3192 4920 3266 4975; x_wconf 89' lang='lat' dir='ltr'><strong>ut</strong></span> <span class='ocrx_word' id='word_1_747' title='bbox 3324 4909 3742 4974; x_wconf 83' lang='lat' dir='ltr'><strong>anathemata</strong></span> <span class='ocrx_word' id='word_1_748' title='bbox 3803 4908 4302 4974; x_wconf 82' lang='lat' dir='ltr'><strong>exsecrabimur.</strong></span> 
     </span>
     <span class='ocr_line' id='line_1_111' title="bbox 2350 4994 4308 5080; baseline -0.001 -19"><span class='ocrx_word' id='word_1_749' title='bbox 2350 4995 2532 5061; x_wconf 87' lang='lat' dir='ltr'><strong>Nihil</strong></span> <span class='ocrx_word' id='word_1_750' title='bbox 2609 4994 2716 5061; x_wconf 87' lang='lat' dir='ltr'><strong>hic</strong></span> <span class='ocrx_word' id='word_1_751' title='bbox 2776 5007 3028 5080; x_wconf 82' lang='lat' dir='ltr'><strong>superet</strong></span> <span class='ocrx_word' id='word_1_752' title='bbox 3105 4995 3234 5062; x_wconf 89' lang='lat' dir='ltr'><strong>nisi</strong></span> <span class='ocrx_word' id='word_1_753' title='bbox 3288 4996 3504 5061; x_wconf 91' lang='lat' dir='ltr'><strong>Deum</strong></span> <span class='ocrx_word' id='word_1_754' title='bbox 3574 5007 3867 5059; x_wconf 81' lang='lat' dir='ltr'><strong>nostrum</strong></span> <span class='ocrx_word' id='word_1_755' title='bbox 3944 5015 4024 5060; x_wconf 81' lang='lat' dir='ltr'><strong>ex</strong></span> <span class='ocrx_word' id='word_1_756' title='bbox 4084 4995 4308 5060; x_wconf 89' lang='lat' dir='ltr'><strong>animo</strong></span> 
     </span>
     <span class='ocr_line' id='line_1_112' title="bbox 2351 5080 4307 5167; baseline -0.003 -18"><span class='ocrx_word' id='word_1_757' title='bbox 2351 5103 2696 5167; x_wconf 89' lang='lat' dir='ltr'><strong>precemur</strong></span> <span class='ocrx_word' id='word_1_758' title='bbox 2739 5091 2817 5147; x_wconf 91' lang='lat' dir='ltr'><strong>ut</strong></span> <span class='ocrx_word' id='word_1_759' title='bbox 2859 5081 3192 5158; x_wconf 89' lang='lat' dir='ltr'><strong>scandala,</strong></span> <span class='ocrx_word' id='word_1_760' title='bbox 3252 5080 3430 5146; x_wconf 90' lang='lat' dir='ltr'><strong>labes</strong></span> <span class='ocrx_word' id='word_1_761' title='bbox 3487 5087 3554 5147; x_wconf 91' lang='lat' dir='ltr'><strong>et</strong></span> <span class='ocrx_word' id='word_1_762' title='bbox 3608 5080 3899 5146; x_wconf 86' lang='lat' dir='ltr'><strong>maculas</strong></span> <span class='ocrx_word' id='word_1_763' title='bbox 3954 5100 4178 5146; x_wconf 90' lang='lat' dir='ltr'><strong>omnes</strong></span> <span class='ocrx_word' id='word_1_764' title='bbox 4223 5080 4307 5144; x_wconf 89' lang='lat' dir='ltr'><strong>ab</strong></span> 
     </span>
     <span class='ocr_line' id='line_1_113' title="bbox 2350 5166 4306 5251; baseline -0.002 -17"><span class='ocrx_word' id='word_1_765' title='bbox 2350 5167 2624 5235; x_wconf 87' lang='lat' dir='ltr'><strong>ecclesia</strong></span> <span class='ocrx_word' id='word_1_766' title='bbox 2668 5189 2788 5233; x_wconf 90' lang='lat' dir='ltr'><strong>sua</strong></span> <span class='ocrx_word' id='word_1_767' title='bbox 2833 5167 3061 5251; x_wconf 90' lang='lat' dir='ltr'><strong>procul</strong></span> <span class='ocrx_word' id='word_1_768' title='bbox 3107 5179 3421 5244; x_wconf 85' lang='lat' dir='ltr'><strong>amoveat,</strong></span> <span class='ocrx_word' id='word_1_769' title='bbox 3469 5166 3587 5232; x_wconf 90' lang='lat' dir='ltr'><strong>tibi</strong></span> <span class='ocrx_word' id='word_1_770' title='bbox 3632 5187 3790 5231; x_wconf 81' lang='lat' dir='ltr'><strong>vero</strong></span> <span class='ocrx_word' id='word_1_771' title='bbox 3823 5187 3974 5231; x_wconf 88' lang='lat' dir='ltr'><strong>eum</strong></span> <span class='ocrx_word' id='word_1_772' title='bbox 4011 5167 4306 5232; x_wconf 86' lang='lat' dir='ltr'><strong>animum</strong></span> 
     </span>
    </p>
   </div>
   <div class='ocr_carea' id='block_1_11' title="bbox 286 5251 4306 5427">
    <p class='ocr_par' dir='ltr' id='par_1_15' title="bbox 286 5251 4306 5427">
     <span class='ocr_line' id='line_1_114' title="bbox 286 5251 4306 5337; baseline -0.002 -13"><span class='ocrx_word' id='word_1_773' title='bbox 286 5277 488 5324; x_wconf 87' lang='lat' dir='ltr'><strong>unam</strong></span> <span class='ocrx_word' id='word_1_774' title='bbox 516 5263 634 5324; x_wconf 87' lang='lat' dir='ltr'><strong>aut</strong></span> <span class='ocrx_word' id='word_1_775' title='bbox 655 5255 929 5323; x_wconf 89' lang='lat' dir='ltr'><strong>alteram</strong></span> <span class='ocrx_word' id='word_1_776' title='bbox 951 5256 1467 5323; x_wconf 87' lang='lat' dir='ltr'><strong>admonitionem</strong></span> <span class='ocrx_word' id='word_1_777' title='bbox 1492 5255 1732 5335; x_wconf 83' lang='lat' dir='ltr'><strong>devita,</strong></span> <span class='ocrx_word' id='word_1_778' title='bbox 1769 5254 1850 5319; x_wconf 90' lang='lat' dir='ltr'><strong>ad</strong></span> <span class='ocrx_word' id='word_1_779' title='bbox 1888 5254 1956 5319; x_wconf 92' lang='lat' dir='ltr'><strong>id</strong></span> <span class='ocrx_word' id='word_1_780' title='bbox 1979 5254 2245 5336; x_wconf 87' lang='lat' dir='ltr'><strong>quidem</strong></span> <span class='ocrx_word' id='word_1_781' title='bbox 2295 5265 2302 5316; x_wconf 88' lang='grc' dir='ltr'>Ι</span> <span class='ocrx_word' id='word_1_782' title='bbox 2350 5254 2535 5320; x_wconf 87' lang='lat' dir='ltr'><strong>indat</strong></span> <span class='ocrx_word' id='word_1_783' title='bbox 2590 5261 2697 5334; x_wconf 88' lang='lat' dir='ltr'><strong>ut,</strong></span> <span class='ocrx_word' id='word_1_784' title='bbox 2757 5273 2958 5337; x_wconf 89' lang='lat' dir='ltr'><strong>quum</strong></span> <span class='ocrx_word' id='word_1_785' title='bbox 3008 5254 3151 5318; x_wconf 90' lang='lat' dir='ltr'><strong>eius</strong></span> <span class='ocrx_word' id='word_1_786' title='bbox 3209 5254 3498 5318; x_wconf 87' lang='lat' dir='ltr'><strong>bonitate</strong></span> <span class='ocrx_word' id='word_1_787' title='bbox 3555 5253 3739 5318; x_wconf 88' lang='lat' dir='ltr'><strong>dotes</strong></span> <span class='ocrx_word' id='word_1_788' title='bbox 3791 5251 3968 5318; x_wconf 89' lang='lat' dir='ltr'><strong>haud</strong></span> <span class='ocrx_word' id='word_1_789' title='bbox 4012 5262 4306 5319; x_wconf 83' lang='lat' dir='ltr'><strong>contem-</strong></span> 
     </span>
     <span class='ocr_line' id='line_1_115' title="bbox 288 5323 4302 5427; baseline -0.001 -18"><span class='ocrx_word' id='word_1_790' title='bbox 288 5342 497 5409; x_wconf 80' lang='lat' dir='ltr'><strong>facilis</strong></span> <span class='ocrx_word' id='word_1_791' title='bbox 564 5353 667 5410; x_wconf 91' lang='lat' dir='ltr'><strong>est</strong></span> <span class='ocrx_word' id='word_1_792' title='bbox 731 5343 1086 5427; x_wconf 87' lang='lat' dir='ltr'><strong>responsio.</strong></span> <span class='ocrx_word' id='word_1_793' title='bbox 1197 5342 1368 5408; x_wconf 87' lang='lat' dir='ltr'><strong>Nam</strong></span> <span class='ocrx_word' id='word_1_794' title='bbox 1451 5339 1921 5408; x_wconf 82' lang='lat' dir='ltr'><strong>attendendum</strong></span> <span class='ocrx_word' id='word_1_795' title='bbox 1994 5349 2093 5405; x_wconf 87' lang='lat' dir='ltr'><strong>est</strong></span> <span class='ocrx_word' id='word_1_796' title='bbox 2163 5337 2246 5403; x_wconf 83' lang='lat' dir='ltr'><strong>ad</strong></span> <span class='ocrx_word' id='word_1_797' title='bbox 2295 5323 2302 5394; x_wconf 61' lang='grc' dir='ltr'><strong>ἶ</strong></span> <span class='ocrx_word' id='word_1_798' title='bbox 2349 5340 2606 5408; x_wconf 89' lang='lat' dir='ltr'><strong>nendas</strong></span> <span class='ocrx_word' id='word_1_799' title='bbox 2651 5340 2742 5405; x_wconf 90' lang='lat' dir='ltr'><strong>sis</strong></span> <span class='ocrx_word' id='word_1_800' title='bbox 2786 5349 3195 5421; x_wconf 85' lang='lat' dir='ltr'><strong>assequutus,</strong></span> <span class='ocrx_word' id='word_1_801' title='bbox 3257 5360 3367 5405; x_wconf 85' lang='lat' dir='ltr'><strong>eos</strong></span> <span class='ocrx_word' id='word_1_802' title='bbox 3425 5339 3494 5403; x_wconf 90' lang='lat' dir='ltr'><strong>in</strong></span> <span class='ocrx_word' id='word_1_803' title='bbox 3553 5338 3863 5404; x_wconf 80' lang='lat' dir='ltr'><strong>ecclesiae</strong></span> <span class='ocrx_word' id='word_1_804' title='bbox 3908 5359 4064 5404; x_wconf 89' lang='lat' dir='ltr'><strong>suae</strong></span> <span class='ocrx_word' id='word_1_805' title='bbox 4111 5358 4302 5404; x_wconf 81' lang='lat' dir='ltr'><strong>usum</strong></span> 
     </span>
    </p>
   </div>
  </div>
 </body>
</html>
