4850 6200
318 451 437 513 729

314 639 441 722 legi
482 639 657 722 quod
700 640 1017 725 scripsisti
1062 638 1449 724 Bullinqero.
1473 639 1531 726 ⁸)
1608 639 1894 707 Satanas
1935 660 2071 704 non
2115 637 2266 704 dor-

315 728 506 790 mitat
569 733 636 791 et
690 728 855 792 viris
918 727 1107 792 bonis
1172 725 1415 810 ubique
1469 725 1740 792 molitur
1796 727 2106 793 exitium:
2152 724 2267 790 sed

314 812 484 876 vivit
517 822 584 876 et
625 823 863 897 regnat
904 814 1101 878 Deus.

481 898 870 964 Conventus
928 899 1187 982 imperii
1206 903 1263 977 ⁴)
1307 898 1523 963 tendit
1565 898 1646 963 ad
1685 899 1957 976 exitum,
2003 908 2072 962 et
2114 917 2264 980 pro-

314 985 655 1068 rogabitur
712 992 816 1060 (ut
869 985 1089 1064 aiunt)
1143 983 1225 1049 ad
1283 984 1614 1050 Oalendas
1649 985 1949 1050 Martiae.
2037 983 2267 1048 Nostri

313 1072 644 1153 petierunt
700 1082 776 1134 ut
833 1091 963 1152 pax
1022 1071 1325 1155 religioni
1371 1071 1579 1149 detur,
1626 1082 1693 1135 et
1736 1080 1811 1135 ut
1845 1071 2146 1135 omnibus
2190 1070 2265 1133 li-

311 1158 539 1222 berum
593 1157 684 1221 sit
727 1155 1112 1240 religionem
1149 1166 1346 1239 atque
1380 1155 1744 1222 doctrinam
1785 1168 2078 1221 nostram
2126 1174 2263 1219 sec-

311 1244 452 1307 tari.
543 1240 676 1308 Sed
755 1242 879 1308 hoc
944 1242 1300 1307 adversarii
1368 1251 1747 1309 constanter
1810 1254 1880 1308 et
1942 1243 2265 1308 obstinate

310 1338 698 1393 recusarunt
755 1328 1094 1394 hactenus.
1176 1328 1385 1393 Brevi
1441 1350 1914 1414 cognoscemus
1977 1328 2133 1411 quid
2178 1329 2265 1392 sit

310 1414 661 1481 decretum.
765 1413 1114 1480 Caesarem
1173 1416 1359 1479 aiunt
1420 1426 1684 1480 mortua
1745 1425 1961 1480 matre
2015 1414 2263 1479 reditu-

308 1521 456 1565 rum
500 1501 574 1564 iu
598 1500 993 1583 Hispaniam
1041 1512 1117 1564 ut
1156 1511 1519 1565 coronetur.
1590 1503 1691 1566 De
1734 1502 1940 1567 classe
1987 1499 2261 1577 Danica,

310 1607 478 1669 quae
542 1588 846 1669 pervenit
910 1589 974 1649 in
1055 1588 1365 1663 scotiam,
1433 1587 1600 1651 nihil
1670 1586 1885 1653 adhuc
1943 1586 2263 1651 habemus

307 1672 641 1755 comperti.
732 1672 866 1739 Per
928 1673 1235 1757 Angliam
1299 1672 1563 1737 fervent
1622 1673 1928 1738 incendia
1992 1683 2061 1736 et
2103 1672 2264 1737 Gan-

308 1760 653 1824 mariensis
714 1760 787 1823 in
852 1779 1093 1842 magno
1151 1768 1251 1822 est
1315 1758 1711 1823 discrimine.
1806 1756 1913 1822 Ad
1957 1756 2262 1823 calendas

306 1843 718 1928 Septembris
768 1845 1078 1928 Geor-qius
1121 1864 1335 1909 comes
1354 1844 1944 1928 wirtembergicus
1990 1864 2263 1909 uxorem

307 1930 499 1995 ducet
543 1930 922 2013 Lantyravii
964 1930 1185 1996 filiam.

483 2017 844 2082 (farnerias
908 2017 1181 2081 miserat
1245 2016 1715 2098 supellectilem
1767 2015 1849 2080 ad
1910 2037 2031 2080 vos
2067 2026 2262 2098 atque

306 2102 526 2169 libros.
616 2101 1021 2167 Addideram
1080 2102 1392 2167 historiae
1450 2123 1636 2167 meae
1680 2102 2019 2185 exemplar
2052 2123 2260 2167 unum

306 2189 383 2253 ad
446 2200 514 2253 te
570 2187 1053 2270 perferendum.
1158 2186 1294 2253 Sed
1358 2190 1612 2254 interea
1656 2188 1925 2253 videtur
1976 2188 2075 2253 illi
2133 2188 2265 2253 alia

307 2295 447 2340 esse
488 2273 706 2339 oblata
749 2272 1054 2339 conditio.
1069 2278 1119 2349 ⁵)
1190 2275 1425 2357 Itaque
1460 2276 1734 2339 fortasse
1778 2276 1891 2339 fiet
1933 2284 2009 2338 ut
2050 2275 2261 2339 serius

304 2360 381 2424 ad
420 2370 488 2424 te
532 2360 906 2442 perferatur
942 2359 1121 2424 liber.
1190 2361 1269 2425 Id
1314 2370 1535 2425 autem
1572 2361 1721 2425 boni
1766 2360 2087 2435 consulas,
2125 2380 2259 2439 oro,

303 2456 369 2510 et
410 2447 473 2510 si
508 2446 663 2529 quid
701 2447 845 2523 erit,
890 2446 1092 2510 libere
1126 2447 1323 2511 velim
1359 2446 1730 2523 admoneas,
1768 2458 1834 2510 et
1875 2456 2258 2529 pergratum

298 2534 421 2597 erit
467 2534 524 2596 si
570 2533 867 2614 proxime
912 2531 992 2595 de
1048 2553 1124 2596 eo
1182 2533 1349 2597 mihi
1396 2534 1755 2616 scripseris.
1846 2530 2254 2597 Commendo

298 2639 401 2683 me
458 2619 593 2683 tuis
649 2627 718 2682 et
762 2616 1077 2682 bonorum
1132 2621 1423 2683 omnium
1472 2620 1793 2703 precibus.
1882 2617 2071 2697 Vale,
2113 2618 2254 2701 xvij

298 2709 474 2789 Aug.
563 2704 657 2769 M.
707 2703 792 2768 D.
836 2704 983 2768 LV.

1530 2840 1675 2907 Tibi
1721 2840 2085 2993 deditisslms'l
1998 2841 2012 2856 ⁸
2090 2863 2168 2906 us

1735 2928 1829 2992 Io.
1959 2976 1975 2993 .

1192 3510 1389 3579 2272.

746 3663 1324 3730 ALEXANDER
1370 3663 1807 3731 CALVINO.

471 3835 758 3902 Nunciat
820 3856 939 3916 quo
983 3835 1159 3901 modo
1222 3838 1626 3920 Aryentorati
1678 3842 1966 3923 exceptus
2020 3843 2074 3902 et
2110 3845 2254 3923 post

285 3925 542 4004 mimas
583 3922 896 3987 conciones
954 3922 1033 3985 ab
1087 3922 1343 3987 ecclesia
1388 3929 1441 3986 et
1475 3924 1852 4005 mayistratu
1895 3923 1982 3987 ad
2022 3944 2254 3988 munus

295 4009 747 4091 capessendum
789 4013 1040 4073 vocatus
1082 4010 1181 4073 sit.

295 4179 401 4244 (Ex
437 4187 570 4232 auto
670 4180 779 4248 pho
816 4178 946 4233 Oed.
985 4180 1189 4232 Gener.
1229 4178 1330 4232 112
1364 4181 1453 4233 fol.
1492 4177 1607 4233 173.
1678 4180 1868 4232 Lectio
1914 4180 2148 4235 difficilis
2196 4187 2255 4234 et

338 4249 463 4302 hinc
499 4250 557 4302 in
598 4265 629 4301 e
676 4248 856 4314 dubia,
894 4267 960 4302 ex
996 4250 1291 4302 atramenti
1328 4250 1534 4318 pallore
1571 4259 1628 4301 ct
1662 4249 1854 4302 charta
1888 4251 2203 4316 maculata.)

462 4421 725 4486 Pietate
791 4428 857 4485 et
908 4419 1206 4486 doctrina
1258 4420 1621 4486 clarissimo
1678 4422 1822 4486 viro
1881 4420 1965 4485 D.
2016 4421 2252 4486 Iohani

292 4505 571 4572 Calvino
616 4507 926 4572 ecclesiae
972 4507 1382 4572 Gensvensis
1428 4508 1667 4590 pastori
1712 4507 2091 4572 fidelissimo
2136 4506 2248 4572 do·

291 4593 475 4658 mino
510 4601 578 4658 et
622 4595 791 4675 patri
838 4593 1447 4659 observandissime.

1737 4679 2071 4744 Genevae.

461 4850 1035 4916 Reverendissime
1096 4850 1356 4915 domine
1423 4859 1490 4914 et
1547 4859 1731 4934 pater
1789 4850 2243 4917 observandis-

290 4938 471 5002 sime.
546 4939 922 5020 Antequam
966 4937 1328 5001 Lausanna
1352 4943 1404 5012 ¹)
1450 4946 1722 5004 vocatus
1768 4959 1807 5003 a
1849 4938 2244 5020 magistratu

493 5161 558 5297 ἓξ
591 5157 877 5321 {uam
910 5228 1206 5282 celebratus
1247 5227 1412 5282 Stena.
1448 5229 1539 5282 111.
1578 5227 1699 5281 513.
1736 5227 1843 5281 522
1877 5243 1949 5282 ss.

288 5365 475 5420 ΜΒ.
495 5298 558 5428 2P)
592 5296 689 5422 §bi
708 5295 859 5434 lei-2⁷0.
887 5367 1203 5420 consederat
1230 5373 1359 5433 post
1381 5366 1675 5421 discessum
1698 5383 1766 5420 eze
1787 5366 2237 5435 Mombelqardia.

2039 456 2201 517 1555
2247 448 2639 517 ΔΠΘΠΒΤ.

4195 457 4321 521 730

2368 638 2842 722 Argentinensi
2882 638 3272 719 recederem,
3317 641 3658 724 cupiebam
3694 640 3776 705 ad
3814 648 3880 706 te
3916 643 4159 721 venire,
4206 643 4323 709 sed

2367 723 2452 787 D.
2513 723 2766 790 Viretus
2820 725 2891 789 in
2949 747 3021 791 se
3077 727 3364 810 suscepit
3421 748 3601 792 meas
3645 729 4112 808 exeusationes,
4156 749 4320 813 quas

2365 808 2696 891 pollicitus
2740 823 2844 875 est
2885 811 3060 894 apud
3105 821 3170 876 te
3204 813 3437 877 facere.
3527 811 3732 878 Cuius
3794 815 4000 879 fretus
4045 815 4320 881 benevo-

2366 896 2573 960 lentia
2637 898 2792 960 veni
2851 897 3371 982 Argentinam‚²)
3439 897 3548 963 ubi
3615 909 3757 962 tum
3824 921 3863 964 a
3926 901 4322 985 magistratu

2366 990 2507 1045 tum
2569 982 2651 1046 ab
2702 984 2844 1065 ipsa
2901 982 3175 1049 ecclesia
3231 985 3705 1050 humanissime
3760 1006 3904 1049 sum
3960 995 4319 1070 susceptus.

2364 1068 2583 1131 Erant
2616 1068 2876 1150 quidem
2912 1069 3048 1135 illic
3083 1069 3353 1135 dissidia
3387 1080 3455 1134 et
3477 1072 3958 1136 controversiae
3996 1074 4239 1151 variae,
4264 1076 4320 1153 ⁸)

2366 1152 2481 1217 sed
2526 1157 2739 1237 gratia
2783 1156 2908 1220 Dei
2968 1157 3191 1220 omnia
3244 1157 3372 1221 iam
3418 1159 3510 1221 ita
3553 1166 3713 1221 sunt
3754 1172 3982 1240 pacata
4025 1172 4098 1222 ut
4143 1181 4322 1225 nune

2366 1239 2719 1305 videantur
2776 1244 2998 1306 omnia
3056 1263 3230 1306 nova
3285 1242 3483 1309 corda
3529 1264 3723 1307 voces
3781 1255 3846 1308 et
3897 1264 4109 1327 opera.
4207 1243 4321 1313 Sic

2366 1327 2542 1389 enim
2579 1335 2891 1411 operatur
2934 1349 3216 1412 magnus
3258 1328 3370 1394 ille
3413 1329 3486 1393 in
3520 1330 3706 1396 cuius
3740 1349 3942 1394 manu
3980 1335 4138 1395 sunt
4181 1351 4323 1396 om—

2364 1433 2485 1477 nes
2521 1414 2686 1478 fines
2722 1424 2955 1491 terrae,
2992 1415 3101 1497 qui
3140 1425 3474 1480 scrutatur
3507 1428 3574 1479 et
3617 1424 4018 1480 transmutat
4061 1415 4321 1500 quando

2361 1498 2516 1561 vult
2559 1520 2749 1564 renes
2794 1510 2859 1563 et
2900 1499 3113 1565 corda.
3186 1500 3408 1581 Quum
3454 1501 3629 1566 enim
3687 1502 4010 1567 venissem
4059 1503 4318 1586 Argen-

2364 1585 2577 1648 tinam
2631 1596 2698 1650 et
2754 1594 3014 1669 optaret
3066 1589 3493 1669 magistratus
3542 1596 3620 1650 ut
3682 1587 3815 1653 illic
3877 1588 4318 1653 ministerium

2365 1680 2794 1753 acceptarem,
2840 1672 3134 1737 absolute
3175 1675 3569 1752 recusavi:⁴)
3617 1693 3845 1737 verum
3907 1673 4031 1738 hoc
4089 1695 4128 1739 a
4184 1695 4320 1739 ma-

2364 1757 2650 1840 gistratu
2687 1760 3035 1840 impetravi
3069 1768 3146 1823 ut
3186 1760 3257 1823 in
3291 1757 3565 1825 ecclesia
3599 1760 4031 1825 concionarer.
4091 1757 4319 1840 Quum

2365 1852 2585 1906 autem
2640 1843 3012 1925 quindecim
3068 1844 3296 1911 diebus
3352 1846 3620 1910 fuissem
3673 1849 4114 1923 concionatus,
4160 1854 4319 1913 tuno

2364 1928 2792 2008 magistratus
2814 1931 3075 1996 vocavit
3095 1931 3582 1996 concionatores
3616 1939 3683 1996 et
3719 1930 4013 1998 doctores
4056 1940 4125 1996 et
4165 1952 4317 2014 pro-

2362 2014 2642 2079 fessores
2685 2035 2915 2080 omnes
2972 2018 3081 2099 qui
3118 2017 3351 2100 gallice
3407 2026 3750 2093 noverant,
3805 2028 3873 2082 et
3912 2038 3994 2083 ex
4050 2020 4318 2101 potiori-

2363 2100 2488 2165 bus
2530 2100 2839 2166 ecclesiae
2881 2100 2964 2165 ad
3008 2123 3358 2168 numerum
3403 2106 3738 2187 octoginta
3793 2103 4161 2181 hominum,
4204 2105 4318 2187 qui

2362 2205 2593 2251 omues
2628 2209 2757 2252 uno
2801 2206 2912 2253 ore
2948 2198 3266 2271 rogarunt·
3307 2210 3374 2252 m
3467 2191 3766 2254 ‘stratum
3826 2198 3901 2254 ut
3956 2211 4063 2255 me
4105 2191 4176 2255 in
4219 2189 4315 2255 lo—

2362 2290 2515 2335 cum
2560 2271 2645 2336 D.
2695 2274 3016 2351 Gamerii,
3069 2273 3333 2339 excluso
3454 2276 3730 2356 coquina,
3791 2276 4245 2359 subrogarent.
4259 2279 4316 2354 ⁵)

2362 2358 2621 2423 Annuit
2662 2361 3085 2443 magistratus
3129 2372 3195 2424 et
3238 2360 3331 2423 ita
3374 2362 3589 2444 gratia
3655 2362 3799 2437 Dei,
3859 2360 4118 2445 publico
4164 2382 4316 2426 con-

2361 2464 2560 2508 sensu
2596 2445 2907 2510 ecclesiae
2951 2453 3018 2509 et
3051 2446 3478 2528 magistratus
3511 2448 3753 2510 factum
3789 2460 3894 2512 est
3936 2457 4013 2512 ut
4052 2447 4146 2512 ibi
4189 2449 4316 2513 sim

2361 2539 2678 2596 retentus.
2755 2530 2888 2597 Hic
2942 2530 3261 2597 habemus
3323 2532 3600 2596 multam
3643 2533 3924 2615 gratiam
3972 2532 4318 2599 hominum
4385 2554 4392 2561 ·

2361 2628 2446 2691 ct,
2515 2624 2591 2679 ut
2643 2617 2959 2695 intellexi,
3021 2616 3317 2683 diversas
3374 2625 3617 2683 sectas:
3676 2640 3879 2700 quare
3922 2640 4040 2702 per
4089 2619 4318 2685 Iesum

2359 2700 2701 2766 Christum
2761 2713 2831 2767 te
2887 2723 3048 2787 rogo
3105 2713 3180 2768 ut
3235 2703 3607 2769 laborantes
3660 2706 3728 2769 in
3785 2704 3980 2769 vinea
4041 2705 4317 2770 Domini

2358 2805 2482 2851 nec
2525 2786 2742 2854 adhuc
2787 2790 2947 2855 satis
2991 2796 3300 2872 expertos
3344 2790 3637 2873 digneris
3705 2797 3772 2855 et
3812 2790 4079 2857 consilio
4123 2799 4193 2855 et
4225 2791 4318 2855 fa-

2358 2893 2514 2937 vore
2556 2885 2622 2938 et
2661 2874 2964 2957 precibus
3004 2874 3335 2941 adiuvare.
3395 2874 3661 2941 Statum
3698 2884 3961 2942 nostrae
4004 2876 4314 2944 ecclesiae

2358 2957 2482 3022 tibi
2538 2961 2867 3026 intimabit
2967 2962 3372 3027 raesentium
3436 2961 3624 3027 lator.
3735 2963 4056 3029 Dominus
4120 2962 4313 3027 Iesus

2358 3050 2427 3109 te
2477 3044 2788 3131 dignetur
2840 3068 2925 3115 no
2970 3049 3028 3114 is
3086 3059 3152 3113 et
3207 3047 3521 3115 ecclesiae
3575 3069 3736 3114 suae
3775 3049 4022 3115 diutius
4067 3046 4313 3115 ineolu-

2358 3150 2536 3196 mem
2583 3153 2868 3199 servare.
2959 3136 3365 3219 Argentinae
3419 3140 3511 3200 17.
3560 3137 3865 3219 Augusti.

3224 3307 3410 3372 'I'uus
3453 3306 3697 3372 Petrus
3742 3305 4138 3370 Alexander.

2531 3510 2616 3576 D.
2645 3508 2875 3575 Peme
2898 3509 3154 3595 Μανίῳ·
3174 3511 3412 3595 hospes
3433 3532 3621 3576 meus
3640 3515 3695 3590 ⁶)

2357 3593 2552 3746 ἓξὲξ
2583 3595 3040 3747 ffllurimum
3075 3596 3334 3662 salvere
3372 3619 3520 3662 cum
3555 3618 3692 3661 om·

2563 4005 2627 4072 2)
2660 4023 2726 4060 m.
2767 4007 2915 4062 Iulio
2949 4013 3010 4061 ut
3056 4009 3320 4063 condicere
3365 4007 3486 4063 licet
3531 4025 3597 4061 ex
3637 4009 3867 4062 Memor.
3911 4008 4080 4064 XXI.
4117 4009 4193 4063 ad
4226 4008 4311 4062 2⁷.

2356 4074 2467 4129 Iul.
2542 4076 2756 4130 Ibidem
2791 4077 2858 4129 de
2890 4079 3193 4145 receptione
3225 4080 3344 4130 eius
3379 4078 3648 4146 quaedam
3683 4078 3950 4144 loquutur.

2564 4144 2623 4212 3)
2661 4145 2910 4199 Maxime
2944 4162 3010 4200 ex
3047 4146 3295 4215 Boqm'ni
3325 4150 3625 4200 vocatione.

2560 4213 2618 4280 4)
2659 4212 2787 4269 Sca.
2808 4216 2943 4285 quia
2976 4216 3047 4269 ab
3082 4219 3210 4283 ipsa
3244 4217 3470 4270 ecclesia
3489 4217 3681 4271 vocari
3713 4215 3938 4281 volebat,
3974 4231 4087 4269 non
4123 4233 4160 4268 a
4198 4215 4312 4267 solo

2353 4284 2700 4350 mayistratu.

2561 4352 2618 4406 53
2653 4350 2813 4406 Haec
2844 4364 3057 4422 quoque
3091 4354 3150 4418 in
3191 4350 3421 4405 Memor.
3458 4353 3493 4404 1.
3526 4354 3560 4405 l.
3596 4356 3921 4405 narrantur.
3995 4352 4309 4422 Boquimm

2356 4418 2595 4473 Senatus
2627 4422 2958 4486 reclamante
2992 4420 3216 4477 ecclesia
3249 4436 3360 4474 aaa
3396 4421 3754 4486 confirmavit.

2558 4488 2618 4556 6)
2658 4490 2784 4544 Iam
2828 4493 2891 4546 in
2926 4491 3135 4560 Anqlia
3180 4490 3320 4543 alter
3364 4491 3526 4543 alteri
3558 4490 3799 4543 innotuit
3833 4495 3882 4542 et
3923 4489 4310 4555 famuliaritate

2349 4557 2574 4612 iunctus
2602 4561 2728 4624 fait.
2787 4560 3014 4630 Martyr
3049 4563 3162 4614 iam
3200 4560 3454 4614 ecclesiae
3484 4558 3794 4632 yallicaaae
3828 4575 3864 4611 a
3899 4559 4128 4613 οοπειῖίο
4157 4573 4308 4626 pres-

2504 4643 2660 4682 orum
2695 4635 2828 4684 erat.
