4850 6200
323 454 447 514 833

322 659 595 705 manere
661 660 826 721 quae
897 637 982 703 ab
1044 639 1206 722 ipsis
1271 639 1673 705 Bernatibus
1739 639 1983 705 dictata
2046 640 2279 704 fuerat.

323 724 458 792 Sed
504 725 662 808 quia
719 726 1149 807 scripserant,
1209 746 1281 790 se
1325 748 1444 791 nec
1492 726 1660 791 velle
1702 748 1824 792 nec
2097 725 2281 790 illam

323 813 632 885 retinere,
679 811 904 875 addita
947 812 1071 875 fuit
1115 811 1496 887 moderatio,
1544 823 1615 876 ut
1658 822 1845 877 osten
1895 821 2083 876 erent
2125 809 2285 893 quid

324 898 487 980 ipsis
546 898 834 980 placeret
887 898 1145 981 corrigi.
1236 898 1597 980 Aliquanto
1640 907 1790 979 post
1833 907 2124 980 tempore
2168 918 2282 962 ve·

322 985 522 1049 niunt
582 984 782 1067 legati
836 984 1275 1065 scriptamque
1333 985 1752 1050 correctionis
1805 983 2078 1049 formam
2125 983 2284 1047 affe-

325 1082 504 1134 runt.
595 1070 896 1134 Primum
940 1080 1137 1152 caput
1192 1084 1337 1134 erat
1380 1070 1462 1132 de
1505 1071 1958 1135 communibus
2003 1069 2282 1134 iudiciis.

324 1155 513 1220 Inter
571 1155 917 1220 Helvetios
975 1156 1102 1219 sois
1158 1156 1282 1219 hoc
1341 1156 1441 1220 ius
1498 1165 1832 1238 receptum
1892 1176 2033 1220 esse
2094 1165 2168 1218 ut
2228 1155 2283 1218 si

326 1243 690 1325 Tigurinus
746 1242 1071 1324 quispiam
1119 1262 1266 1306 cum
1312 1242 1454 1307 cive
1498 1241 1824 1306 Bernensi
1883 1242 2114 1324 litiget,
2175 1242 2284 1306 ubi

324 1330 591 1411 gravari
659 1348 729 1392 se
794 1327 1056 1409 putabit
1121 1328 1334 1409 prima
1401 1330 1759 1405 sententia,
1830 1339 2136 1409 provocet
2201 1326 2283 1391 ad

326 1413 579 1479 iudices
625 1413 932 1495 utrinque
976 1412 1282 1478 delectos.
1371 1414 1519 1478 Hoc
1563 1425 1773 1478 totum
1811 1414 2133 1478 Bernates
2179 1434 2287 1477 ex-

327 1501 532 1584 pungi
582 1499 816 1563 volunt
859 1521 941 1563 ex
981 1520 1150 1564 novo
1191 1499 1469 1564 foedere.
1539 1500 1766 1564 Nostri
1803 1510 2108 1565 recusant
2142 1500 2283 1581 qui-

330 1587 499 1661 dem,
548 1584 664 1650 sed
699 1585 1101 1650 Bernatibus
1137 1587 1533 1668 permittunt
1568 1588 1983 1669 restringere,
2030 1587 2082 1649 si
2128 1583 2284 1667 quid

329 1671 601 1737 modum
662 1671 950 1737 excedat.
1041 1672 1320 1736 Penitus
1378 1692 1536 1735 vero
1593 1671 1742 1736 illas
1794 1672 2288 1753 provocationes

330 1758 472 1823 tolli
533 1780 732 1842 quam
791 1759 920 1822 illis
981 1778 1184 1841 grave
1251 1759 1338 1820 sit
1394 1758 1710 1835 futurum,
1779 1779 1911 1821 non
1977 1756 2289 1839 discepto,

331 1845 486 1927 quia
530 1844 694 1909 mihi
754 1866 895 1908 rem
939 1856 1013 1908 ut
1073 1856 1219 1909 acta
1273 1854 1371 1907 est
1427 1844 1811 1925 simpliciter
1855 1842 2101 1907 referre
2147 1864 2291 1925 pro-

329 1932 542 2014 posui.
636 1930 712 1995 Si
759 1929 838 1995 de
882 1928 1141 2013 publico
1185 1930 1447 1994 urbium
1505 1931 1648 1993 iure
1692 1944 1838 1993 orta
1894 1929 2093 1993 fuerit
2136 1951 2290 1992 con-

329 2018 673 2093 troversia,
734 2018 1075 2099 patiuntur
1120 2017 1443 2080 Bernates
1491 2016 1713 2080 valere
1758 2017 2093 2096 antiquam
2140 2036 2291 2079 con-

331 2104 766 2167 suetudinem.
859 2101 992 2167 Sed
1053 2123 1254 2183 quum
1316 2103 1630 2167 hactenus
1687 2125 1768 2165 ex
1825 2113 2060 2167 senatu
2104 2101 2291 2165 Basi-

331 2190 523 2253 liensi
570 2201 870 2270 sumptus
916 2190 1114 2252 fuerit
1157 2210 1453 2252 summus
1498 2188 1762 2263 arbiter,
1811 2188 1889 2252 ad
1938 2187 2100 2251 duos
2144 2209 2293 2252 con-

333 2276 509 2340 sules
577 2277 992 2358 restringunt
1057 2288 1122 2338 et
1190 2275 1382 2339 simul
1446 2274 1681 2339 volunt
1742 2274 2112 2339 Suittenses
2179 2273 2291 2336 ad-

331 2362 535 2445 iungi.
651 2360 1043 2442 Quanquam
1109 2374 1329 2425 autem
1393 2359 1594 2424 huius
1661 2361 2045 2424 mutationis
2112 2360 2295 2423 nulla

333 2448 611 2512 affertur
646 2446 878 2511 idonea
914 2447 1098 2523 ratio,
1146 2448 1353 2511 nostri
1393 2460 1613 2510 tamen
1651 2458 1989 2510 annuunt:
2036 2458 2292 2513 tantum

334 2534 414 2599 de
460 2534 912 2599 Suittensibus
963 2532 1429 2615 deprecantur,
1488 2533 1640 2614 quia
1695 2543 1760 2596 et
1814 2532 2038 2615 procul
2085 2530 2294 2596 dissiti

332 2634 489 2684 sunt
548 2634 616 2684 et
673 2620 895 2683 nullus
950 2632 1052 2683 est
1106 2618 1276 2700 apud
1336 2640 1444 2683 eos
1503 2619 1769 2701 linguae
1813 2632 2071 2683 nostrae
2115 2639 2291 2681 usus.

334 2707 690 2789 Tigurinos
735 2726 892 2789 ergo
936 2705 1007 2768 in
1054 2726 1278 2770 eorum
1337 2704 1552 2768 locum
1597 2703 1974 2787 subrogant.
2065 2703 2205 2767 Iam
2254 2726 2294 2767 a

332 2792 739 2857 Bernatibus
775 2793 1086 2874 deligitur
1127 2791 1306 2856 locus
1350 2789 1747 2855 commodior
1783 2790 1864 2854 ad
1908 2809 2103 2872 quem
2140 2811 2292 2853 con-

333 2881 612 2943 veniant
654 2877 916 2943 iudices.
1007 2878 1230 2942 Nostri
1281 2877 1385 2942 hic
1430 2898 1578 2941 cum
1641 2898 1759 2941 suo
1803 2875 2148 2958 dispendio
2188 2897 2292 2941 ce-

335 2966 492 3030 dere
538 2966 748 3048 parati
793 2976 967 3029 sunt.

508 3050 892 3118 Secundum
944 3062 1144 3132 caput
1189 3059 1306 3124 est,
1346 3070 1429 3114 ne
1472 3049 1617 3133 quis
1661 3049 1972 3132 pecuniae
2017 3047 2290 3124 debitor,

334 3140 638 3220 quamvis
682 3160 918 3220 corpus
961 3157 1155 3200 suum
1192 3135 1600 3220 obligaverit,
1643 3136 1916 3217 posthac
1956 3135 2022 3199 in
2074 3155 2292 3199 carce-

336 3245 478 3289 rem
527 3224 823 3289 ducatur.
913 3222 992 3287 Id
1037 3221 1297 3304 quidem
1345 3233 1499 3286 ante
1544 3241 1756 3286 annos
1799 3219 2290 3303 quatuordecim

336 3318 668 3375 tentatum
737 3311 969 3375 fuerat.
1055 3309 1316 3372 Acriter
1377 3310 1576 3372 etiam
1620 3319 1887 3373 senatus
1932 3307 2292 3372 Bernensis

334 3397 625 3479 impulsu
670 3395 751 3459 ad
799 3407 1059 3460 nostros
1094 3393 1447 3459 flectendos
1505 3394 1836 3459 instabant
1893 3392 2293 3457 Basilienses

336 3483 598 3547 arbitri:
646 3481 807 3546 nihil
855 3493 1075 3545 tamen
1123 3481 1249 3544 fuit
1284 3481 1730 3563 impetratum.
1821 3479 2080 3543 Nostris
2115 3478 2289 3542 enim

335 3589 729 3651 persuasum
792 3578 909 3646 est,
981 3568 1036 3632 si
1093 3566 1217 3631 hoc
1260 3567 1364 3631 ius
1423 3587 1766 3632 excussum
1811 3564 2027 3641 fuerit,
2066 3565 2293 3629 urbem

338 3675 528 3719 suam
587 3675 717 3718 non
760 3675 948 3736 posse
985 3665 1161 3717 stare
1204 3653 1620 3718 incolumem.
1695 3652 1836 3715 Imo
1881 3651 2035 3732 quia
2080 3650 2295 3714 adhuc

337 3738 768 3806 recordantur
812 3762 916 3804 me
963 3749 1120 3803 tunc
1158 3737 1238 3803 de
1280 3760 1551 3803 assensu
1596 3736 1795 3802 verba
1838 3735 2084 3813 fecisse,
2131 3736 2292 3818 mol·

336 3826 547 3890 liticm
630 3847 844 3889 meam
927 3825 1176 3889 habent
1218 3819 1639 3908 'suspectam
1749 3821 2064 3887 Rationes
2140 3844 2292 3887 vero

339 3912 677 3977 adducunt
697 3910 1034 3994 placandis
1060 3911 1462 3977 Bernatibus
1496 3930 1661 3993 quae
1705 3907 1842 3980 tibi,
1888 3929 2022 3972 non
2046 3907 2292 3986 dubito,

338 3999 806 4063 satisfacerent.

511 4085 735 4148 Tertio
772 4083 911 4149 loco
959 4082 1263 4148 volebant
1284 4082 1627 4157 Bernates,
1673 4080 1844 4163 quod
1888 4093 2042 4144 ante
2086 4099 2293 4144 annos

339 4169 654 4234 trecedim
700 4170 781 4234 de
825 4169 1052 4235 multis
1076 4168 1537 4233 controversiis
1581 4166 2105 4251 pronunciarunt
2158 4166 2291 4230 Ba-

336 4256 639 4321 silienses
682 4256 932 4332 arbitri,
961 4253 1206 4319 nullius
1250 4254 1532 4336 amplius
1577 4252 1890 4317 momenti
1930 4272 2094 4317 esse.
2163 4250 2289 4318 Os-

339 4340 621 4406 tendunt
665 4345 876 4406 nostri
919 4340 1186 4406 exitiale
1226 4340 1348 4405 hoc
1390 4342 1547 4417 fore,
1584 4351 1660 4402 ut
1694 4350 1944 4403 certum
1989 4349 2104 4402 est.
2164 4339 2292 4402 Ro-

337 4437 501 4510 gant
543 4448 701 4511 ergo
740 4436 812 4490 ut
845 4429 1038 4492 firma
1059 4425 1335 4491 arbitrio
1372 4427 1692 4490 autoritas
1717 4431 2000 4488 maneat.
2072 4423 2289 4504 Quor-

338 4534 484 4577 sum
527 4534 686 4578 vero
731 4514 962 4578 tendat
1005 4512 1127 4576 hoc
1171 4522 1437 4576 senatus
1480 4510 1842 4577 Bernensis
1885 4510 2290 4592 postulatum

337 4600 643 4665 nescitur.

509 4684 830 4750 Ultimum
866 4697 1063 4767 caput
1107 4695 1208 4748 est
1255 4694 1326 4748 ut
1364 4684 1572 4747 nostri
1607 4681 1847 4746 diserte
1885 4683 2288 4763 promittant,

336 4791 405 4836 se
464 4772 725 4836 nullum
777 4792 1062 4853 unquam
1122 4770 1348 4834 foedus
1406 4790 1555 4835 cum
1600 4769 1729 4832 alia
1793 4766 2124 4848 republica
2175 4789 2289 4832 ex-

335 4859 672 4940 petituros.
741 4859 944 4939 Atqui
988 4858 1112 4922 hoc
1151 4855 1410 4937 quidem
1445 4855 1578 4920 iam
1614 4867 1766 4919 ante
1811 4875 2018 4918 annos
2053 4853 2292 4937 viginti

336 4943 605 5027 polliciti
652 4958 837 5020 sunt,
894 4953 973 5008 ut
1016 4943 1339 5007 Bernates
1381 4943 1675 5023 ipsorum
1719 4939 1917 5004 fidem
1960 4940 2086 5004 sibi
2130 4941 2291 5005 satis

337 5051 662 5113 superque
706 5030 1086 5094 obstrictam
1130 5027 1435 5093 habeant.
1526 5025 1659 5091 Sed
1705 5047 1882 5091 nunc
1925 5026 1996 5089 in
2035 5025 2292 5090 foedere

337 5116 570 5180 volunt
614 5116 1000 5180 nominatim
1047 5115 1378 5197 perscribi.
1468 5112 1693 5177 Nostri
1742 5132 1918 5186 vero,
1980 5112 2133 5193 quia
2168 5111 2292 5176 sibi

339 5199 618 5266 incautis
664 5204 730 5265 in
777 5203 991 5265 medio
1032 5201 1319 5264 tumultu
1340 5199 1568 5264 bellico
1618 5198 1929 5262 videbant
1973 5197 2287 5262 iniectum

339 5309 479 5352 esse
544 5290 868 5370 laqueum,
938 5288 1194 5369 saepius
1253 5287 1643 5368 flagitarunt
1686 5284 1808 5349 hoc
1853 5283 1975 5346 sibi
2022 5284 2287 5359 remitti,

337 5383 410 5436 ut
454 5374 626 5438 bona
670 5387 934 5438 senatus
981 5373 1340 5437 Bernensis
1388 5373 1578 5436 venia
1614 5383 1680 5435 et
1736 5390 1894 5452 pace
1940 5391 2085 5435 cum
2134 5369 2287 5434 reli-

542 5477 761 5530 catam·
788 5491 971 5546 opera.
1057 5476 1168 5531 νοι.
1205 5475 1259 5527 x
1278 5475 1336 5528 V.

2029 454 2191 515 1555
2234 449 2561 516 OOTOB.

4208 457 4337 519 834

2381 640 2528 722 quis
2571 638 2899 705 Helvetiis
2942 640 3168 706 foedus
3212 641 3380 705 inire
3422 640 3699 706 liberum
3759 649 3951 708 esset.
4038 645 4142 709 Ac
4183 650 4339 710 ante

2384 747 2591 791 annos
2628 748 2864 791 novem
2911 727 3177 809 polliciti
3223 738 3381 793 sunt
3424 729 3762 803 Bernates,
3801 751 3871 793 se
3914 750 4175 794 omnem
4221 730 4339 795 da-

2382 822 2566 877 turos
2627 833 2893 894 operam
2954 823 3026 876 ut
3076 813 3246 879 banc
3291 813 3520 877 urbem
3568 813 3793 879 eodem
3834 817 3979 879 iure
4022 815 4089 879 in
4134 816 4338 881 socie-

2381 906 2589 962 tatem
2634 896 2891 962 admitti
2913 911 3222 964 curarent
3243 920 3369 982 quo
3394 898 3804 983 Sangallum,
3851 901 4340 966 Milboutium*

2385 995 2453 1048 et
2496 984 2912 1049 Rotevillam.
3004 985 3151 1050 Hoc
3186 1006 3565 1067 responsum
3612 987 3854 1071 publici
3901 988 4152 1052 scribae
4196 987 4340 1053 chi-

2385 1071 2714 1154 rographo
2751 1071 2958 1135 nostri
2995 1084 3356 1136 asservant.
3426 1072 3602 1136 Hinc
3624 1074 3871 1137 factum
3917 1088 4015 1137 est
4059 1083 4137 1137 ut
4160 1095 4339 1139 nunc

2386 1168 2693 1240 peterent
2728 1156 2950 1220 datam
2988 1157 3113 1221 sibi
3150 1157 3342 1221 fidem
3381 1158 3718 1239 praestari.
3794 1157 3936 1223 Sibi
3974 1161 4149 1223 enim
4187 1180 4339 1224 cum

2386 1242 2658 1324 reliquis
2725 1243 3034 1324 gentibus
3103 1242 3267 1307 nihil
3334 1264 3496 1318 esse,
3562 1242 3676 1307 sed
3734 1245 3930 1309 nimis
3974 1267 4044 1310 se
4089 1245 4342 1310 duriter

2386 1328 2767 1411 constringi,
2806 1330 2859 1391 si
2899 1327 2982 1393 ad
3019 1329 3362 1394 Helvetios
3407 1329 3699 1411 aspirare
3734 1351 3864 1394 non
3904 1330 4109 1396 liceat.
4202 1333 4340 1397 Nec

2387 1413 2703 1478 diuturna
2760 1415 2884 1478 fuit
2941 1415 3360 1480 consultatio:
3422 1414 3730 1496 postridie
3774 1419 3948 1480 enim
3996 1437 4191 1500 quam
4229 1438 4343 1481 ve-

2387 1511 2629 1564 nerant
2692 1501 2891 1583 legati
2961 1501 3082 1566 hoc
3139 1500 3270 1564 illis
3342 1502 3982 1567 senatusconsultum
4050 1503 4344 1568 oblatum

2384 1585 2529 1650 fuit.
2618 1586 2761 1649 Iam
2830 1585 3010 1652 vides
3075 1608 3114 1650 a
3181 1588 3420 1651 nostris
3486 1587 3650 1650 nihil
3716 1587 3919 1653 fuisse
3989 1600 4334 1653 novatum:

2391 1671 2647 1748 deinde,
2716 1671 2928 1753 quoad
2993 1672 3368 1756 patiebatur
3410 1671 3589 1737 urbis
3647 1684 3877 1751 status,
3938 1674 4340 1740 Bernatibus

2389 1778 2639 1822 morem
2685 1758 2980 1840 gessisse.
3072 1757 3294 1838 Quare
3339 1781 3474 1823 non
3516 1768 3613 1823 est
3669 1760 3837 1842 quod
3897 1759 4122 1825 multis
4168 1759 4342 1843 apud

2390 1865 2498 1908 me
2556 1841 2836 1908 disseras
2892 1864 3083 1926 quam
3136 1844 3325 1909 nobis
3384 1845 3545 1909 utile
3590 1846 3676 1909 sit
3717 1845 4056 1911 Bernense
4098 1846 4344 1911 foedus.

2391 1930 2593 1993 Novit
2638 1940 2816 1994 totus
2860 1940 3123 1995 senatus
3158 1946 3399 2009 noster,
3437 1952 3588 2012 pars
3624 1932 3818 1995 etiam
3876 1932 4091 2014 aliqua
4134 1931 4345 2016 plebis

2393 2036 2529 2079 non
2578 2016 2859 2097 ignorat,
2926 2036 3121 2098 quam
3188 2015 3468 2080 fideliter
3536 2016 3899 2081 studuerim
3946 2016 4109 2083 illud
4153 2018 4342 2083 tueri.

2394 2101 2820 2184 Quantopere
2859 2122 3016 2166 vero
3053 2124 3093 2166 a
3129 2122 3283 2185 rege
3307 2102 3565 2166 Galliae
3598 2103 4005 2179 abhorream,
4053 2126 4185 2169 uno
4224 2105 4345 2169 hoc

2396 2188 2569 2251 dicto
2607 2188 2768 2252 satis
2813 2187 2985 2252 clare
3008 2197 3265 2252 constat
3307 2188 3476 2270 quod
3522 2210 3649 2251 non
3678 2190 3879 2253 semel
3924 2212 4009 2253 ex
4054 2212 4167 2256 ore
4201 2211 4347 2256 meo

2393 2274 2465 2337 in
2511 2288 2742 2337 senatu
2787 2273 3081 2337 auditum
3128 2285 3253 2337 est:
3345 2272 3422 2337 Si
3466 2294 3596 2356 qua
3640 2274 3822 2340 illinc
3869 2295 4029 2341 aura
4073 2278 4347 2354 afflaret,

2394 2371 2731 2442 praestare
2788 2357 2960 2424 dirui
3028 2373 3278 2443 partem
3342 2358 3599 2423 aedium
3636 2371 3703 2423 et
3747 2383 4007 2425 murum
4058 2362 4189 2427 alte
4234 2384 4348 2426 ex-

2395 2448 2563 2511 strui
2627 2446 2737 2528 qni
2795 2445 3212 2527 pestilentem
3268 2445 3446 2509 illam
3502 2445 3877 2510 illecebram
3923 2468 3962 2509 a
4008 2449 4195 2513 nobis
4241 2471 4348 2514 ar-

2395 2541 2590 2596 ceret.

2567 2617 3015 2697 Quantumvis
3060 2628 3279 2682 autem
3326 2617 3614 2701 maligne
3659 2629 3724 2682 et
3764 2619 3989 2700 inique
4050 2640 4154 2682 me
4211 2620 4350 2702 ple-

2396 2705 2584 2786 rique
2610 2713 2864 2781 vexent,
2890 2702 3127 2785 quibus
3148 2701 3456 2785 prodesse
3492 2703 3731 2779 studui,
3757 2725 3979 2769 eorum
4005 2704 4353 2788 ingratitu-

2398 2788 2617 2853 dinem
2657 2810 2789 2853 non
2825 2810 3060 2853 moror.
3130 2790 3266 2854 Nec
3304 2811 3476 2865 vero,
3515 2790 3685 2873 quod
3723 2804 3983 2872 captare
4019 2790 4377 2869 videntur,‘

2398 2896 2439 2939 a
2483 2884 2658 2939 recta
2700 2874 2878 2939 linea
2921 2896 3209 2957 unquam
3256 2874 3555 2942 abducar.
3644 2876 3913 2941 Utinam
3973 2875 4199 2940 eadem
4245 2900 4346 2943 se-

2399 2961 2676 3025 dulitate
2719 2962 2955 3025 fratres
2992 2963 3196 3026 nostri
3241 2961 3614 3026 Beruenses
3660 2961 3742 3025 ad
3787 2983 3937 3026 suos
3974 2962 4349 3029 retinendos

2395 3046 2803 3113 incumbant.
2873 3046 2948 3112 Si
2983 3049 3078 3112 ita
3121 3049 3338 3112 visum
3385 3049 3601 3125 fuerit,
3648 3047 3843 3114 huius
3887 3047 4198 3131 epistolae
4234 3070 4350 3115 ex-

2396 3134 2650 3216 emplar
2689 3132 2771 3198 ad
2816 3133 3164 3198 Hallerum
3211 3135 3413 3199 mitte.
3506 3133 3584 3200 Si
3624 3135 3691 3198 in
3752 3155 3885 3199 una
3942 3134 4194 3219 syllaba
4248 3136 4352 3201 fn-

2397 3239 2546 3284 oum
2591 3220 2820 3285 fecisse
2867 3220 3310 3302 deprehensus
3354 3221 3557 3300 fuer0,
3606 3241 3736 3285 non
3782 3241 4011 3286 recuso
4047 3223 4352 3303 quamvis

2396 3305 2828 3389 ignominiam
2874 3305 3108 3371 subire.
3182 3307 3283 3370 Tu
3319 3327 3495 3384 vero,
3542 3306 3651 3372 nbi
3697 3308 4082 3391 cognoveris
4127 3306 4353 3373 hostes

2397 3412 2581 3456 meos
2625 3401 2758 3456 tam
2804 3413 3022 3457 crasse
3056 3393 3354 3469 fabulari,
3400 3415 3517 3475 pro
3559 3404 3678 3457 tua
3711 3393 4061 3477 prudentia
4119 3406 4187 3459 et
4244 3414 4352 3459 ae-

2396 3478 2649 3561 quitate
2713 3489 2966 3542 statues
3027 3478 3341 3560 quidnam
3408 3479 3556 3560 plus
3622 3503 3661 3543 a
3725 3500 3832 3543 me
3896 3479 4107 3561 possit
4173 3480 4354 3564 exigi

2397 3583 2595 3646 quam
2633 3564 2806 3628 ultro
2851 3564 3308 3646 praestiterim.
3400 3565 3659 3641 Merito,
3719 3567 3774 3630 si
3834 3567 4146 3651 utrinque
4183 3566 4353 3630 duae

2397 3648 2594 3714 urbes
2629 3650 2695 3713 in
2743 3658 3001 3732 apertas
3046 3648 3401 3715 discordias
3446 3663 3811 3733 erumpant,
3850 3652 4105 3716 tristem
4141 3663 4207 3715 et
4249 3652 4353 3715 fu-

2397 3747 2660 3801 nestum
2704 3736 2959 3800 exitum
2995 3735 3328 3819 deploras:
3367 3757 3493 3818 quo
3542 3758 3659 3801 nos
3721 3737 3952 3801 maiori
4013 3736 4197 3821 digni
4241 3759 4351 3802 su-

2396 3843 2548 3886 mus
2593 3821 3058 3900 misericordia,
3106 3822 3161 3886 si
3184 3822 3475 3887 innoxiis
3510 3835 3806 3887 extrema
3846 3823 4182 3889 calamitas
4226 3824 4352 3888 im-

2397 3906 2658 3992 pendat.
2727 3908 2896 3971 'Pota
2917 3907 3276 3972 Bernensis
3312 3907 3469 3971 ditio
3514 3908 3594 3972 de
3640 3908 3828 3987 bello,
3875 3909 3955 3973 de
3998 3908 4354 3988 obsidione,

2397 3993 2480 4057 de
2538 3993 2790 4058 excidio
2855 3991 3052 4057 huius
3115 3993 3294 4058 urbis
3353 3995 3735 4076 perstrepit,
3798 3996 4018 4059 nullus
4072 3995 4352 4077 denique

2396 4080 2711 4161 praeterit
2763 4078 2903 4143 dies
2949 4099 3077 4162 quo
3125 4101 3255 4143 non
3312 4080 3789 4146 denuncientur
3833 4081 3988 4144 novi
4046 4093 4350 4156 terrores,

2396 4181 2559 4247 quos
2601 4164 2900 4248 equidem
2948 4185 3156 4230 vanos
3201 4187 3342 4230 esse
3378 4167 3676 4231 arbitror.
3759 4165 3894 4230 Sed
3954 4166 4151 4229 multi
4205 4186 4352 4229 sus-

2394 4253 2701 4334 picantur
2745 4271 2970 4315 eorum
3016 4252 3280 4316 silentio
3326 4273 3456 4316 non
3503 4253 3617 4317 abs
3663 4273 3731 4316 re
3775 4252 4003 4328 foveri,
4051 4251 4163 4333 qui
4209 4250 4347 4316 solo

2395 4350 2564 4401 nutu
2621 4358 2730 4402 eos
2789 4346 3069 4419 possunt
3118 4338 3560 4421 exstinguere.
3649 4337 3846 4402 Certe
3917 4339 4157 4401 mirum
4226 4347 4348 4415 est,

2392 4424 2591 4488 rebus
2637 4421 2795 4487 adeo
2835 4423 3077 4505 ubique
3132 4423 3411 4489 turbatis
3455 4444 3679 4507 pacem
3736 4443 3870 4487 non
3916 4423 4142 4486 maiori
4204 4443 4346 4488 esse

2394 4529 2605 4575 curae.
2698 4507 2832 4573 Sed
2876 4509 3223 4588 Dominus,
3269 4519 3341 4573 nt
3385 4529 3596 4593 spero,
3642 4530 3762 4573 nos
3807 4508 4129 4591 respiciet.

2568 4592 2760 4660 Unde
2819 4593 2926 4661 hic
2989 4597 3175 4661 furor
3229 4595 3560 4660 veteribus
3619 4596 3858 4660 vestris
3903 4595 4113 4671 sociis,
4151 4602 4226 4659 ut
4262 4594 4345 4659 de

2391 4678 2816 4746 iurisiurandi
2873 4681 3084 4746 forma
3127 4680 3313 4747 vobis
3359 4682 3482 4746 hoc
3530 4693 3818 4763 tempore
3873 4681 4133 4745 molesti
4189 4681 4343 4760 sint,

2394 4767 2712 4833 coniicere
2757 4788 2886 4830 non
2932 4781 3033 4833 est
3077 4767 3355 4833 difficile.
3446 4768 3582 4832 Nos
3628 4768 3802 4831 enim
3848 4764 4077 4831 vident
4118 4788 4346 4849 scopas

2393 4874 2535 4917 esse
2600 4851 2973 4918 dissolutas.
3068 4854 3390 4919 Audacter
3454 4855 3659 4937 igitur
3723 4854 3789 4916 in
3858 4853 4146 4916 medium
4194 4874 4343 4934 pro-

2391 4949 2729 5021 rumpunt.
2812 4939 3017 5002 Forte
3053 4939 3182 5004 illis
3219 4939 3521 5003 fiduciam
3582 4939 3764 5003 addit
3821 4941 4145 5021 pontificis
4196 4960 4346 5005 cum

2391 5046 2547 5108 rege
2613 5023 2871 5089 Galliae
2926 5026 3312 5090 coniunctio
3404 5026 3734 5090 Dominus
3779 5026 4014 5108 spiritu
4060 5026 4346 5090 invictae

2390 5110 2793 5175 fortitudinis
2818 5121 3068 5174 vestros
3091 5113 3449 5188 confirmet,
3498 5123 3569 5173 ut
3607 5112 3854 5175 centies
3900 5111 4117 5192 potius
4162 5111 4348 5176 inani

2391 5196 2657 5261 honoris
2716 5197 2906 5259 titulo
2967 5218 3036 5261 se
3082 5196 3385 5261 abdicent
3428 5217 3625 5278 quam
3671 5198 4041 5261 sustineant
4085 5219 4345 5263 sacrum

2393 5283 2524 5347 Dei
2550 5303 2787 5346 nomen
2833 5284 2898 5345 in
2946 5283 3104 5347 urbe
3141 5303 3259 5346 sua
3281 5283 3480 5365 impie
3507 5284 3854 5364 profanari.
3927 5282 4123 5363 Quod
4168 5295 4343 5349 certe

2394 5370 2511 5432 fiet
2569 5369 2624 5432 si
2670 5368 3121 5433 iusiurandum
3167 5389 3284 5451 per
3329 5381 3588 5434 sanctos
3634 5391 3673 5433 a
3717 5389 3785 5433 so
3832 5369 4010 5453 exigi
4056 5370 4124 5434 in
4163 5370 4349 5438 curia.
