4850 6200
355 472 477 535 837

357 678 433 722 ea:
474 656 703 739 quibus
743 656 1004 722 meliora
1046 658 1287 740 aliquis
1331 660 1690 740 auyuraur.
1785 656 2068 722 Puerum
2119 657 2315 721 Turi-

357 763 593 809 eensem
626 743 751 809 sibi
783 744 1272 809 commendatum
1305 762 1425 824 quo
1448 748 1635 823 pacto
1670 743 1740 807 in
1761 742 2101 826 hospitium
2127 764 2316 809 suum

359 831 628 914 recipere
658 831 884 911 possit,
926 831 1196 910 exponit.

361 1002 468 1063 (Ex
503 1000 844 1070 autographo
883 1001 1044 1054 Arch.
1083 1000 1260 1053 Turio.
1304 1000 1446 1053 Plnt.
1485 1001 1577 1054 VI.
1625 1000 1745 1055 Vol.
1784 998 1901 1065 166,
1938 1000 2028 1052 fol.
2066 997 2151 1061 63,
2188 1000 2317 1053 olim

360 1071 502 1140 Epp.
558 1070 710 1122 Tem.
755 1069 841 1122 24.
919 1069 1248 1138 Apographa
1302 1075 1521 1122 exstant
1573 1069 1756 1136 plura:
1816 1070 2158 1124 Genevensia
2210 1070 2316 1122 duo

361 1139 489 1193 Cod.
531 1138 648 1205 119,
696 1138 791 1193 fol.
831 1137 930 1190 123
966 1145 1023 1191 et
1059 1138 1190 1191 Coa.
1227 1138 1375 1201 lllb,
1420 1140 1510 1191 fol.
1548 1138 1633 1199 33,
1688 1140 1985 1192 Beruensia
2030 1138 2137 1192 duo
2175 1139 2318 1207 Epp.

635 1208 725 1261 VI.
760 1225 813 1276 p.
848 1207 955 1261 934
990 1214 1047 1261 et
1084 1206 1236 1270 1096,
1270 1207 1503 1277 deniqne
1542 1209 1756 1261 Simleri
1794 1207 1919 1261 Vol.
1955 1206 2064 1272 85.)

532 1379 798 1444 Eximio
865 1378 1115 1445 Christi
1188 1402 1378 1444 servo
1438 1379 1523 1444 D.
1583 1380 1874 1446 Henrico
1929 1379 2317 1463 Bullingero

358 1465 722 1551 Tigurinae
765 1466 1077 1532 ecclesiae
1120 1466 1502 1532 fidelissimo
1548 1468 1816 1550 pastori.
1901 1553 2151 1636 Tiguri-

788 1722 1088 1789 Salutem
1131 1735 1193 1789 et
1240 1744 1466 1807 pacem
1512 1744 1551 1787 a
1596 1723 1906 1788 Domino.

360 1969 485 2030 que
530 1958 598 2012 et
640 1947 1070 2025 calumniose,
1130 1948 1197 2010 id
1256 1956 1384 2024 est,
1444 1969 1640 2030 quam
1686 1969 1804 2012 suo
1850 1970 2031 2013 more
2074 1949 2320 2013 faciant

360 2035 471 2117 qui
545 2035 1152 2098 innocentissimum
1219 2032 1551 2098 hominem
1618 2033 1740 2097 sibi
1809 2056 2067 2117 quoquo
2125 2034 2317 2099 modo

358 2120 788 2184 evertendum
845 2130 1344 2202 proposuerunt.
1437 2119 1570 2185 Sed
1625 2122 1792 2183 vivit
1838 2121 2164 2185 Dominus
2209 2123 2319 2203 qui

359 2208 593 2289 aspicit
637 2207 800 2270 11333
844 2207 1066 2270 omnia
1110 2216 1174 2269 et
1218 2206 1493 2289 inopum
1536 2227 1800 2271 causam
1847 2207 2074 2289 procul
2122 2208 2317 2272 dubio

355 2295 668 2358 tuebitur.
771 2292 902 2356 Hic
958 2292 1220 2374 quidem
1290 2295 1356 2356 in
1423 2292 1588 2358 urbe
1656 2302 1841 2356 tanta
1896 2315 2030 2376 pax
2089 2304 2187 2357 est
2245 2316 2320 2360 ac

357 2376 721 2457 concordia,
783 2380 838 2443 is
884 2399 1241 2443 concursus
1288 2376 1368 2442 ad
1418 2379 1691 2443 verbum
1734 2380 1857 2442 Dei
1902 2379 2317 2457 audiendum,

358 2486 437 2530 ea
477 2465 854 2529 testimonia
890 2466 1147 2546 pietatis
1184 2487 1258 2529 ac
1304 2465 1661 2548 religionis,
1709 2475 1787 2529 ut
1823 2466 1925 2530 vel
1973 2465 2135 2530 haec
2180 2465 2320 2530 sola

361 2552 707 2615 manifeste
745 2550 1078 2616 declarent
1114 2551 1438 2614 diabolum
1480 2572 1611 2614 una
1647 2573 1792 2616 cum
1832 2551 2126 2635 profugis
2168 2551 2319 2631 11113,

361 2639 473 2720 331
519 2659 694 2702 3333
737 2637 990 2702 coelum
1035 2644 1101 2700 et
1159 2648 1404 2700 terram
1452 2658 1714 2701 movere
1774 2646 2118 2713 conantur,
2178 2658 2319 2703 sese

361 2743 447 2787 ex
493 2722 733 2805 oppido
778 2723 1061 2799 eiecisse,
1122 2744 1328 2805 quum
1383 2725 1560 2787 intus
1605 2724 1739 2788 sint
1783 2723 2138 2805 tranquilla
2180 2746 2317 2788 om-

359 2810 492 2886 nia,
540 2808 701 2873 foris
750 2818 987 2885 autem,
1033 2829 1418 2891 quocunque
1463 2809 1560 2873 illi
1597 2811 2004 2891 perveniant,
2051 2810 2200 2873 lites
2244 2831 2320 2875 ac

361 2894 756 2960 discordiam
801 2916 1021 2959 secum
1069 2896 1359 2959 trahant.
1451 2894 1642 2976 Quod
1689 2896 1742 2958 si
1788 2896 1899 2977 qui
1943 2897 2011 2958 in
2057 2896 2321 2960 illorum

359 3001 579 3046 mores
638 3000 714 3046 ac
773 2992 1185 3063 praesentem
1240 2981 1437 3046 etiam
1485 2982 1691 3045 vitam
1738 2982 2153 3063 inspicerent,
2216 2981 2319 3045 vel

359 3088 440 3133 ea
482 3088 620 3132 una
663 3088 771 3131 res
816 3068 978 3132 satis
1023 3068 1337 3132 momenti
1379 3068 1651 3132 haberet
1695 3067 1775 3131 ad
1813 3089 1922 3133 eos
1959 3088 2089 3132 non
2126 3066 2320 3132 modo

358 3176 493 3219 non
542 3152 916 3230 audiendos,
961 3153 1075 3217 sed
1122 3154 1319 3217 etiam
1365 3175 1522 3219 suae
1557 3154 1956 3237 reipublicae
1991 3152 2321 3220 dedendos

357 3239 428 3304 in
476 3261 774 3322 poenam.
865 3238 997 3304 Sed
1047 3238 1284 3306 accidit
1325 3241 1544 3305 nescio
1587 3239 1909 3322 quomodo
1953 3250 2028 3304 ut
2068 3249 2135 3304 et
2176 3240 2319 3305 istis

357 3326 633 3409 impune
691 3325 953 3407 quidvis
1010 3325 1207 3390 liceat
1264 3326 1686 3400 comminisci,
1755 3336 1824 3390 et
1881 3326 1993 3390 alii
2050 3326 2319 3408 quaevis

357 3421 668 3494 portenta
689 3411 1180 3476 mendaciorum
1212 3434 1326 3494 pro
1363 3412 1559 3478 certis
1594 3413 1876 3477 oraculis
1898 3413 2238 3495 accipiant.
2261 3414 2318 3490 ²)

360 3497 531 3578 Quis
589 3497 854 3562 tandem
912 3497 1176 3563 futurus
1234 3497 1322 3562 sit
1366 3499 1583 3563 exitus
1628 3509 1889 3581 tempus
1948 3498 2318 3564 declarabit.

357 3583 644 3648 Interim
690 3584 902 3666 magis
949 3605 1024 3648 ac
1066 3586 1278 3666 magis
1338 3584 1850 3649 incumbendum
1895 3593 1996 3648 est
2038 3585 2320 3649 orationi

355 3679 431 3734 ut
489 3669 664 3735 hanc
729 3690 984 3752 quoque
1053 3681 1508 3752 tempestatem
1569 3671 1896 3735 Dominus
1955 3691 1994 3734 a
2052 3692 2318 3736 suorum

359 3755 683 3837 capitibus
719 3754 1060 3838 depulsam
1095 3757 1163 3820 in
1199 3757 1473 3820 istorum
1510 3757 1830 3844 malorum
1870 3770 2130 3822 autores
2165 3778 2318 3822 con-

355 3849 597 3906 vertat.

535 3926 732 4008 Quod
769 3937 988 3992 autem
1035 3927 1118 3991 ad
1164 3949 1281 3992 nos
1326 3931 1578 4004 attinet,
1625 3929 1752 3993 nisi
1787 3949 1917 3993 non
1955 3928 2148 3993 modo
2185 3950 2316 3994 non

358 4014 678 4078 miserum
745 4014 857 4077 sed
924 4013 1125 4078 etiam
1203 4014 1611 4096 praeclarum
1675 4023 1849 4080 esset
1911 4036 2058 4080 cum
2131 4014 2318 4080 bonis

359 4100 598 4184 affligi,
657 4110 962 4181 putarem
1017 4100 1279 4182 proprie
1324 4100 1406 4165 de
1463 4101 1654 4167 nobis
1697 4102 2130 4166 vaticinatum
2176 4122 2319 4166 esse

356 4184 715 4270 Virgilium
748 4185 874 4250 hoc
910 4186 1262 4251 versiculo:
1313 4185 1590 4251 Mantua
1616 4207 1731 4251 vae
1754 4188 2024 4252 miserae
2049 4188 2320 4252 nimium

354 4273 567 4337 vicina
616 4270 973 4336 Cremonae.
994 4274 1049 4345 3)
1140 4272 1343 4347 Nam,
1402 4294 1488 4336 ne
1531 4273 1819 4352 nescias,
1879 4275 1951 4336 in
1995 4292 2115 4338 nos
2161 4295 2318 4356 quo-

355 4378 485 4440 que
532 4357 794 4440 quidvis
837 4357 1007 4433 licet,
1055 4369 1138 4436 et,
1185 4365 1262 4422 ut
1305 4380 1435 4423 uno
1479 4358 1680 4423 verbo
1725 4358 1957 4437 dicam,
2002 4379 2119 4440 pro
2164 4358 2318 4424 Gal-

356 4443 624 4508 vinistis
676 4443 1018 4520 habemur,
1042 4445 1098 4527 ⁴)
1159 4443 1331 4527 quod
1388 4445 1634 4509 crimen
1693 4444 1902 4508 multo
1947 4445 2160 4510 maius
2220 4455 2321 4509 est

358 4550 556 4612 quam
602 4530 659 4593 si
704 4541 964 4594 caetera
1007 4531 1232 4595 omnia
1285 4531 1355 4594 in
1400 4551 1608 4595 unum
1652 4533 2032 4613 coniungas.
2123 4531 2320 4596 Oerte

355 4615 530 4679 nihil
595 4637 799 4697 aeque
857 4636 1090 4681 severe
1151 4615 1431 4681 edicitur
1488 4626 1602 4700 aut
1659 4615 2050 4681 vindicatur.
2142 4615 2320 4698 Quid

355 4701 566 4785 igitur
631 4703 931 4766 futurum
999 4703 1271 4767 censes?
1361 4702 1614 4784 Nempe
1680 4712 1754 4766 ut
1819 4701 2145 4768 Dominus
2210 4702 2319 4766 vel

357 4786 545 4852 brevi
592 4788 848 4852 animos
892 4788 1253 4853 multorum
1294 4789 1618 4866 immutet,
1675 4788 1781 4853 vel
1826 4788 1972 4854 aliis
2017 4788 2318 4872 agricolis

358 4874 626 4939 vineam
669 4894 859 4939 suam
903 4873 1126 4939 tradat
1169 4896 1209 4940 a
1252 4875 1487 4959 quibus
1530 4895 1648 4941 suo
1693 4882 1987 4958 tempore
2030 4876 2316 4941 fructum

356 5130 538 5185 2881.
560 5130 619 5194 1)
651 5131 1126 5200 praecedentibus,
1182 5147 1322 5201 quae
1368 5148 1495 5201 erqo
1541 5131 1696 5186 Besa
1744 5137 2029 5198 praesente
2079 5132 2317 5201 scriptae

354 5202 622 5330 sumna)
675 5269 809 5322 Vide
843 5285 983 5339 <letae
1015 5285 1082 5322 ex
1123 5268 1347 5323 Bolseco
1383 5271 1667 5324 attulimus
1702 5269 1779 5324 ad
1817 5269 1889 5323 N.
1926 5268 2080 5323 2326.

568 5338 629 5404 3)
668 5338 855 5405 Ecloy.
889 5340 982 5392 IX.
1019 5337 1102 5390 28.

571 5406 630 5475 4)
672 5406 720 5461 Ο
755 5408 1117 5463 calumniam!
1148 5425 1180 5461 o
1213 5407 1624 5463 mendaciorum
1651 5411 1994 5476 portentum(

2101 474 2263 533 1555
2309 467 2639 539 ΟΟΤΟΒ.

4249 479 4377 540 838

2417 658 2712 740 accipiat.
2801 659 2946 741 Ego
3006 658 3263 740 quidem
3324 682 3473 724 eum
3543 659 3717 725 diem
3782 662 4201 744 cupidissime
4259 686 4379 729 ex·-

2417 756 2638 825 specto
2682 766 2808 827 quo
2854 744 3018 808 mihi
3062 768 3147 809 ex
3194 746 3315 811 hac
3361 768 3615 829 quoque
3651 748 3997 831 Babylone
4037 752 4125 813 sit
4169 749 4378 814 demi-

2418 829 2764 913 grandum,
2791 835 2845 906 5)
2892 831 3070 895 33113
3109 830 3368 912 quidem
3407 834 3790 915 cuiusquam
3836 834 3982 899 odio
4029 845 4144 899 aut
4186 857 4377 919 prae-

2416 928 2680 998 postera
2738 918 3002 981 maioris
3061 919 3176 981 otii
3230 918 3584 1000 cupiditate
3645 922 3764 1001 (ita
3820 943 3924 984 me
3982 922 4145 987 bene
4190 924 4379 987 Deus

2420 1003 2659 1079 amoti)
2705 1000 2818 1065 sed
2866 1024 3088 1067 eorum
3137 1004 3353 1085 potius
3396 1006 3960 1070 commiseratione
4006 1010 4118 1088 qui
4154 1007 4376 1072 Deum

2420 1090 2493 1151 in
2539 1110 2608 1152 se
2668 1108 3025 1171 provocare
3073 1111 3201 1152 non
3260 1091 3600 1168 desinunt,
3665 1112 3740 1156 ac
3796 1093 4069 1176 proinde
4128 1104 4378 1159 certam

2421 1173 2545 1238 sibi
2592 1175 2949 1257 perniciem
2992 1195 3339 1247 accersere,
3397 1177 3585 1241 cuius
3631 1199 3780 1261 ege,
3840 1179 3896 1243 si
3953 1179 4095 1243 fieri
4149 1180 4375 1261 possit,

2421 1282 2508 1324 33
2552 1261 2741 1324 testis
2785 1261 3051 1343 quidem
3094 1283 3235 1326 esse
3282 1264 3499 1326 velim.
3591 1262 3725 1328 Sed
3772 1272 3991 1328 tamen
4037 1266 4166 1330 ista
4212 1276 4378 1330 tcm-

2420 1358 2640 1428 pestas
2700 1367 2835 1421 nos,
2901 1360 2974 1410 ut
3030 1368 3239 1428 spere,
3296 1370 3430 1413 non
3491 1349 3739 1413 auferet
3796 1371 4006 1432 neque
4064 1350 4379 1433 impediet

2420 1434 2788 1515 quominus,
2832 1433 3143 1515 quamdiu
3165 1434 3452 1497 Domino
3489 1436 3705 1499 visum
3742 1434 3961 1515 fuerit,
4005 1438 4262 1501 fortiter
4305 1438 4376 1500 in

2420 1520 2702 1583 statione
2747 1538 3145 1583 maneamus.
3235 1519 3476 1587 Visum
3537 1530 3752 1585 autem
3812 1530 3910 1587 est-
3954 1522 4115 1586 mihi
4177 1524 4244 1586 in
4290 1523 4377 1587 si-

2421 1626 2582 1669 num
2630 1621 2813 1667 tuum
2862 1605 2991 1667 ista
3035 1604 3388 1681 effundere,
3432 1608 3673 1690 partim
3714 1616 3787 1671 ut
3821 1607 3991 1672 hanc
4034 1609 4379 1673 tristitiam

2421 1693 2837 1773 aliquatenus
2883 1691 3181 1754 eiicerem
3228 1712 3314 1754 ex
3359 1694 3596 1769 animo,
3641 1695 3881 1775 partim
3918 1695 4087 1775 quod
4134 1718 4215 1759 ex
4259 1704 4381 1758 tua

2363 1766 2371 1829 ¹
2419 1798 2538 1859 pro
2604 1778 2792 1841 nobis
2859 1775 3295 1841 sollicitudine
3373 1781 3631 1861 tuisque
3696 1780 3999 1863 precibus
4059 1801 4380 1864 magnum

531 1862 640 1926 Ex
682 1860 932 1929 Calvini
977 1861 1182 1926 nostri
1230 1862 1437 1926 literis
1473 1866 1519 1937 ¹)
1566 1881 1915 1944 cognosces
1951 1884 2146 1946 quam
2187 1852 2317 1926 sni·
2364 1842 2372 1917 Ι

2421 1863 2727 1927 solatium
2777 1884 2851 1927 ac
2895 1863 3197 1926 levamen
3242 1876 3634 1944 exspectem.
3725 1864 3860 1930 Sed
3905 1866 3984 1930 de
4029 1866 4136 1931 his
4180 1865 4379 1932 rebus

2422 1950 2573 2031 9133
2615 1949 2789 2013 satis.
2834 1974 2839 1977 ·
2884 1946 2991 2012 Ad
3018 1948 3166 2036 ‘alia
3210 1952 3422 2015 venie.

2595 2035 2985 2100 Hotomanus
3022 2041 3341 2111 noster,⁶)
3388 2038 3492 2101 cui
3539 2036 3763 2101 literas
3798 2039 4251 2103 commiseram
4295 2037 4381 2102 ad

2443 2121 2804 2204 Veryerium
2842 2121 3285 2203 perferendas,
3323 2124 3486 2186 mihi
3526 2123 3785 2187 rediens
3814 2123 3868 2209 ⁷)
3914 2125 4273 2189 affirmavit
4306 2145 4377 2190 se

2422 2229 2533 2271 eas
2579 2208 2751 2289 apud
2800 2222 2864 2271 te
2910 2208 3301 2287 deposuisse.
3384 2209 3748 2291 Rescripsit
3790 2211 3896 2274 his
3942 2210 4168 2276 diebus
4229 2210 4377 2276 Ver-

2417 2294 2638 2375 9crius
2682 2294 2803 2355 sibi
2849 2293 3109 2375 quidem
3155 2315 3296 2357 esse
3342 2294 3648 2373 redditas,
3705 2296 3815 2359 sed
3872 2318 4028 2361 casu
4072 2298 4379 2361 inventas

2424 2379 2856 2455 Schaffusiae,
2915 2390 2981 2442 et
3026 2379 3283 2461 quidem
3344 2380 3517 2444 solas
3570 2382 3640 2444 in
3687 2382 4023 2446 cuiusdam
4073 2383 4379 2448 manibus

2422 2487 2623 2547 quum
2671 2465 3071 2547 aliquamdiu
3115 2465 3545 2531 oberrassent.
3635 2467 3868 2549 Itaque
3912 2477 4134 2532 monet
4177 2479 4252 2532 ut
4308 2470 4379 2532 in

2423 2552 2528 2615 his
2572 2551 2767 2615 rebus
2810 2553 3124 2615 maiorem
3168 2554 3537 2616 cautionem
3585 2553 3946 2617 adhibeam.
4016 2554 4237 2618 Huius
4282 2556 4380 2620 rei

2424 2638 2669 2719 placuit
2737 2648 2801 2701 te
2858 2635 3210 2701 admonere
3264 2648 3339 2701 ut
3396 2652 3470 2701 tu
3538 2660 3795 2720 quoque
3863 2639 3970 2705 hic
4036 2640 4374 2723 advigiles.

2425 2723 2597 2787 Nam
2643 2723 2767 2787 etsi
2811 2722 2977 2786 nihil
3024 2725 3369 2788 scribimus
3414 2725 3585 2806 quod
3633 2746 3764 2788 non
3809 2726 4024 2806 palam
4070 2728 4244 2790 tueri
4289 2726 4378 2790 si-

2423 2830 2576 2872 mus
2623 2809 2854 2891 parati,
2912 2819 3134 2873 tamen
3182 2812 3294 2874 vix
3339 2811 3565 2875 credas
3611 2831 3802 2893 quam
3849 2811 4036 2874 multi
4083 2814 4218 2876 sint
4263 2813 4379 2895 qui

2425 2894 2633 2959 literis
2682 2896 2920 2959 nostris
2962 2896 3456 2976 intercipiendis
3491 2897 3904 2973 insidientur,
3925 2899 3984 2976 ὃ)
4030 2897 4189 2962 adeo
4234 2899 4379 2980 qui-

2426 2980 2573 3046 dem
2620 2980 3039 3063 impudenter
3074 2994 3150 3045 ut
3189 2983 3253 3044 in
3298 2982 3442 3063 ipsa
3479 3004 3682 3065 usque
3729 2983 4090 3064 penetralia
4124 2985 4377 3068 ingres·

2425 3088 2532 3132 sos
2579 3088 2708 3131 non
2757 3065 2998 3150 pudeat
3053 3068 3357 3149 epistolas
3402 3070 3811 3134 familiariter
3854 3069 4129 3153 scriptas
4174 3070 4379 3134 suffu-

2423 3154 2579 3231 rari,
2625 3155 2864 3236 quibus
2900 3151 3133 3219 deinde
3169 3155 3577 3220 ostentandis
3622 3157 3939 3243 confletur
3984 3157 4173 3222 bonis
4216 3157 4378 3223 viris

2421 3238 2692 3304 invidia.
2759 3239 3108 3305 Caeterum
3152 3240 3223 3304 in
3268 3240 3400 3305 illis
3444 3241 3525 3305 ad
3567 3242 3929 3324 Veryerium
3966 3242 4174 3307 literis
4218 3244 4378 3308 scri-

2424 3327 2686 3404 bebam,
2749 3347 2856 3390 me
2900 3346 3033 3390 non
3091 3347 3283 3408 posse
3340 3329 3498 3391 satis
3543 3328 3772 3391 mirari
3818 3326 3986 3410 quod
4040 3328 4379 3393 hominem

2422 3413 2714 3476 omnium
2762 3433 2922 3494 quos
2977 3422 3196 3476 autem
3253 3413 3578 3478 audissem
3622 3412 4012 3494 ἀσεβέστατον
4065 3417 4159 3479 ita
4202 3436 4378 3480 eom·

2422 3497 2823 3580 plecteretur
2884 3511 2956 3562 ut
3015 3498 3213 3562 etiam
3268 3499 3388 3562 sibi
3450 3499 3821 3580 proximum
3880 3521 4022 3565 esse
4082 3501 4297 3565 vellet.
4321 3505 4377 3576 ⁹)

2419 3584 2513 3648 Et
2556 3584 2625 3648 in
2671 3604 2814 3648 eam
2860 3585 3254 3648 sententiam
3291 3584 3501 3649 multa
3543 3584 3978 3668 adiungebam
4019 3608 4099 3651 ex
4140 3587 4377 3669 quibus

2419 3670 2563 3754 ipse
2619 3669 3015 3753 intelligeret
3074 3691 3269 3751 quam
3326 3671 3438 3736 1113
3503 3671 3703 3753 impie
3762 3671 3842 3735 de
3904 3673 4250 3755 praecipuo
4309 3681 4377 3737 et
4434 3699 4447 3704 ⁴

2420 3759 2633 3837 primo
2678 3756 3015 3840 religionis
3050 3756 3278 3838 capite,
3326 3756 3389 3820 id
3430 3767 3547 3832 est,
3594 3756 3674 3821 de
3704 3757 3849 3822 Deo
3892 3759 4036 3841 ipso
4080 3760 4375 3824 sentiret.

2419 3843 2568 3907 Hoc
2624 3842 2781 3925 quid
2836 3844 2922 3906 sit
2978 3844 3202 3925 paucis
3256 3841 3502 3907 dicam:
3562 3841 3733 3925 quod
3792 3865 3912 3927 ego
3969 3844 4234 3926 quidem
4293 3867 4377 3909 ex

2421 3928 2711 3993 hominis
2776 3928 2984 4012 ipsius
3051 3949 3162 3992 ore
3218 3949 3345 3992 non
3407 3927 3721 4006 intellexi,
3790 3930 3904 3994 sed
3970 3934 4244 4014 cognovi
4293 3952 4378 3995 ex

2417 4014 2630 4079 literis
2686 4015 2894 4097 ipsius
2939 4035 3139 4078 manu
3195 4016 3587 4097 scriptis‚¹⁰)
3634 4026 3708 4079 ut
3765 4015 4054 4092 infitiari,
4116 4017 4377 4081 etiamsi

2420 4100 2602 4178 velit,
2648 4121 2778 4164 non
2827 4103 3051 4182 possit.
3140 4100 3358 4163 Deum
3415 4110 3638 4166 censet
3682 4123 3922 4165 nomen
3967 4123 4108 4166 esse
4152 4102 4377 4184 appel-

2418 4186 2731 4263 lativum,
2785 4208 2911 4268 quo
2967 4187 3332 4251 communis
3377 4187 3694 4269 quaedam
3752 4187 3960 4251 tribus
4018 4188 4377 4253 individuis

2419 4281 2662 4337 natura
2706 4273 3128 4356 significetur,
3182 4282 3257 4336 ut
3301 4271 3850 4354 quomadmodum
3900 4273 4094 4337 homo
4140 4273 4377 4338 dividi-

2420 4369 2531 4422 tur
2571 4360 2640 4423 in
2666 4358 2938 4423 Petrum
2962 4359 3245 4422 Paulum
3284 4359 3620 4437 Ioannem,
3666 4359 3759 4424 sic
3782 4359 3965 4423 Deus
4002 4361 4070 4423 in
4103 4360 4378 4426 Patrem

2422 4535 2531 4542 n---
2542 4537 2633 4541 -—
2666 4535 2829 4542 -Q—

2626 4648 2687 4712 5)
2732 4648 2892 4717 Quod
2926 4665 3120 4703 revera
3155 4665 3207 4703 a.
3248 4647 3384 4702 1559
3415 4650 3560 4714 fecit.

2625 4716 2684 4785 6)
2724 4719 2928 4785 Nempe
2962 4725 3014 4772 et
3045 4719 3132 4772 hic
3170 4717 3476 4772 Caluini-sm-
3517 4718 3954 4772 Lausannensis.

2626 4786 2685 4849 7)
2726 4787 2873 4840 Eum
2908 4788 3334 4857 Argentoratum
3370 4803 3426 4839 se
3471 4788 3761 4841 contulisse
3796 4803 3969 4855 supra
4003 4787 4196 4855 legisti.
4269 4789 4374 4854 (N.

2418 4853 2559 4908 2269
2593 4858 2713 4922 etc.)
2784 4857 2903 4910 Iam
2936 4858 3175 4911 redierat
3222 4859 3297 4908 ad
3344 4856 3724 4910 arcessendam
3767 4857 4042 4921 familiam
4081 4859 4141 4910 in
4174 4875 4375 4912 novam

2414 4929 2675 4995 patriam.
2750 4925 2838 4989 Of.
2874 4928 3035 4981 etiam
3074 4924 3152 4980 N.
3187 4924 3342 4977 2311.

2625 4993 2686 5058 8)
2728 4995 2881 5049 Haec
2914 4996 3039 5048 olim
3072 4996 3285 5049 Viretus
3321 4996 3382 5046 in
3410 4994 3680 5047 Mercerio
3722 4999 3975 5060 expertus
4006 4994 4208 5060 fuerat,
4251 4995 4375 5050 Cal·

2417 5063 2585 5116 vinus
2640 5080 2814 5130 nuper
2863 5067 2926 5117 in
2975 5065 3066 5116 lite
3118 5080 3219 5116 sua
3270 5079 3389 5115 cam
3438 5063 3728 5117 Zebedan.
3805 5064 3993 5116 Etiam
4030 5063 4375 5119 Balduinum

2414 5134 2674 5199 epistolas
2709 5134 3036 5199 suffuratum
3073 5147 3185 5185 esse
3218 5131 3400 5184 adhuc
3434 5133 3754 5185 nesciebant.

2625 5201 2685 5267 9)
2722 5202 2833 5254 Hic
2857 5203 3009 5254 homo
3045 5208 3162 5252 erat
3186 5200 3504 5264 Gribaldns,
3537 5217 3688 5254 nunc
3711 5199 4073 5268 Tubinyensis
4096 5204 4376 5268 professor

2419 5287 2457 5322 a
2490 5271 2742 5338 Verqerio
2778 5270 3195 5324 commendatus,
3270 5270 3378 5322 Hic
3414 5269 3775 5334 conferendus
3805 5271 3957 5324 Besa
3991 5272 4053 5325 in
4078 5270 4208 5325 Vita
4245 5270 4375 5326 Gal-

2420 5341 2542 5392 vini
2572 5338 3397 5475 '’1’035Tedff39vickel'2815'ressggel
3430 5338 3499 5394 11.
3536 5338 3640 5393 288
3675 5345 3786 5393 not.

2769 5425 2828 5464 re
2925 5425 2951 5463 e
3001 5424 3056 5476 p.
3200 5444 3216 5462 .
3362 5447 3372 5460 .

3862 5493 3967 5549 53.
