4850 6200
488 394 611 455 703

483 580 825 649 Christum
876 580 1321 647 subordinarit
1365 600 1484 663 per
1527 602 1719 664 quem
1778 602 1972 647 suum
2027 585 2434 665 propositum

478 677 948 752 exsequeretur
1009 668 1081 732 in
1135 666 1364 733 nobis?
1469 666 1687 733 Causa
1739 689 1893 734 vero
1951 667 2113 735 haec
2169 678 2269 734 est
2313 690 2433 735 cur

479 756 608 822 ista
649 764 885 838 petam.
975 754 1054 819 Si
1098 753 1259 820 haec
1302 754 1499 819 Pauli
1564 754 1759 820 verba
1811 754 1894 819 ad
1939 757 2223 839 primum
2266 754 2428 820 illud

478 843 886 926 propositum
929 842 1057 907 Dei
1098 843 1477 919 referamus,
1522 862 1649 923 quo
1693 861 1812 906 nos
1870 862 2005 906 non
2048 850 2185 907 tam
2233 840 2433 925 elegit

520 948 676 993 uam
718 928 958 1012 eligere
1002 928 1358 1005 constituit,
1413 938 1480 993 et
1523 927 1646 992 hoc
1687 929 2094 1011 propositum
2137 929 2431 994 dicamus

477 950 731 1081 Christi
768 1027 1062 1097 respectu
1107 1015 1250 1093 niti,
1296 1013 1509 1091 simul,
1567 1015 1633 1078 ni
1694 1013 1899 1093 fallor,
1957 1016 2428 1081 constituamus

479 1121 743 1167 necesse
792 1114 909 1178 est,
971 1100 1313 1166 Christum
1373 1098 1600 1165 ordine
1656 1099 1823 1164 illud
1878 1102 2284 1184 praecedere,
2343 1123 2427 1166 ex

480 1207 607 1270 quo
651 1186 894 1253 scilicet
936 1195 1250 1269 tanquam
1295 1207 1332 1250 e
1374 1187 1551 1251 fonte
1585 1187 1866 1268 quodam
1894 1189 2221 1253 scaturiat.
2280 1187 2460 1267 Iam,

479 1293 637 1339 vero
678 1274 976 1356 cogimur
1017 1274 1226 1338 morbi
1270 1272 1770 1355 praescientiam
1825 1273 2013 1351 (haec
2058 1274 2236 1339 enim
2295 1295 2427 1339 om·

479 1360 592 1424 nia
655 1359 727 1423 in
802 1359 943 1422 Deo
1021 1360 1102 1424 ab
1166 1370 1432 1423 aeterno
1498 1359 1831 1424 recondita
1907 1359 2424 1433 consideramus)

479 1446 764 1528 priorem
808 1446 1022 1510 facere
1063 1446 1455 1529 cogitatione
1499 1446 1788 1522 remedii,
1847 1446 1914 1510 id
1949 1455 2065 1525 est,
2123 1446 2425 1511 mittendi

478 1530 743 1598 Christi.
834 1531 967 1596 Sed
1013 1542 1080 1595 et
1113 1530 1462 1597 creationis
1495 1532 1841 1599 consilium
1878 1543 2135 1616 oportet
2168 1533 2426 1615 lapsum

477 1619 921 1702 praecesserit.
985 1618 1167 1683 Haec
1213 1626 1434 1682 autem
1478 1619 1536 1683 si
1580 1638 1734 1682 vera
1778 1630 1953 1696 sunt,
1999 1620 2129 1683 iam
2169 1641 2253 1683 ex
2296 1619 2428 1684 illis

478 1706 759 1769 efficitur
780 1706 846 1768 in
872 1716 1091 1769 mente
1116 1704 1232 1769 Dei
1255 1704 1668 1782 creationem,
1704 1704 1955 1787 lapsum
1979 1717 2047 1772 et
2069 1705 2426 1783 Christum,

478 1798 546 1857 et
583 1812 666 1855 ex
710 1790 838 1854 alia
877 1800 1066 1872 parte
1108 1791 1502 1856 creationem
1544 1790 1801 1874 lapsum
1854 1802 1920 1857 et
1965 1800 2251 1857 veterem
2311 1792 2427 1857 ho-

475 1878 723 1943 minem
777 1874 1003 1939 ordine
1059 1876 1377 1958 praeponi
1441 1886 1516 1941 ut
1582 1877 1685 1943 his
1748 1875 2011 1943 demum
2076 1878 2306 1944 electio
2363 1887 2431 1943 et

474 1963 844 2044 reprobatio
888 1962 1408 2027 substernantur.
1498 1963 1644 2045 Ego
1689 1984 1845 2028 vero
1882 1974 2109 2029 contra
2152 1966 2217 2029 in
2265 1966 2427 2029 meis

474 2049 715 2114 tabulis
761 2048 922 2112 haec
966 2048 1184 2112 omnia
1228 2046 1655 2114 subordinari
1701 2051 1910 2132 primo
1955 2051 2052 2114 illi
2096 2050 2223 2116 Dei
2280 2072 2427 2133 pro·

473 2135 685 2217 posito
729 2143 871 2198 tum
915 2132 1199 2216 eligendi
1244 2143 1385 2198 tum
1422 2136 1828 2217 reprobandi,
1875 2158 2000 2218 quo
2044 2136 2209 2202 nihil
2244 2158 2427 2220 pror-

474 2242 588 2286 sus
631 2220 793 2285 facio
827 2221 1139 2302 superius.
1200 2219 1294 2285 Ut
1317 2230 1537 2284 autem
1563 2221 1738 2286 huno
1763 2221 2057 2287 ordinem
2081 2243 2427 2288 causarum

474 2326 783 2390 ponerem
829 2325 962 2369 non
1007 2304 1201 2370 modo
1255 2327 1400 2370 sum
1446 2305 1768 2373 adductus
1822 2328 1898 2373 ea
1942 2309 2199 2374 ratione
2258 2308 2428 2391 quod

474 2394 626 2458 finis
661 2393 911 2475 primus
955 2391 1043 2457 sit
1085 2392 1153 2455 in
1190 2391 1574 2469 intentione,
1621 2392 1790 2475 quod
1830 2395 2032 2471 aiunt,
2078 2395 2191 2460 sed
2228 2396 2428 2459 etiam

476 2479 558 2545 ob
602 2479 764 2544 alias
805 2500 1049 2544 causas.
1109 2479 1276 2542 Nam
1323 2480 1374 2541 si
1414 2479 1745 2545 electionis
1788 2481 2189 2563 propositum
2230 2481 2428 2547 facias

474 2565 704 2630 ordine
748 2564 1073 2646 posterius
1119 2566 1551 2646 corruptionis
1594 2568 2043 2647 praescientia,
2081 2564 2255 2630 idem
2299 2569 2427 2631 erit

473 2660 648 2717 certe
690 2651 758 2714 in
816 2650 1293 2733 reprobationis
1351 2651 1682 2734 proposito
1741 2652 2294 2727 constituendum,
2353 2667 2428 2718 ut

475 2737 564 2803 sit
626 2736 854 2801 eadem
919 2739 1393 2801 contrariorum
1450 2740 1632 2802 ratio.
1728 2738 1958 2820 Itaque
2022 2759 2219 2805 causa
2277 2760 2425 2821 pro·

472 2823 669 2906 positi
707 2822 1185 2904 reprobationis
1220 2844 1297 2887 ea
1332 2824 1459 2887 erit
1492 2844 1687 2905 quam
1723 2826 1911 2906 ponit
1948 2825 2424 2907 Sampaulinu3‚

473 2909 908 2992 praescientia
950 2909 1264 2973 nimirum
1301 2908 1521 2992 lapsus
1557 2920 1625 2974 et
1647 2912 2104 2993 corruptionis,
2149 2925 2216 2976 et
2249 2924 2424 2976 certe

473 2993 841 3060 videbimur
885 2995 954 3059 in
1001 3015 1144 3059 eam
1191 2996 1582 3060 sententiam
1627 2996 1948 3061 inclinare
1988 2998 2043 3061 si
2090 3017 2237 3061 cum
2283 2999 2423 3062 Au-

474 3082 738 3166 gustino
778 3102 896 3163 per
930 3102 1215 3146 massam
1261 3081 1442 3163 figuli
1479 3090 1690 3146 totum
1734 3104 1940 3166 genus
1975 3082 2315 3149 hominum
2351 3084 2424 3148 in

472 3168 731 3233 Adamo
787 3179 1163 3249 corruptum
1219 3167 1680 3250 intelligamus,
1735 3190 1942 3251 quum
1999 3171 2122 3237 hac
2170 3171 2426 3235 ratione

475 3254 805 3334 corruptio
850 3255 919 3316 in
954 3263 1178 3318 mente
1225 3253 1351 3316 Dei
1410 3254 1813 3338 propositum
1869 3256 2155 3340 eligendi
2200 3269 2266 3320 et
2323 3278 2424 3322 re·

473 3337 793 3420 probandi
850 3339 1206 3405 antecedat.
1306 3339 1452 3405 Hoc
1506 3349 1726 3405 autem
1781 3342 1839 3406 si
1898 3364 2126 3408 verum
2180 3353 2298 3418 est,
2357 3342 2425 3407 id

474 3436 592 3501 est,
639 3423 697 3488 si
738 3423 1019 3508 intelligi
1064 3435 1277 3508 potest
1328 3445 1448 3490 cur
1502 3427 1829 3492 Dominus
1883 3427 2133 3511 aliquos
2190 3450 2423 3512 propo-

472 3510 679 3576 suerit
719 3511 1089 3592 reprobare,
1130 3511 1286 3594 quid
1330 3532 1595 3579 necesse
1637 3513 1766 3577 fuit
1808 3514 2135 3580 humanae
2188 3516 2424 3580 rationi

472 3595 723 3663 aditum
801 3596 1139 3662 obstruere
1203 3599 1548 3681 quominus
1613 3598 1808 3664 altius
1873 3601 2422 3685 progrederetur?

473 3681 656 3748 Hinc
700 3692 799 3748 est
842 3682 1013 3765 quod
1058 3685 1477 3766 Augustinus
1521 3685 1923 3768 plerumque,
1978 3686 2035 3751 si
2091 3699 2265 3753 recte
2322 3689 2423 3753 in-

473 3768 697 3833 tellexi
742 3769 949 3851 ipsius
1002 3769 1414 3848 sententiam,
1465 3772 1591 3835 Dei
1636 3791 1944 3837 arcanum
2004 3773 2425 3841 inscrutabile

471 3875 606 3919 non
661 3855 730 3918 in
796 3876 872 3919 eo
915 3856 1101 3937 ponit
1156 3855 1328 3937 quod
1382 3856 1635 3939 aliquos
1700 3857 1943 3942 eligere
2007 3860 2257 3943 aliquos
2321 3884 2424 3927 re·

470 3939 746 4023 probare
811 3941 1256 4018 constituerit,
1324 3942 1438 4007 sed
1503 3942 1675 4025 quod
1747 3964 1942 4011 causa
2023 3967 2152 4011 non
2218 3950 2427 4029 possit

472 4026 694 4092 afferri
737 4047 855 4090 cur
897 4026 1016 4091 hos
1060 4029 1276 4109 potius
1311 4049 1508 4110 quam
1545 4028 1708 4095 illos.
1799 4033 1882 4094 At
1917 4053 2038 4114 ego
2082 4033 2248 4097 nihil
2296 4035 2425 4099 tale

468 4111 542 4176 in
584 4112 792 4177 Paulo
837 4113 1057 4189 (Rom.
1105 4117 1169 4189 9)
1217 4112 1686 4181 animadverto.
1789 4118 1984 4200 Apud
2041 4138 2194 4183 eum
2248 4121 2423 4184 enim

469 4207 838 4280 queruntur
880 4198 1155 4281 reprobi,
1205 4221 1332 4264 non
1376 4200 1547 4282 quod
1588 4203 1806 4285 potius
1848 4225 2045 4286 quam
2090 4205 2185 4268 illi
2236 4225 2423 4287 prae-

467 4284 649 4348 teriti
704 4286 868 4361 sint,
923 4306 1121 4367 quum
1184 4287 1318 4351 sint
1381 4308 1607 4354 omnes
1661 4288 1950 4355 eiusdem
2009 4290 2420 4370 conditionis,

467 4369 581 4436 sed
629 4370 796 4453 quod
842 4371 969 4436 Dei
1014 4371 1354 4436 voluntate
1412 4371 1705 4439 adstricti
1749 4376 1886 4440 sint
1943 4378 2050 4441 oui
2097 4398 2229 4442 non
2272 4397 2414 4459 pos·

467 4457 604 4522 sint
648 4455 977 4521 reluctari.
1080 4459 1288 4540 ErgO,
1337 4469 1413 4523 ut
1458 4463 1679 4542 paucis
1737 4462 2104 4542 absolvam,
2167 4483 2422 4528 massae

465 4552 623 4626 puto
681 4545 1043 4628 comparari
1110 4565 1150 4607 a
1194 4546 1403 4612 Paulo
1452 4567 1660 4632 genus
1706 4548 2070 4613 humanum
2126 4549 2420 4613 nondum

467 4629 821 4708 eonditum,
870 4637 943 4694 ut
985 4631 1287 4697 ostendat
1336 4634 1550 4699 Deum
1598 4643 1908 4717 tanquam
1956 4635 2252 4718 opificem
2298 4635 2419 4700 ali-

465 4735 677 4866 auem,
721 4725 1071 4800 antequam
1115 4731 1377 4803 gentem
1426 4721 1811 4798 humanam,
1857 4742 1988 4785 non
2034 4720 2223 4785 modo
2265 4742 2418 4786 con-

514 4814 679 4879 eret,
739 4802 854 4868 sed
910 4806 1104 4869 etiam
1162 4807 1605 4872 constituisset
1660 4806 1967 4885 condere,
2025 4804 2416 4873 deliberasse

469 4887 549 4953 de
595 4888 801 4971 gloria
846 4910 965 4954 sua
1008 4890 1247 4973 duplici
1309 4894 1561 4957 ratione
1606 4890 2014 4971 declaranda,
2075 4903 2143 4957 et
2185 4900 2416 4976 postea

466 4972 538 5038 in
580 4972 758 5039 hunc
790 4974 1115 5058 duplicem
1140 4978 1339 5041 finem
1381 4978 1674 5044 homines
1706 4976 2094 5056 condidisse,
2139 4999 2415 5061 quorum

469 5057 629 5123 alios
688 5080 770 5124 ex
829 5081 949 5125 suo
1005 5060 1282 5140 decreto,
1334 5064 1521 5129 cuius
1578 5064 1895 5129 rationem
1953 5085 2145 5129 nemo
2199 5072 2417 5149 potest

464 5141 852 5228 intelligere,
897 5169 1014 5229 per
1058 5146 1393 5214 Christum
1442 5147 1888 5215 misericordia
1930 5169 2049 5215 sua
2103 5160 2416 5230 servaret,

467 5228 631 5296 alios
673 5241 937 5313 propter
991 5233 1285 5316 ipsorum
1329 5237 1814 5320 corruptionem
1872 5244 1940 5301 et
1983 5235 2127 5301 eius
2167 5238 2419 5304 fructus

464 5315 642 5382 iusto
684 5315 923 5382 iudicio
966 5317 1327 5398 damnaret,
1370 5331 1445 5387 ut
1486 5325 1554 5387 in
1599 5324 1890 5406 utrisque
1948 5322 2155 5407 ipsius
2209 5324 2419 5409 gloria

1988 389 2513 457 EPISTOLAE
2561 393 2989 456 2255—2256

4358 404 4483 466 704

2536 578 2918 646 declaretur.
3017 579 3249 665 Itaque
3292 584 3350 650 si
3391 595 3744 666 quaeratur
3786 607 3906 651 cur
3956 585 4141 653 Deus
4195 586 4357 654 alios
4400 587 4485 654 ab

2536 673 2801 731 aeterno
2844 667 3263 733 constituerit
3304 669 3562 755 eligere,
3609 670 3769 737 alios
3815 672 4181 755 reprobare,
4229 675 4285 739 si
4337 675 4484 758 qui-

2534 752 2683 816 dem
2706 751 2787 817 de
2810 756 2939 818 fine
2962 764 3331 836 quaeratur,
3371 756 3899 839 respondendum
3924 766 4111 842 puto:
4149 767 4227 825 ut
4247 760 4485 828 melius

2532 837 2661 903 Dei
2704 838 3027 904 immensa
3066 848 3352 922 potestas
3385 842 3769 909 declaretur.
3826 844 3951 910 Sin
3995 865 4151 911 vero
4184 845 4266 911 de
4287 868 4485 912 causa

2532 923 2729 990 huius
2784 923 3038 989 aeterni
3101 924 3341 992 decreti
3398 928 3742 1009 materiali,
3802 951 3997 1013 quam
4044 940 4298 1011 vocant,
4352 954 4484 998 non

2531 1010 2740 1075 habeo
2784 1010 2962 1075 aliud
2997 1010 3169 1094 quod
3202 1013 3492 1092 afferam,
3551 1015 3677 1080 nisi
3723 1015 4130 1082 voluntatem
4173 1016 4320 1095 Dei,
4377 1019 4486 1084 cui

2530 1096 2761 1161 saltem
2805 1095 2977 1162 idem
3014 1097 3166 1163 licet
3200 1098 3373 1183 quod
3415 1101 3636 1184 figulo,
3681 1102 3991 1167 nimirum
4026 1101 4203 1169 aliud
4246 1126 4368 1171 vas
4410 1105 4483 1169 in

2530 1182 2865 1259 honorem,
2926 1182 3104 1247 aliud
3144 1184 3215 1248 in
3260 1186 3723 1251 contumeliam
3769 1189 4037 1272 fingere.
4061 1193 4119 1266 ⁷)
4220 1189 4483 1256 Rursus

2530 1268 2588 1332 si
2630 1276 3004 1351 quaeratur,
3053 1291 3172 1335 cur
3216 1271 3335 1336 hos
3391 1274 3608 1354 potius
3665 1294 3860 1357 quam
3919 1274 4066 1341 illos
4122 1276 4227 1340 vel
4285 1276 4483 1342 saluti

2530 1353 2636 1418 vel
2680 1355 2881 1419 exitio
2915 1352 3281 1434 destinarit,
3322 1358 3557 1424 iterum
3585 1359 3855 1425 afferam
3878 1359 4008 1426 Dei
4051 1361 4482 1442 voluntatem,

2527 1440 2600 1503 in
2642 1440 2831 1506 cuius
2874 1450 3196 1525 potestate
3230 1444 3430 1508 situm
3465 1455 3583 1521 est,
3628 1466 3762 1510 non
3799 1446 3990 1510 modo
4034 1446 4163 1513 alia
4206 1469 4367 1514 vasa
4409 1450 4481 1513 in

2531 1526 2844 1591 honorem
2909 1527 3038 1593 alia
3113 1529 3180 1592 in
3246 1531 3704 1595 contumeliam
3772 1534 4021 1615 fingere
4100 1553 4188 1599 ex
4251 1535 4481 1600 eadem

2528 1632 2764 1689 massa,
2811 1612 2926 1676 sed
2970 1615 3161 1679 etiam
3206 1614 3275 1679 in
3320 1614 3442 1681 hoc
3484 1616 3859 1683 discrimine
3910 1640 4100 1684 suum
4147 1621 4338 1686 unius
4380 1621 4480 1687 iu·

2530 1697 2774 1764 dicium
2815 1700 3017 1781 sequi.
3107 1700 3343 1784 Itaque
3375 1704 3445 1766 in
3489 1712 3727 1769 neutra
3783 1704 3907 1770 hac
3950 1706 4324 1787 quaestione
4366 1707 4482 1773 de-

2530 1784 2790 1849 veniam
2833 1783 2917 1849 ad
2957 1806 3187 1851 causas
3230 1786 3567 1867 secundas,
3612 1790 3787 1854 inter
3822 1811 3986 1874 quas
4028 1790 4370 1857 Christum
4413 1802 4483 1860 et

2530 1869 2861 1935 Adamum
2905 1892 3199 1949 numere,
3245 1874 3360 1938 sed
3403 1875 3472 1939 in
3507 1876 3589 1941 iis
3631 1876 3849 1960 potius
3894 1898 4057 1960 quae
4102 1886 4477 1960 sequuntur.

2530 1957 2782 2039 Nempe
2840 1957 2896 2021 si
2941 1966 3313 2041 quaeratur,
3370 1980 3507 2024 non
3568 1961 3647 2027 de
3706 1962 3964 2028 decreto
4021 1963 4306 2046 eligendi
4362 1979 4479 2031 aut

2530 2042 2935 2125 reprobandi,
2993 2044 3106 2108 sed
3153 2044 3234 2109 de
3276 2049 3746 2129 exsequutione
3791 2047 3984 2114 illius.
4086 2048 4260 2115 Sunt
4301 2052 4478 2117 enim

2529 2149 2763 2194 causae
2813 2130 3136 2195 secundae
3180 2131 3520 2198 ordinatae
3565 2131 3648 2198 ad
3690 2133 3942 2200 consilii
3990 2136 4236 2200 aeterni
4293 2158 4479 2203 exse-

2528 2216 2925 2296 quutionem.
3027 2217 3273 2282 Afferri
3315 2225 3534 2301 potest
3576 2220 3779 2303 igitur
3833 2222 3999 2285 ratio
4044 2243 4158 2286 cur
4215 2230 4282 2286 et
4323 2243 4477 2306 quo·

2528 2301 2720 2365 modo
2763 2301 2949 2366 electi
2996 2303 3221 2381 simus,
3266 2304 3582 2369 nimirum
3626 2307 3781 2388 quia
3815 2307 4000 2372 Deus
4042 2327 4162 2390 pro
4196 2329 4313 2374 sua
4353 2311 4476 2374 im-

2531 2407 2758 2452 mensa
2800 2388 3068 2473 caritate
3123 2411 3244 2455 nos
3310 2391 3667 2475 respiciens
3724 2393 3793 2456 in
3838 2391 4102 2459 Christo
4166 2415 4305 2471 sue,
4373 2397 4479 2460 cui

2531 2494 2649 2537 nos
2690 2472 2847 2538 dare
2876 2475 3216 2539 constituit
3256 2484 3411 2541 ante
3449 2486 3743 2560 tempora
3765 2488 4047 2555 aeterna,
4094 2501 4224 2545 non
4267 2482 4479 2564 potuit

2532 2578 2652 2623 nos
2696 2579 2829 2623 non
2853 2580 3092 2638 amare,
3135 2570 3214 2626 ut
3254 2563 3461 2645 quiin
3506 2563 3619 2629 illo
3654 2565 3810 2629 iusti
3848 2573 3914 2629 et
3937 2566 4474 2632 sanctisssemuS.

2532 2643 2776 2709 Contra
2833 2666 3006 2719 vero,
3073 2648 3129 2711 si
3195 2659 3548 2730 quaeratur
3611 2671 3730 2715 cur
3784 2649 4031 2732 aliquos
4096 2654 4477 2733 reprobarit,

2529 2729 2932 2813 respondebo
2975 2753 3241 2797 causam
3283 2734 3352 2798 in
3396 2736 3559 2818 ipsis
3595 2757 3740 2802 esse
3784 2735 4239 2819 quaerendam.
4296 2738 4478 2804 Hae-

2529 2837 2675 2881 rere
2717 2816 2894 2881 enim
2948 2818 3125 2901 ipsos
3167 2820 3239 2883 in
3295 2821 3710 2906 corruptione
3766 2832 3835 2886 et
3887 2822 4251 2906 iniquitate,
4310 2845 4478 2907 quae

2530 2902 2776 2967 iustum
2820 2904 2948 2969 Dei
2995 2903 3220 2969 odium
3264 2919 3583 2973 meretur:
3631 2908 3854 2991 itaque
3888 2910 4120 2973 merito
4165 2910 4480 2976 eiusmodi

2530 2988 2822 3054 homines
2865 3012 2905 3055 a
2948 2989 3092 3055 Deo
3137 2991 3314 3057 reiici
3354 3013 3429 3058 ac
3473 2994 3850 3076 reprobari.
3918 2995 4256 3061 Postremo
4301 2998 4354 3062 si
4401 2996 4482 3062 de

2530 3074 2764 3139 ultima
2807 3076 3278 3160 exsequutione
3336 3078 3669 3146 electionis
3725 3103 3800 3147 ac
3860 3079 4353 3165 reprobationis,
4414 3080 4483 3148 id

2530 3171 2647 3236 est,
2716 3163 3120 3228 absolutione
3186 3174 3254 3228 et
3316 3166 3856 3233 condemnatione
3921 3176 4188 3252 agatur,
4248 3190 4481 3236 causae

2529 3248 2916 3314 manifestae
2938 3250 3158 3314 afferri
3182 3261 3485 3332 possunt:
3524 3274 3756 3336 nempe
3776 3256 3842 3318 in
3864 3252 4088 3319 electis
4107 3254 4480 3322 iustificatio

2531 3345 2597 3397 et
2642 3336 3067 3400 sanctificatio
3123 3337 3418 3419 ipsorum
3467 3360 3549 3403 ex
3606 3339 3736 3403 fide
3792 3340 3860 3403 in
3921 3339 4260 3405 Christum
4319 3342 4479 3425 ipsis

2527 3420 2943 3501 imputatum,
2987 3422 3056 3486 in
3103 3424 3392 3505 reprobis
3438 3434 3654 3489 autem
3700 3424 4005 3508 iniquitas
4069 3435 4135 3491 et
4193 3427 4480 3492 immun-

2529 3505 2688 3570 ditia
2733 3527 2815 3571 ex
2860 3509 3309 3591 corruptione,
3366 3531 3497 3574 non
3557 3519 3771 3576 autem
3818 3532 3901 3575 ex
3959 3514 4285 3577 creatione
4327 3534 4478 3597 pro·

2527 3612 2822 3658 mananS.
2910 3593 3157 3676 Itaque,
3204 3604 3278 3659 ut
3320 3594 3580 3660 tandem
3627 3595 3709 3660 ad
3752 3619 3890 3661 rem
3936 3598 4230 3678 veniam,
4275 3620 4480 3682 quum

2528 3676 2805 3744 dicimur
2848 3679 2913 3742 in
2983 3679 3250 3744 Christo
3313 3681 3499 3746 electi
3566 3691 3715 3747 ante
3773 3681 3997 3747 mundi
4053 3685 4470 3765 creationem,

2526 3762 2635 3829 vel
2680 3764 2800 3830 hoc
2845 3766 3054 3830 refero
3100 3766 3182 3831 ad
3226 3768 3510 3848 primum
3552 3767 3711 3832 illud
3763 3769 4187 3852 propositum,
4229 3779 4308 3834 ut
4358 3769 4478 3837 eli·

2527 3871 2681 3933 gere
2730 3861 2796 3915 et
2851 3852 3198 3934 reprobare
3261 3852 3429 3916 nihil
3491 3851 3665 3917 aliud
3721 3854 4005 3920 declaret
4055 3876 4251 3938 quam
4308 3856 4475 3922 elec-

2528 3936 2691 4000 tioni
2738 3944 2804 4001 et
2846 3938 3287 4020 reprobationi
3357 3939 3701 4019 destinare,
3773 3940 3985 4022 sitque
4043 3941 4152 4007 hic
4208 3962 4473 4008 sensus:

2528 4022 2740 4086 Deum
2790 4021 2873 4085 ab
2907 4033 3196 4104 aeterno,
3235 4045 3434 4106 quum
3480 4047 3601 4091 nos
3635 4026 3830 4090 saluti
3857 4025 4233 4107 destinaret,
4279 4027 4474 4094 simul

2529 4107 2680 4171 huic
2723 4107 2978 4173 decreto
3021 4111 3458 4176 substravisse
3502 4111 3842 4177 Christum
3901 4112 3970 4178 in
4026 4134 4151 4196 quo
4197 4135 4315 4179 nos
4358 4114 4476 4180 eli-

2527 4207 2709 4278 geret
2774 4206 2844 4256 et
2903 4194 3142 4261 electos
3208 4207 3500 4274 vocaret,
3569 4198 3980 4277 iustificaret,
4040 4198 4472 4282 glorificaret;

2526 4279 2692 4343 sicut
2735 4288 2980 4355 contra,
3027 4301 3229 4364 quum
3288 4282 3537 4364 aliquos
3582 4283 3941 4349 destinaret
3997 4286 4215 4364 exitio,
4276 4285 4475 4352 simul

2525 4366 2863 4430 constituit
2920 4365 3252 4432 Adamum
3315 4370 3386 4432 in
3459 4390 3585 4451 quo
3639 4372 3924 4453 corrupti
3983 4370 4472 4450 indurarentur,

2527 4465 2603 4515 ut
2646 4452 2715 4515 in
2757 4451 2885 4516 illis
2922 4454 3187 4520 tandem
3232 4456 3589 4537 potentiam
3631 4477 3820 4521 suam
3866 4454 4241 4522 declararet.
4343 4457 4475 4524 Vel

2526 4537 2650 4602 hoc
2695 4537 2774 4601 ad
2821 4540 3062 4602 summi
3113 4539 3289 4604 illius
3350 4537 3593 4606 decreti
3650 4542 4187 4625 exsequutionem
4243 4545 4476 4620 refero,

2524 4633 2599 4687 ut
2642 4624 2729 4686 sit
2765 4624 2925 4690 haec
2948 4627 3305 4690 sententia:
3353 4625 3590 4703 Deum,
3628 4649 3824 4710 quum
3861 4650 3977 4693 nos
4008 4629 4278 4713 eligeret
4317 4651 4479 4713 quos

2522 4707 2874 4775 efficaciter
2911 4721 3191 4789 vocaret,
3229 4712 3499 4777 minime
3543 4734 3660 4779 nos
3704 4716 4084 4796 respexisse,
4130 4726 4244 4780 aut
4280 4714 4479 4782 fidem

2520 4806 2635 4859 aut
2689 4817 2885 4879 opera
2940 4796 3112 4861 bona
3169 4807 3393 4863 nostra
3450 4798 3853 4880 praevidisse
3911 4800 4099 4884 (quid
4154 4803 4329 4866 enim
4411 4804 4482 4867 in

2732 5137 2785 5204 7)
2818 5139 3104 5208 Distinguo
3141 5141 3480 5210 propositum
3527 5142 3762 5211 eligendi
3809 5145 3878 5197 ab
3914 5144 4192 5212 electione,
4243 5153 4301 5198 et
4347 5144 4484 5201 illud

2527 5208 2647 5262 dico
2681 5224 2790 5263 non
2827 5209 2929 5261 niti
2964 5210 3072 5262 alia
3107 5226 3165 5263 re
3212 5227 3372 5278 quam
3419 5212 3702 5280 proposito
3747 5212 3847 5266 Dei
3895 5212 3949 5266 in
3986 5214 4296 5284 semetipso,
4341 5213 4484 5269 hane

2527 5295 2657 5330 vero
2694 5295 2728 5329 a
2762 5276 2982 5332 Christo
3017 5295 3339 5360 promanare
3384 5279 3441 5332 in
3477 5297 3585 5349 quo
3620 5281 3805 5335 dilecti
3838 5283 4009 5349 gratis
4054 5282 4285 5351 ideoque
4320 5285 4488 5338 electi

2525 5362 2728 5402 sumus.
2800 5346 2981 5412 (Haec
3015 5364 3077 5401 m
3111 5348 3397 5417 momine.)
