4850 6200
456 499 541 561 23
1974 485 2498 554 EPISTOLAE
2551 488 2963 552 1905--1907
4383 484 4465 545 24

457 706 755 769 unquam
797 683 965 748 mihi
1008 681 1209 747 fuisse
1252 698 1517 744 causam
1564 677 1903 745 dicendam
1951 678 2074 741 nisi
2125 675 2204 742 de
2246 677 2416 741 bono
2465 682 2473 745 ἱ

461 794 675 857 opere.
777 770 962 835 Bene
1025 766 1224 833 habet
1287 762 1456 846 quod
1525 764 1725 830 alium
1790 763 2111 829 habemus
2174 782 2415 846 agono-

464 861 711 925 theten.
786 857 985 920 Recte
1010 851 1306 919 Farellus
1346 852 1457 933 qui
1502 859 1687 933 optat
1710 853 1759 927 ¹)
1805 850 1926 914 sibi
1965 848 2190 913 eadem
2229 869 2416 931 posse

464 943 640 1028 apud
705 963 858 1009 suos
935 938 1350 1023 exprobrare.
1454 937 1672 1002 Audio
1736 957 1838 999 me
1903 955 2112 999 unum
2178 936 2312 1016 peti
2378 954 2419 997 a

465 1040 655 1114 parte
711 1027 1103 1093 adversaria.
1203 1025 1385 1090 Petit
1438 1034 1515 1087 ut
1566 1022 1985 1088 iureiurando
2040 1020 2254 1085 dicere
2308 1038 2416 1084 co-

469 1126 717 1202 gantur
757 1111 1093 1197 sigillatim
1141 1129 1370 1174 omnes
1406 1109 1516 1192 qui
1552 1106 1967 1191 evangelium
2005 1108 2416 1190 profitentur,

467 1224 623 1266 num
669 1201 830 1266 meis
873 1195 1403 1280 persuasionibus
1442 1193 1698 1294 inducti
1758 1193 1893 1259 sint
1947 1204 2022 1258 ut
2065 1192 2416 1275 suffragiis,

464 1278 2420 1454 &3333122¹?ssffifflssffiuffiffiffirsffizffizz

468 1470 543 1525 ut
586 1459 666 1524 lis
707 1455 949 1521 iudicio
995 1454 1404 1531 decernatur,
1464 1452 1727 1518 arbitris
1769 1451 2247 1517 Basiliensibus
2306 1470 2420 1514 ne-

468 1545 598 1611 scio
634 1563 719 1609 an
754 1549 823 1607 et
856 1539 1499 1615 Solodorensibus.²)
1561 1536 2109 1605 Commendamus
2130 1534 2421 1601 Domino

470 1629 771 1714 precibus
815 1629 1055 1693 bonam
1097 1646 1380 1693 causam.

637 1714 810 1780 Heri
873 1711 1111 1779 redditi
1175 1718 1330 1777 sunt
1392 1710 1559 1775 mihi
1621 1709 1770 1775 libri
1793 1712 1849 1786 ⁸)
1907 1729 2069 1792 quos
2130 1708 2420 1785 miseras,

469 1821 748 1885 quorum
806 1800 1074 1864 nomine
1144 1797 1423 1863 multam
1486 1795 1694 1861 habeo
1760 1794 2060 1879 gratiam.
2159 1793 2424 1859 Ourabo

468 1888 682 2038 grimo
736 1905 991 1969 quoque
1049 1895 1183 1949 tem
1230 1903 1340 1949 ore
1400 1882 1680 1946 alterum
1739 1882 1911 1945 mitti
1949 1880 2032 1946 ad
2079 1879 2419 1945 Farezzum.

468 1970 809 2125 Oibgldldim
820 1971 1095 2122 Βῗιὲξὲἓῢ
1136 2054 1310 2140 apud
1353 2075 1506 2120 suos
1549 1966 2104 2132 co'tnarznddiiiitzlzanli¹,³
2158 1986 2423 2135 3311}st

468 2144 624 2211 lecti
668 2150 868 2209 erunt
911 2140 1157 2208 arbitri.
1225 2139 1559 2206 Admonui
1594 2139 1983 2224 Boryonium
2002 2138 2057 2224 ⁴)
2101 2137 2183 2203 de
2227 2157 2425 2203 causa

472 2231 671 2297 scorti
714 2250 798 2295 ex
841 2250 965 2312 quo
1010 2226 1184 2313 apud
1224 2247 1342 2291 vos
1386 2247 1662 2309 puerum
1699 2224 2013 2292 substulit
2040 2223 2425 2289 Philibertus

474 2317 583 2401 qui
629 2316 709 2382 de
754 2314 931 2381 Mari
951 2316 1005 2398 5>
1047 2313 1567 2396 cognominatur,
1627 2334 1709 2377 ex
1766 2332 1895 2396 quo
1951 2320 2158 2376 totam
2198 2308 2422 2374 audies

472 2402 845 2479 historiam,
923 2408 989 2465 et
1052 2398 1207 2482 quid
1274 2418 1470 2483 super
1535 2417 1613 2463 ea
1676 2419 1745 2463 re
1819 2396 2251 2463 constitutum
2317 2396 2419 2459 sit.

475 2487 793 2554 Gratulor
850 2486 964 2551 tibi
1025 2505 1266 2551 novum
1325 2484 1498 2549 filiae
1554 2484 1943 2569 coniugium.
1970 2482 2023 2567 θ)
2112 2480 2423 2548 Salutant

468 2583 535 2639 te
580 2575 786 2639 nostri
833 2592 1078 2650 omnes,
1124 2570 1515 2635 nominatim
1562 2590 1731 2635 uxor
1775 2578 1839 2634 et
1882 2568 2144 2634 filiolae.
2214 2567 2422 2633 Plura

468 2680 603 2725 non
649 2679 934 2744 possum,
994 2658 1145 2741 quia
1189 2657 1318 2721 iam
1373 2676 1574 2723 vocor
1618 2654 1701 2720 ad
1744 2657 2141 2722 concionem.
2232 2653 2417 2718 Vale.

469 2747 869 2811 Lausannae
923 2749 1015 2808 ll.
1063 2743 1301 2809 Febru.
1359 2748 1538 2807 1554.

1456 2881 1636 2944 'Puus
1676 2880 1917 2944 Petrus
1962 2877 2246 2943 Viretus.

1258 3179 1363 3185 -fl--
1390 3176 1635 3185 -—-—--—-·--

1342 3410 1532 3480 1906.

916 3564 1388 3633 CALVINUS
1434 3567 1967 3634 BLAURERO.

642 3741 1035 3806 Diuturnum
1089 3740 1407 3805 silemium
1468 3747 1734 3806 excusat.
1831 3741 2076 3806 Statum
2134 3740 2420 3807 ecclesiae

478 3829 848 3892 Genevensis
880 3829 1113 3907 paucis
1155 3826 1459 3892 describit.
1555 3827 1783 3892 Plures
1842 3847 1990 3892 suos
2042 3827 2278 3891 labores
2320 3846 2418 3889 re-

472 3933 614 3978 cens
655 3914 850 3977 editos
895 3914 1273 3978 transmittit.

477 4084 886 4154 (Autographon
926 4091 1238 4137 asservatur
1272 4085 1326 4137 in
1360 4085 1689 4139 bibliotheca
1723 4086 1893 4137 civica
1912 4085 2018 4137 San
2091 4083 2245 4136 llensi
2267 4081 2421 4135 MSS.

476 4155 534 4206 Τ.
570 4151 640 4206 36
686 4153 770 4222 Ep
814 4191 827 4202 .
880 4153 1001 4206 vn.
1037 4153 1131 4205 fol.
1166 4150 1285 4207 296.
1356 4153 1551 4206 Exstat
1600 4171 1815 4223 qnoque
1850 4153 1908 4206 in
1944 4153 2038 4206 bib
2064 4191 2076 4203 .
2112 4152 2283 4205 civica
2317 4151 2421 4204 Tu·

476 4224 667 4275 ricensi
718 4171 871 4275 MgS.
910 4222 969 4274 F.
1009 4221 1094 4276 43.
1141 4223 1271 4275 olim
1318 4223 1487 4276 Arch.
1534 4223 1779 4292 Hottiug.
1819 4222 1972 4277 VIII.
2005 4225 2041 4274 f.
2080 4219 2184 4274 464
2231 4227 2287 4273 et
2333 4237 2422 4290 ap.

477 4292 763 4345 Simlerum
810 4292 928 4344 Vol.
975 4290 1060 4345 81.
1130 4291 1321 4345 Edidit
1364 4291 1459 4344 sed
1507 4292 1759 4345 mendose
1810 4292 2046 4356 Pressel,
2098 4291 2321 4344 Blaurer
2369 4306 2421 4358 p.

974 4359 1092 4413 579.
1168 4361 1394 4430 Anglice
1432 4361 1640 4415 Philad.
1677 4361 1773 4417 111.
1815 4360 1929 4428 16.)

478 4527 743 4591 Eximio
786 4527 938 4592 Iesu
983 4529 1229 4594 Christi
1291 4552 1506 4608 servo,
1568 4531 1649 4595 D.
1698 4531 2042 4598 Ambrosio
2086 4531 2424 4607 Blaurero,

489 4612 829 4678 Biellensis
875 4615 1183 4680 ecclesiae
1219 4616 1348 4680 fido
1384 4619 1650 4700 pastori,
1696 4627 2094 4703 symmystae
2137 4626 2201 4682 et
2235 4616 2428 4682 fratri

1017 4701 1182 4766 mihi
1228 4723 1485 4787 semper
1528 4704 1915 4770 venerando.

478 4872 657 4924 1006.
688 4874 742 4928 ιι
782 4872 856 4926 N.
899 4871 1046 4929 1899.

686 4938 748 5002 2)
802 4940 932 4996 Viae
967 4958 1143 5010 supra
1177 4949 1229 4996 et
1266 4942 1484 4998 Bochai
1520 4943 1612 4996 VI.
1654 4942 1733 4996 71.

687 5009 749 5074 3)
792 5007 1155 5091 Exemplar-ia
1189 5012 1300 5066 duo
1332 5011 1463 5066 Ζῶη·
1494 5018 1685 5067 contra
1724 5012 2000 5068 Servatum
2035 5015 2243 5081 scripti.

689 5077 752 5206 ἓξ
791 5075 1131 5203 Ξζαῗαοιεῆαε
1143 5079 1325 5190 ρΒοω·
1361 5082 1489 5150 oiny
1540 5081 1594 5135 V.
1630 5080 1705 5135 D.
1744 5082 1829 5135 Μ.
1866 5083 1926 5136 in
1968 5080 2159 5136 Chiae.

1067 5166 1151 5204 er.
1203 5179 1263 5188 -

490 5283 724 5352 (Galiffs
754 5285 803 5339 1.
841 5283 985 5350 134.)

660 5350 756 5433 ,6)
794 5353 942 5410 Hinc
973 5357 1232 5412 discimus
1262 5358 1576 5427 prim'qnam
1611 5356 1830 5413 calvini
1847 5358 2125 5414 Iuditham
2166 5359 2433 5426 nupsisse,
2483 5377 2489 5422 ·,

488 5431 536 5477 α
574 5420 787 5491 quode-
822 5440 930 5478 non
965 5429 1137 5496 semel,
1174 5434 1234 5483 ut
1268 5427 1491 5483 videtur.

1358 5152 1441 5204 uit
1482 5165 1615 5219 qens
1656 5150 1984 5205 Genevensis
2020 5151 2110 5205 De
2144 5151 2200 5205 la
2239 5151 2432 5217 Mare;
2479 5129 2485 5204 J

484 5217 547 5269 1⁸2·
578 5221 759 5270 m
793 5217 1086 5274 catholicae
1106 5220 1239 5285 fidei
1251 5221 1482 5286 miter
1497 5220 1852 5275 adhaerentes
1860 5221 2057 5289 patria
2073 5225 2432 5306 messes-um.
2480 5221 2487 5286 ᾗ

2482 5449 2488 5460 ·
2545 5427 2701 5482 Febr.
2740 5425 2836 5490 (Ν.
2874 5422 3050 5487 1901).

2693 674 2760 742 S.
2830 675 3008 740 Raro
3053 682 3129 741 tu
3171 675 3433 757 quidem
3480 675 3560 741 ad
3599 696 3704 742 me
3748 677 3997 755 scribis,
4042 678 4469 764 integerrime

2521 769 2589 827 et
2633 782 2889 846 semper
2933 784 3013 827 ex
3071 761 3289 826 animo
3339 762 3607 829 colende
3649 764 3867 829 frater.
3936 764 4205 831 Nullam
4249 774 4468 830 tamen

2521 848 2864 931 epistolam
2910 847 3024 913 abs
3069 855 3135 910 te
3179 849 3434 933 recipio,
3495 850 3680 915 cuius
3735 852 4053 914 memoria
4093 871 4225 916 non
4271 852 4469 916 unius

2524 936 2679 1000 anni
2722 933 3056 999 silentium
3101 934 3337 999 merito
3382 944 3667 1001 excuset.
3762 934 3875 1002 Sic
3932 937 4107 1001 enim
4169 957 4394 1002 omnes
4423 940 4471 1014 ¹)

2523 1042 2654 1087 non
2698 1020 2892 1084 modo
2947 1021 3404 1084 suavissimum
3465 1042 3623 1105 erga
3676 1042 3783 1087 me
3835 1042 4126 1087 amorem
4183 1021 4471 1106 undique

2525 1106 2804 1190 spirant:
2882 1105 2990 1171 sed
3070 1107 3322 1172 sincero
3392 1107 3767 1173 testimonio
3820 1116 4038 1174 ‘totum
4106 1129 4214 1174 cor
4281 1119 4471 1174 tuum

2524 1191 2995 1275 quodammodo
3032 1192 3397 1269 effundunt,
3437 1202 3512 1258 ut
3544 1193 3711 1258 mihi
3733 1192 3959 1260 videar
3988 1215 4245 1278 semper
4267 1195 4473 1261 oculis

2523 1288 2938 1366 praesentem
2983 1278 3242 1357 habere,
3284 1280 3393 1361 qui
3427 1278 3525 1344 ita
3568 1281 3845 1364 scripsit.
3916 1280 4139 1363 Quare
4174 1304 4306 1347 non
4351 1300 4469 1359 est,

2525 1366 2693 1451 quod
2738 1368 2809 1431 in
2853 1365 2974 1430 hac
3032 1374 3218 1447 parte
3262 1364 3343 1430 de
3396 1364 3737 1450 purgando
3789 1368 3981 1433 officii
4021 1370 4325 1452 neglectu
4383 1368 4473 1433 sis

2526 1452 2856 1519 sollicitus.
2925 1451 3151 1533 Neque
3187 1451 3362 1515 enim
3406 1453 3650 1535 ignoro,
3697 1461 4097 1537 quantopere
4131 1475 4237 1519 me
4272 1475 4470 1520 ames.

2525 1539 2676 1605 Etsi
2719 1546 2934 1603 autem
2979 1536 3148 1601 nihil
3190 1537 3354 1601 mihi
3396 1539 3646 1623 gratius
3687 1540 3880 1618 foret,
3938 1560 4132 1623 quam
4185 1540 4475 1623 quotidie

2527 1622 2771 1708 aliquid
2815 1625 2929 1689 abs
2976 1635 3038 1687 te
3080 1623 3421 1688 literarum
3477 1626 3794 1708 recipere,
3853 1626 4016 1690 mihi
4077 1640 4296 1692 tamen
4353 1627 4476 1691 hoc

2533 1724 2678 1777 voto
2723 1712 2934 1794 potior
2998 1720 3096 1774 est
3160 1720 3271 1773 tua
3330 1712 3789 1785 commoditas,
3855 1719 3923 1777 et
3985 1712 4151 1776 mihi
4215 1712 4476 1778 abunde

2529 1799 2799 1875 sufficit,
2860 1797 2917 1862 si
2961 1817 3142 1860 meae
3186 1796 3488 1878 pigritiae
3545 1798 3801 1863 veniam
3847 1797 4020 1880 apud
4066 1808 4134 1862 te
4176 1799 4475 1882 impetr0.

2701 1884 2802 1948 De
2844 1882 3040 1947 huius
3076 1882 3385 1947 ecclesiae
3419 1892 3597 1948 statu
3630 1883 4029 1955 nihildum'2)
4074 1886 4280 1950 habeo
4315 1884 4477 1951 certi

2529 1967 2699 2052 quod
2755 1968 3051 2034 scribam.
3152 1967 3279 2033 His
3335 1970 3527 2033 annis
3597 1993 3729 2035 non
3800 1982 4139 2036 cessarunt
4194 1971 4476 2054 Mprobi

2529 2076 2732 2120 novas
2777 2054 3052 2120 subinde
3098 2053 3429 2119 molestias
3472 2054 3654 2121 nobis
3701 2059 4032 2122 facessere.
4057 2060 4113 2139 ³)
4180 2057 4476 2123 Tandem

2529 2141 3266 2206 excommunicationem
3331 2162 3367 2205 e
3444 2140 3658 2206 medio
3733 2143 3959 2208 tollere
4025 2145 4242 2209 conati
4312 2143 4478 2208 nihil

2528 2235 2859 2292 extremae
2939 2227 3232 2290 insaniae
3314 2225 3636 2309 reliquum
3715 2229 4026 2295 fecerunt.
4150 2229 4477 2312 Utrinque

2527 2333 2770 2397 magna
2803 2313 3220 2378 contentione
3264 2310 3375 2376 diu
3420 2325 3737 2379 certatum
3774 2325 3892 2393 est,
3938 2316 4090 2399 quia
4123 2317 4196 2379 in
4240 2328 4477 2381 senatu

2527 2410 2594 2464 et
2635 2399 2873 2482 populo
2918 2396 3135 2462 studia
3169 2399 3385 2481 palam
3430 2400 3522 2463 sic
3558 2411 3956 2479 exarserant,
4004 2413 4079 2466 ut
4113 2403 4480 2484 periculum

2528 2493 2702 2551 esset
2745 2508 2784 2549 a
2831 2483 3136 2549 tumultu.
3229 2483 3654 2565 Quorundam
3716 2488 3992 2553 artificio
4048 2487 4297 2554 factum
4356 2500 4477 2565 est,

2530 2581 2604 2637 ut
2648 2569 3231 2636 reconciliaremur.
3321 2569 3426 2636 De
3470 2592 3543 2636 re
3603 2585 3823 2639 tamen
3882 2574 4046 2638 nihil
4107 2574 4320 2640 adhuc
4365 2572 4477 2639 ds-

2527 2671 2798 2723 cretum.
2884 2655 3207 2720 Perendie
3227 2660 3284 2733 ⁴)
3346 2657 3450 2723 vel
3499 2660 3926 2743 transigetur,
3989 2659 4093 2725 vel
4146 2661 4480 2725 exorietur

2529 2765 2700 2809 nova
2763 2763 3014 2826 pugna,
3088 2743 3275 2808 cuius
3346 2744 3597 2808 exitum
3654 2745 3938 2810 Domino
4009 2746 4479 2811 commendans

2528 2829 2735 2895 statui
2804 2850 2887 2893 ne
2961 2829 3305 2892 minimum
3330 2830 3379 2913 ⁵)
3453 2829 3712 2911 quidem
3779 2830 4142 2897 deflectere.
4246 2832 4477 2914 Neque

2527 2936 2682 2981 vero
2726 2924 2859 2978 tam
2904 2935 3051 2978 sum
3095 2915 3362 2990 ferreus,
3402 2916 3559 2997 quin
3604 2918 3843 2982 misere
3879 2937 3986 2981 me
4031 2920 4356 2983 excruciet
4401 2940 4476 2983 ac

2528 2999 2799 3067 dilaniet
2841 3000 3063 3064 futura
3098 3001 3317 3083 gregis
3353 2998 3705 3085 dissipatiO,
3754 3006 3806 3067 si
3844 3002 4028 3068 abire
4065 3024 4273 3087 cogor.
4340 3003 4477 3069 Sed

2527 3087 2683 3170 quia
2724 3085 2892 3152 nihil
2935 3086 3112 3151 aliud
3159 3087 3346 3152 nobis
3387 3086 3543 3152 licet
3598 3110 3794 3171 quam
3855 3091 3974 3157 sub
4020 3088 4280 3156 divinae
4325 3113 4475 3174 pro·

2528 3172 2854 3240 videntiae
2897 3170 3136 3237 fiducia
3191 3173 3400 3238 officio
3445 3181 3668 3238 nostro
3721 3175 3804 3240 ad
3858 3186 4226 3241 extremum
4272 3199 4476 3260 usque

2527 3258 2823 3341 defungi,
2891 3256 3294 3341 pergendum
3354 3269 3470 3325 est.
3569 3260 3661 3324 Et
3718 3270 3939 3327 tamen
3995 3262 4226 3328 melior
4281 3285 4477 3345 quam

2525 3345 2708 3427 prius
2729 3348 2781 3422 ὓ)
2826 3364 2976 3427 spes
3019 3343 3236 3408 lucere
3279 3346 3411 3409 iam
3455 3346 3640 3412 nobis
3683 3349 3909 3431 coepit.

2697 3428 3142 3512 Quaecunque
3165 3431 3483 3496 hactenus
3505 3430 3837 3499 edideram
3861 3435 4189 3517 opuscula,
4213 3441 4476 3518 praeter

2524 3525 2803 3599 quatuor
2847 3514 3135 3581 Gallicas
3194 3518 3562 3594 conciones,
3584 3521 3637 3595 7)
3693 3540 3857 3602 quas
3902 3519 4259 3586 Badaezbus
4274 3523 4330 3600 ὃ)
4377 3520 4470 3585 la·

2524 3604 2695 3669 tinas
2739 3603 2910 3679 fecit,
2957 3619 3088 3666 uno
3135 3602 3467 3669 volumine
3503 3607 3878 3687 complexus
3914 3606 4130 3671 fuerat
4172 3628 4342 3671 unus
4387 3627 4474 3671 ex

2525 3689 2767 3755 nostris
2823 3688 3267 3772 typographis.
3368 3688 3758 3776 Catalogum
3813 3693 4015 3776 igitur
4070 3714 4204 3756 non
4260 3692 4472 3770 mitte,

2525 3796 2718 3858 quem
2763 3774 2915 3839 inde
2958 3787 3179 3857 petere
3238 3775 3474 3842 licebit.
3562 3777 3790 3860 Nuper
3845 3779 4057 3842 editae
4110 3791 4267 3843 sunt
4311 3778 4474 3844 Gal-

2526 3862 2684 3927 licae
2720 3861 3079 3933 conciones,
3119 3861 3351 3944 viginti
3387 3860 3553 3927 duae
3590 3864 3660 3926 in
3697 3863 4018 3946 psalmum
4044 3865 4473 3932 octonarium.

2526 3958 2598 4012 ut
2657 3956 2909 4012 vocant.
2931 3950 2985 4020 ⁹)
3103 3948 3489 4028 scripturae
3558 3949 4126 4034 interpretationes
4200 3953 4472 4016 seorsim

2527 4054 2803 4098 excusae
2848 4045 3033 4111 sunt,
3081 4034 3274 4098 sicuti
3312 4055 3487 4099 nunc
3522 4035 3590 4097 in
3633 4035 3846 4101 lucem
3891 4036 4110 4118 prodit
4153 4036 4326 4119 quod
4370 4035 4479 4100 ad-

2528 4119 2657 4183 huc
2699 4120 2768 4182 in
2813 4119 2983 4183 Aeta
3019 4118 3479 4200 Apostolorum
3519 4119 3759 4196 deerat,
3789 4124 3872 4204 ¹⁰)
3914 4123 4096 4187 cuius
4141 4123 4478 4206 exemplar

2530 4395 2708 4450 1906.
2737 4394 2793 4462 1)
2830 4409 3014 4446 omnes
3053 4411 3149 4446 om.
3198 4394 3256 4446 P.

2736 4462 2796 4525 2)
2834 4463 2968 4515 nihil
3007 4463 3109 4514 iam
3153 4461 3271 4516 P..
3301 4500 3344 4510 ..
3385 4461 3569 4515 Idem.-
3607 4464 3753 4531 quod
3788 4464 3856 4514 ad
3893 4469 3946 4516 te
3983 4465 4232 4517 scribam.
4287 4496 4320 4502 -

2737 4531 2792 4594 3)
2831 4532 2983 4584 Besa
3016 4534 3079 4583 in
3107 4532 3232 4584 Vita
3270 4531 3349 4583 ed.
3388 4533 3420 4582 l.
3451 4547 3507 4598 p.
3545 4531 3635 4585 24:
3673 4532 3983 4601 Pergebant
4016 4535 4177 4586 rebus
4213 4536 4474 4587 novandis

2533 4602 2728 4655 intenti
2763 4601 2989 4666 factiosi,
3035 4609 3092 4651 et
3127 4600 3371 4669 quamvis
3416 4617 3628 4678 rip-sum
3663 4599 3714 4653 2.
3749 4601 3912 4656 Febr.
3949 4617 4129 4655 eoram
4166 4612 4357 4656 senatu
4389 4619 4475 4657 so-

2531 4669 2678 4725 lenni
2713 4669 2979 4738 promisso
3013 4671 3222 4722 sancita
3257 4675 3400 4722 esset
3434 4673 3722 4737 αμνηστία,
3758 4675 3939 4722 tamen
3975 4687 4035 4723 se
4071 4672 4200 4736 ipsis
4238 4673 4476 4740 quotidie

2533 4739 2833 4795 deteriores
2871 4738 3197 4803 evadebant,
3249 4738 3502 4807 utrinque
3550 4738 3708 4792 valde
3756 4745 4015 4807 occupato
4054 4739 4297 4806 Calvino,
4347 4741 4476 4794 dum

2534 4816 2590 4862 et
2623 4808 2745 4860 illos
2782 4823 2882 4875 pro
2917 4824 3014 4860 suo
3049 4824 3200 4860 more
3237 4808 3565 4876 increpando
3599 4807 3669 4860 ad
3691 4808 3967 4860 meliorem
3991 4807 4196 4877 frugem
4223 4825 4475 4864 revocare

2533 4887 2590 4932 et
2625 4880 2796 4997 bonqs
2836 4876 3110 4999 ῧίνῗῶιὲει
3152 4878 3370 4929 illorum
3416 4876 3820 4947 improbitatem
3864 4876 4178 4930 confirmare
4214 4880 4473 4933 studeret.

2739 5014 2800 5080 5)
2837 5014 3001 5066 malui
3037 5030 3104 5067 ne
3143 5013 3365 5066 nimium
3404 5013 3465 5066 Ρ.

2740 5081 2801 5144 6)
2875 5083 2987 5135 rior
3023 5099 3047 5130 s
3089 5097 3146 5134 es
3182 5083 3361 5134 lucore
3399 5083 3553 5134 nobis
3591 5081 3657 5134 P.

2743 5151 2795 5215 7)
2889 5151 2960 5204 ol.
3072 5150 3137 5203 11.
3169 5166 3223 5216 p.
3261 5149 3378 5202 369.
3455 5150 3701 5218 Proleqy.
3737 5166 3792 5218 p.
3827 5147 3909 5202 24.

2743 5221 2803 5285 8)
2841 5218 3092 5271 Budaeus
3135 5219 3186 5269 N.
3226 5218 3519 5271 Balduinus
3557 5218 3624 5270 P.
3663 5225 3711 5272 et
3749 5221 3977 5286 Anytus.

2741 5287 2796 5349 9)
2835 5287 2936 5339 Vin
3024 5286 3165 5338 deux
3201 5301 3443 5340 sermons
3487 5303 3580 5339 sur
3627 5288 3677 5339 le
3714 5287 3801 5340 Ps.
3841 5286 3956 5341 119.
4035 5287 4165 5341 Gen.
4209 5287 4355 5344 1564.
4393 5289 4474 5342 12.

2711 5357 2804 5416 10)
2841 5354 2901 5408 D
2968 5357 3135 5408 {catio
3182 5355 3450 5409 necandae
3497 5358 3679 5423 partie
3725 5358 3935 5425 empta
3977 5357 4089 5422 fuit
4133 5356 4305 5411 17111.
4361 5355 4475 5412 Gal.
