4850 6200
333 434 457 497 869

500 617 611 685 Ad
655 616 1116 684 Alexandrum
1174 616 1576 685 Vibullium
1618 617 2123 695 Bitumiensem‚
2168 617 2289 683 mi·

329 705 619 772 nisti-um
669 702 982 772 ecclesiae
1041 704 1550 783 Pinczoviensis,
1597 724 1766 788 quae
1808 703 2024 789 prima
2067 723 2286 770 susce-

329 792 428 876 pit
469 789 894 875 evangelium
936 790 1009 856 in
1051 789 1346 871 Polonia‚
1402 800 1470 858 et
1511 790 1864 856 reformata
1906 800 2009 856 est
2055 788 2139 856 ad
2182 789 2286 855 in-

328 889 467 944 star
512 876 927 943 Genevensis
982 876 1312 942 ecclesiae.
1400 876 1471 943 Is
1515 876 1881 943 Alexander
1923 876 2018 942 sic
2060 875 2288 942 scribit

328 963 412 1030 ad
437 962 919 1029 Lismaninum:
965 961 1070 1026 De
1106 960 1478 1028 conditione
1522 961 1834 1028 ecclesiae
1876 972 2137 1028 nostrae
2174 983 2282 1027 ae-

327 1071 536 1134 quum
594 1058 695 1114 est
752 1050 952 1115 etiam
1006 1056 1071 1113 te
1104 1048 1448 1114 certiorem
1483 1048 1687 1113 reddi.
1774 1046 2020 1114 Omnia
2059 1047 2284 1113 hacte-

327 1156 454 1201 nus
506 1135 579 1201 in
634 1134 909 1200 ecclesia
942 1143 1166 1199 nostra
1208 1135 1463 1200 sincera
1505 1143 1572 1199 et
1613 1155 1782 1218 pura
1813 1135 2099 1211 fuerunt,
2141 1148 2282 1199 tum

326 1242 496 1306 quae
540 1220 927 1298 doctrinam,
962 1230 1105 1285 tum
1141 1241 1308 1303 quae
1330 1229 1742 1287 sacramenta
1761 1221 2058 1304 ritusque
2080 1219 2284 1285 eccle-

323 1307 620 1373 siasticos
659 1315 1086 1373 concernunt.
1174 1305 1395 1387 Quam
1448 1307 1802 1390 puritatem
1861 1327 2063 1390 quum
2109 1304 2283 1388 apud

324 1392 725 1458 Waldenses
744 1391 1138 1470 videremus,
1159 1393 1535 1458 curavimus
1569 1392 1794 1458 sedulo
1840 1404 1914 1457 ut
1955 1391 2029 1456 in
2070 1413 2281 1457 unum

324 1499 475 1545 cum
551 1478 687 1543 illis
745 1478 1264 1544 conveniremus.
1377 1476 1569 1560 Quod
1646 1479 1846 1543 etiam
1912 1479 2057 1544 Deo
2116 1477 2280 1543 duce

369 1562 691 1631 erfectum
743 1571 863 1630 est.
943 1564 1149 1630 Cuius
1206 1564 1306 1629 rei
1347 1585 1549 1630 causa
1589 1563 1693 1629 bis
1738 1573 2129 1630 conventum
2174 1585 2280 1629 ce-

349 1651 724 1717 ebravimus
775 1651 848 1715 in
892 1650 1137 1716 maiore
1201 1649 1481 1717 Polonia
1544 1671 1696 1715 cum
1751 1649 1911 1714 illis:
1948 1650 2016 1714 in
2061 1656 2278 1733 poste-

320 1739 496 1803 riore
563 1751 784 1802 autem
842 1744 1172 1801 conventu
1233 1734 1445 1800 adfuit
1487 1737 1828 1821 episcopus
1871 1735 2135 1800 illorum
2170 1735 2277 1800 Io-

321 1844 529 1889 annes
555 1824 907 1905 Niyranus,
953 1843 1102 1887 cum
1126 1821 1515 1904 quibusdam
1554 1820 1925 1887 senioribus
1969 1820 2277 1887 ecclesiae

318 1908 586 1974 illorum
622 1908 983 1991 praefectis.
1050 1906 1242 1988 Quod
1277 1910 1431 1991 quia
1450 1908 1760 1974 Prussiae
1784 1908 2089 1992 princeps
2125 1906 2278 1972 sub-

319 1996 663 2069 olfecerat‚
730 1995 912 2060 misit
965 1996 1164 2058 etiam
1203 2015 1410 2058 unum
1454 2017 1539 2058 ex
1581 1993 1969 2060 consiliariis
2014 2004 2081 2058 et
2124 2013 2278 2059 con-

323 2082 728 2147 cionatorem
785 2101 1001 2155 suum,
1047 2080 1355 2163 imposita
1409 2079 1541 2145 illis
1586 2080 1912 2164 legatione
1954 2100 2150 2163 quam
2196 2077 2280 2145 ad

321 2190 444 2233 nos
488 2166 887 2250 perferrent:
941 2187 1140 2249 quam
1203 2164 1388 2232 nobis
1446 2166 1738 2231 confecta
1782 2166 2024 2231 unione
2068 2165 2282 2231 decla-

319 2268 662 2318 raverunt.
721 2251 1075 2336 Negotium
1099 2262 1316 2317 autem
1354 2252 1699 2335 legationis
1741 2252 1813 2317 in
1859 2251 1982 2317 hoc
2024 2260 2165 2316 erat
2208 2259 2285 2317 ut

321 2339 512 2405 nobis
572 2338 835 2403 nomine
893 2338 1208 2421 principis
1257 2340 1543 2422 gratiam
1599 2349 1666 2403 et
1724 2359 2013 2403 amorem
2049 2337 2284 2402 frater·

319 2446 484 2491 num
511 2424 973 2507 pollicerentur
995 2434 1434 2507 testatumque
1457 2423 1825 2489 redderent.
1886 2425 1988 2489 'ru
2016 2423 2283 2488 interim

319 2532 458 2577 una
494 2532 645 2576 cum
680 2510 971 2576 ecclesiis
1007 2509 1139 2574 illis
1163 2511 1525 2574 Dominum
1562 2511 1879 2587 exorabis‚
1918 2530 2002 2575 ne
2024 2519 2284 2575 nostros

319 2606 595 2663 conatus
620 2596 732 2677 qui
756 2595 1034 2679 gloriam
1070 2596 1257 2679 regni
1293 2596 1396 2661 sui
1439 2606 1845 2661 concernunt
1880 2595 2098 2661 irritos
2141 2617 2282 2662 esse

321 2686 517 2749 sinat.
609 2681 815 2747 Ortae
861 2688 1020 2747 sunt
1074 2682 1182 2746 hic·
1231 2681 1406 2764 apud
1464 2702 1586 2747 nos
1630 2681 1950 2765 quaedam
2007 2682 2282 2747 infestae

321 2770 759 2852 quaestiones,
795 2789 958 2851 quas
993 2768 1114 2833 tibi
1150 2767 1439 2833 breviter
1475 2766 1719 2834 scribo:
1773 2773 1824 2833 l.
1853 2766 2183 2833 Hislebius
2218 2776 2284 2833 et

323 2854 664 2921 Masculus
714 2853 1009 2919 Andreas
1053 2853 1397 2920 Christum
1462 2875 1729 2937 passum
1797 2874 1940 2919 esse
1986 2853 2056 2917 in
2100 2863 2280 2919 utra-

321 2963 453 3024 que
500 2952 737 3005 natura
781 2939 1207 3015 contendunt,
1253 2962 1383 3005 non
1431 2939 1791 3005 secundum
1836 2939 2278 3005 communica-

319 3030 576 3093 tionem
624 3028 1033 3105 idiomatum,
1081 3025 1368 3092 dicentes
1418 3034 1644 3093 contra
1686 3026 1981 3091 omnium
2018 3033 2281 3108 patrum

320 3114 743 3191 sententiam,
795 3111 908 3178 sed
982 3113 1378 3195 simpliciter.
1407 3117 1460 3192 ⁹)
1551 3117 1607 3177 2.
1673 3112 1979 3178 Osiandri
2044 3112 2281 3196 dogma

321 3199 541 3266 adhuc
588 3200 787 3264 etiam
832 3198 1006 3281 apud
1051 3199 1292 3265 multos
1337 3199 1534 3283 viget,
1572 3198 1681 3281 qui
1704 3198 2120 3265 essentialem
2144 3200 2278 3263 ius-

317 3287 540 3351 titiam
604 3284 956 3359 asserebat,
1019 3284 1274 3350 Christi
1339 3284 1818 3349 humanitatem
1885 3295 2275 3350 extenuans.

321 3376 381 3438 3.
445 3371 798 3453 Philippus
860 3369 1249 3436 Melanchton
1293 3393 1428 3436 una
1470 3393 1617 3437 cum
1666 3370 2011 3436 Saxonicis
2056 3370 2279 3435 defen-

319 3456 496 3524 dunt
555 3457 896 3522 Christum
955 3455 1315 3522 secundum
1372 3468 1715 3541 utramque
1765 3467 2071 3522 naturam
2138 3477 2280 3522 esse

318 3543 774 3622 mediatorem,
843 3564 1054 3625 neque
1120 3542 1226 3609 hic
1293 3542 1583 3608 admittit
1630 3544 2280 3609 communicationem

319 3630 734 3695 idiomatum.
825 3635 884 3691 4.
947 3628 1096 3693 Orti
1159 3639 1313 3694 sunt
1348 3630 1542 3693 etiam
1589 3629 1850 3710 quidam
1891 3630 2002 3711 qui
2051 3629 2279 3694 Chris-

319 3725 468 3782 tum
517 3726 761 3798 negant
803 3714 1012 3779 filium
1049 3714 1176 3778 Dei
1223 3715 1578 3780 secundum
1629 3715 2106 3780 humanitatem
2154 3715 2279 3779 dici

318 3801 694 3869 naturalem
741 3800 994 3865 debere.
1072 3807 1128 3865 5.
1173 3801 1404 3866 Serveti
1449 3823 1634 3865 error
1679 3801 2096 3882 doctrinaque
2141 3802 2281 3865 eius

320 3889 585 3974 aliquos
624 3888 825 3952 etiam
861 3895 1060 3952 tenet.
1148 3887 1351 3964 Haec,
1398 3887 1485 3951 mi
1533 3887 1924 3965 Lismanine,
1962 3907 2110 3950 cum
2148 3886 2280 3952 illis

319 3976 452 4059 piis
519 3973 852 4056 doctisque
918 3973 1081 4037 viris
1146 3972 1507 4038 ruminabis
1570 3983 1636 4037 et
1693 3995 1812 4037 nos
1878 3972 2153 4054 posthac
2200 3970 2280 4037 de

321 4060 657 4212 {ententia
711 4059 977 4123 illorum
1035 4057 1268 4123 reddes
1333 4058 1659 4125 certiores.
1739 4058 2131 4124 Pinczoviae
2183 4063 2276 4123 15.

378 4154 510 4230 eph
569 4151 747 4210 1555.

499 4230 609 4296 Ad
658 4231 969 4296 Iacobum
1008 4229 1459 4308 Uchaniumw)
1505 4231 1880 4312 episcopum
1927 4229 2281 4295 Chelmen-

323 4341 484 4390 som,
559 4318 770 4382 virum
838 4316 1096 4382 doctum
1153 4325 1219 4380 et
1269 4317 1337 4379 in
1382 4337 1581 4382 causa
1624 4315 1962 4400 religionis
1998 4317 2281 4383 instruc-

322 4405 674 4469 tissimum.
729 4402 1027 4485 Epistola
1070 4402 1444 4468 Lismanini
1490 4401 1571 4466 ad
1618 4402 1898 4466 eundem
1948 4402 2283 4485 praebebit

321 4499 811 4573 argumentum.

321 4697 442 4733 eum
495 4679 701 4758 nobiles
742 4681 793 4729 et
837 4676 1084 4730 ministri
1126 4676 1437 4730 invitarunt
1490 4680 1552 4730 ut
1608 4677 1669 4728 in
1719 4675 2003 4728 Polom'am
2063 4675 2282 4731 rediret.

325 4748 594 4876 (Βηόκέ)
626 4744 829 4868 quaid)
843 4815 1246 4868 controversiae
1274 4811 1711 4866 Osiandristicae
1749 4811 2047 4882 Staphylus
2084 4813 2280 4879 Regio-

323 4893 621 4938 montanus
661 4883 974 4936 Masculum
1010 4884 1290 4936 accusavit
1332 4883 1496 4951 quasi
1541 4880 1750 4962 deceret
1787 4881 2034 4935 divinam
2076 4882 2285 4938 Christi

323 4959 936 5087 ffl222235²32103f³3÷1m..53
965 4950 2285 5090 ”mamaoq‘sspifflssissesffi‘fflaffluss

323 5107 436 5146 ”on
473 5092 935 5223 zelggqnffihamki,
970 5159 1146 5225 episco
1188 5171 1252 5209 us
1293 5155 1671 5210 Vladislaviae
1707 5157 1766 5207 in
1807 5156 2057 5220 Cuiavia,
2089 5161 2280 5223 postea

323 5229 566 5296 archiep.
618 5226 1019 5281 Gneseniensa's.
1091 5231 1114 5290 (
1175 5226 1353 5279 abien.
1441 5266 1451 5276 .
1501 5224 1612 5292 20.)
1686 5224 1900 5279 Mentio
1946 5229 2065 5279 eius
2106 5225 2172 5291 fit
2216 5226 2278 5278 in

324 5315 406 5366 ep.
455 5296 746 5352 Utenhovii
779 5295 854 5350 ad
891 5296 1174 5349 Calvinum
1209 5295 1262 5347 d.
1303 5293 1357 5347 d.
1430 5293 1477 5347 7.
1517 5293 1642 5349 Ian.
1681 5292 1832 5347 1559.
1905 5293 1997 5347 Aa
2029 5308 2149 5346 eun
2187 5293 2279 5350 hie

327 5383 540 5437 quoque
575 5366 796 5434 scripsit
831 5365 883 5419 d.
926 5363 1009 5417 19.
1053 5364 1190 5418 Νου.
1229 5362 1381 5419 1558.

2039 432 2204 496 1555
2246 427 2659 497 NOVEMB.

2362 5016 2650 5091 'colloquio

4215 440 4353 507 870

2564 616 2673 684 Ad
2749 619 3169 703 magnificam
3258 619 3946 706 religiosissimamque
4027 623 4343 691 feminam

2390 705 2723 788 Agnetem
2755 703 3092 785 Dluskam,
3118 707 3203 782 ¹²)
3247 726 3413 790 quae
3458 707 3626 773 filios
3652 706 3988 774 Nicolaum
4022 717 4088 777 et
4111 710 4340 776 Alber·

2388 794 2523 855 tum
2569 791 2746 856 misit
2792 791 3131 874 Tigurum‚
3178 797 3253 856 ut
3295 791 3551 859 discant
3584 793 3913 876 pietatem,
3960 795 4163 860 bonos
4197 817 4339 861 mo·

2389 897 2497 942 res
2542 885 2609 943 et
2655 876 3031 960 disciplinas
3084 876 3404 945 liberales.
3492 878 3855 946 Staniszaus
3910 881 4090 946 enim
4125 882 4340 948 famu-

2387 961 2511 1042 lus,
2570 962 2684 1046 qui
2727 962 3072 1029 Genevam
3117 964 3303 1029 venit
3344 974 3419 1029 ut
3465 972 3529 1031 te
3564 964 3825 1032 videret
3878 973 3944 1032 et
4001 968 4339 1049 salutaret,

2387 1047 2588 1114 simul
2630 1056 2697 1113 et
2738 1048 2967 1114 literae
3010 1049 3152 1116 eius
3196 1048 3279 1115 ad
3314 1050 3503 1129 filios,
3549 1072 3711 1134 quas
3734 1050 3973 1137 legisti,
4019 1052 4341 1136 praebent

2386 1154 2523 1199 non
2587 1134 2865 1217 vulgare
2920 1144 3384 1219 argumentum
3449 1137 3776 1203 scribendi
3821 1159 3955 1203 non
3999 1138 4213 1204 solum
4255 1136 4342 1204 ad

2386 1239 2552 1299 eam,
2611 1241 2846 1286 verum
2898 1221 3100 1286 etiam
3154 1223 3579 1307 magnificum
3636 1222 3722 1288 D.
3779 1223 4125 1290 Nicolaum
4169 1224 4338 1291 Mis-

2383 1305 2612 1385 kovski‚
2642 1308 2720 1387 12)
2771 1307 2910 1372 eius
2964 1307 3237 1372 fratrem
3291 1329 3682 1392 germanum
3738 1310 3852 1393 qui
3895 1319 3997 1376 est
4040 1310 4339 1376 castella-

2385 1413 2514 1457 nus
2558 1392 3001 1477 Voynicensis
3047 1402 3115 1459 et
3166 1395 3355 1478 regni
3397 1394 3807 1461 consiliarius
3856 1404 3923 1460 et
3972 1397 4146 1480 Regi
4189 1417 4341 1481 gra-

2384 1478 2693 1543 tissimus.

2553 1563 2725 1628 Item
2760 1563 2843 1629 ad
2888 1585 3280 1649 generosum
3324 1564 3409 1630 D.
3437 1563 3842 1631 Stanislaum
3885 1565 4230 1634 carnin-slei
4252 1570 4338 1648 ²⁸)

2380 1648 2569 1715 Iwan
2622 1651 2904 1732 equitem
2962 1650 3287 1716 Polonum
3350 1652 3448 1716 tui
3513 1650 4064 1718 studiosissimum
4125 1661 4198 1720 ut
4256 1674 4340 1720 ex

2381 1735 2522 1801 eius
2566 1736 2649 1799 ad
2692 1757 2799 1800 me
2841 1736 3051 1802 literis
3092 1737 3461 1822 intelligere
3505 1738 3796 1822 potuisti.

2555 1820 2640 1886 In
2696 1824 3045 1906 magnifico
3100 1823 3301 1887 etiam
3357 1824 3439 1888 D.
3486 1824 3735 1888 Ioanne
3780 1823 4047 1903 BonerO,
4077 1827 4161 1902 ²⁴)
4198 1844 4341 1891 cas·

2381 1905 2627 1972 tellano
2668 1907 2974 1974 Bieeensi
3015 1916 3084 1975 et
3127 1919 3430 1975 senatore
3473 1910 3663 1993 regni
3707 1930 3782 1974 ac
3825 1930 4065 1992 magno
4109 1929 4340 1994 procu-

2383 2000 2602 2058 ratore
2636 1994 2836 2078 regio,
2862 1993 3148 2058 multum
3172 1997 3371 2060 situm
3417 2005 3515 2059 est
3556 2005 3635 2061 ut
3656 2006 4119 2079 promoveatur
4140 2016 4340 2062 evan-

2384 2078 2630 2162 gelium
2673 2079 2745 2143 in
2792 2080 2955 2145 urbe
2999 2081 3200 2164 regia,
3248 2080 3330 2146 ad
3374 2079 3546 2164 quod
3580 2081 3941 2164 plurimum
3986 2083 4185 2147 etiam
4225 2103 4342 2146 va-

2384 2165 2477 2230 let
2519 2165 2849 2249 Georgius
2878 2165 3146 2247 sinzink,
3183 2166 3417 2232 consul
3442 2166 3902 2234 Cracoviensis
3946 2169 4045 2233 tui
4089 2166 4339 2234 studio-

2387 2272 2534 2329 sus,
2594 2251 2709 2318 sed
2766 2252 2878 2334 qui
2929 2262 3222 2334 praestat
3274 2253 3549 2319 caeteris
3598 2253 3842 2337 pietate
3886 2263 3955 2318 et
4009 2254 4166 2320 zelo.
4247 2254 4343 2319 Hi

2387 2345 2545 2403 sunt
2588 2339 2656 2402 in
2701 2338 2978 2403 Polonia
3020 2339 3289 2403 minore.

2561 2423 2862 2489 Andreas
2924 2425 3272 2500 Tricesius‚
3301 2426 3385 2502 16)
3442 2423 3819 2490 Stanislaus
3864 2425 4221 2504 Lassoczki,
4255 2427 4343 2502 ¹⁰)

2386 2508 2840 2592 Hieronymus
2942 2509 3409 2592 Philippovski,
3443 2512 3524 2586 ¹⁷)
3610 2511 4063 2595 Hieronymus
4157 2511 4343 2577 Osso-

2387 2594 2581 2661 linski
2606 2598 2691 2669 ¹⁸)
2752 2605 2819 2661 et
2882 2597 3273 2680 magnificus
3340 2598 3425 2661 D.
3492 2596 3826 2662 Martinus
3874 2596 4229 2674 SboroviuS‚
4259 2598 4344 2679 ¹⁹)

2386 2680 2719 2764 palatinus
2782 2681 3195 2759 Kalisiensis,
3262 2683 3375 2765 qui
3439 2680 3682 2761 verbis,
3743 2683 3955 2762 annis,
3992 2684 4340 2748 autoritate

2385 2788 2583 2849 quam
2650 2769 2935 2832 maxime
2998 2767 3201 2850 pollet
3258 2770 3432 2833 inter
3480 2768 3751 2847 nobiles,
3807 2768 4019 2834 modis
4063 2767 4343 2851 denique

2386 2853 2689 2919 omnibus
2732 2863 2985 2936 pugnat
3029 2851 3111 2918 ab
3155 2853 3406 2936 aliquot
3449 2855 3642 2919 annis
3687 2864 3913 2919 contra
3955 2874 4212 2938 papam,
4257 2853 4341 2918 li-

2387 2946 2491 3003 cet
2526 2961 2565 3003 a
2612 2939 2816 3003 Paulo
2859 2939 2987 3004 III.
3027 2938 3307 3005 donatus
3352 2950 3580 3022 torque
3625 2961 3825 3005 aurea
3868 2941 4092 3024 magni
4150 2940 4343 3023 pretii

2385 3033 2453 3090 et
2507 3034 2821 3110 exceptus
2880 3025 3183 3091 convivio
3225 3024 3605 3110 pontificali.
3692 3025 3804 3090 Ad
3848 3025 3966 3092 hos
4010 3046 4239 3092 omnes
4283 3024 4344 3090 si

2383 3113 2722 3194 scripseris
2772 3112 2970 3178 facies
3026 3133 3167 3177 rem
3211 3113 3443 3179 utilem
3489 3133 3754 3178 causae:
3803 3112 3918 3178 sed
3962 3114 4184 3179 omnia
4227 3120 4340 3178 tuo

2384 3198 2655 3264 arbitrio
2692 3197 3009 3282 relinquo.

2557 3366 2932 3435 Stanislaus
2983 3368 3269 3434 Petreius
3324 3370 3435 3453 qui
3492 3369 3657 3435 mihi
3714 3370 4029 3437 successit
4073 3372 4145 3435 in
4189 3391 4336 3434 mu-

2382 3475 2542 3519 nere
2577 3455 2927 3519 ministerii
2969 3456 3581 3535 Franciscanorum,
3641 3457 3831 3522 cuius
3897 3457 3978 3520 ad
4036 3476 4144 3520 me
4188 3456 4339 3522 lite-

2383 3562 2493 3605 ras
2537 3540 2757 3624 legisti
2802 3551 2868 3606 et
2911 3541 2994 3607 ad
3030 3541 3220 3606 illum
3256 3562 3454 3621 meas,
3500 3549 3568 3608 et
3609 3541 3782 3625 quod
3829 3541 4172 3608 Christum
4218 3563 4338 3625 pu-

2383 3625 2551 3692 blice
2595 3633 2662 3690 et
2705 3647 2823 3709 per
2858 3627 3152 3712 singulas
3195 3628 3329 3692 fere
3374 3637 3757 3694 senatorum
3801 3627 4340 3695 Cracoviensium

2455 4055 2467 4068 ⁶
2561 3917 2655 4068 12))
2688 3917 2772 4041 115?v
2798 3917 2964 4041 2233ἓᾶ
3003 3986 3259 4055 (Lubien.
3290 4003 3350 4056 p.
3383 3984 3452 4040 67
3488 4001 3532 4041 ε.
3579 4002 3659 4056 cp.
3706 3986 3826 4041 eius
3868 3986 3947 4040 ad
3983 3985 4186 4056 Reqem
4229 4002 4338 4056 pro

2384 4055 3135 4192 L⁸⁸”⁸‘²1'}‚3”‘iv?⁰2'13‚'‹}²5.”⁸⁰'“²·

2558 4192 2652 4261 14)
2690 4194 2761 4248 N.
2818 4193 2971 4247 2365.
3060 4191 3278 4260 (Etiam
3341 4192 3431 4247 hic
3497 4190 3577 4246 ad
3632 4190 3832 4261 Regem
3884 4191 3950 4246 de
4004 4190 4337 4247 Meuaniae

2383 4262 2619 4331 scripsit.
2690 4263 2833 4317 Lab.
2865 4279 2920 4331 ρ.
2956 4260 3067 4330 69.)
3226 4330 3238 4342 ·
3696 4329 3709 4341 ·
4078 4328 4090 4340 ·
4120 4328 4132 4339 ι

2564 4331 2648 4398 15)
2686 4332 2868 4400 Eques
2894 4332 3130 4385 Polonus
3164 4329 3306 4410 filius
3326 4328 3581 4381 Andreae
3617 4345 3711 4398 qm
3746 4327 3985 4382 scholam
4018 4329 4337 4396 trilinguem

2386 4400 2560 4453 erexit
2597 4399 2890 4466 (Calvinus
2923 4401 2983 4454 in
3018 4399 3294 4481 oparqme)
3334 4398 3407 4451 N.
3446 4396 3583 4451 2372
3687 4466 3699 4477 ·
3942 4466 3952 4477 ι
4107 4466 4117 4477 ⁵

2434 4538 2442 4548 ·
2559 4468 2649 4532 16)
2686 4469 3127 4522 Subcamerarms
3163 4477 3341 4548 terrae
3367 4468 3731 4547 Lanciciensis⁸
3767 4462 4057 4545 (Calymne
4091 4480 4153 4518 m
4187 4480 4337 4547 mar·

2383 4537 2556 4659 32-222-
2614 4533 4338 4673 {emi-‘marat⁰”3023-35111'J0ssi‘35m‘3'222'53.‘¹2⁴²ss‘3:

2385 4674 2466 4730 N·
2503 4674 2656 4812 231678)
2687 4744 2919 4799 Labien.
2957 4761 3010 4812 p.
3048 4742 3144 4797 63.-
3197 4743 3255 4795 in
3299 4739 3533 4795 dioecesi
3568 4739 3910 4794 Cracoviensi
3955 4739 4225 4805 habitans,
4273 4743 4338 4792 nt

2385 4828 2455 4865 ex
2478 4814 2772 4881 praecipua
2795 4813 3083 4866 nobilitate
3118 4814 3197 4864 ita
3232 4816 3288 4863 et
3323 4827 3389 4863 cx
3416 4810 3721 4880 praecipuis
3750 4809 4044 4862 exorientis
4075 4808 4336 4862 ecelesiae

2383 4883 2631 4950 patronis
2667 4882 2785 4934 fuit.
2843 4882 2999 4936 Idem
3030 4899 3084 4950 p.
3121 4879 3219 4934 53:
3256 4879 3395 4932 Phil.
3436 4883 3494 4932 et
3521 4879 3804 4931 Lassocius
3839 4878 4335 4933 coniunctissimum

2384 4951 2651 5003 sociorum
2728 4968 2801 5002 ar.
2834 4981 2902 5031 ⁸-
2940 4952 3108 5032 ᾼηηρ
3133 4947 3268 5003 1565
3299 4948 3413 5041 (uit
3442 4962 3669 5016 praeses
3686 4947 4235 5002 Antitrinilariorum
4270 4948 4333 5001 in

2558 5088 2649 5154 18)
2686 5016 3854 5155 Ὺἰειξηιξὲζιίῗῗεε.οὲιὲξὸτέἓιιλοοῦοῳιίοηιω
3907 5083 4337 5138 studiosissimus

2382 5156 2748 5290 (Luhsslgqh
2782 5224 2985 5293 oppido
3019 5239 3080 5277 re
3118 5224 3173 5277 io
3199 5221 3484 5276 Stobrioza
3506 5220 3655 5291 quod
3684 5221 3952 5290 praefecti
3984 5222 4199 5274 nomine
4232 5217 4335 5273 ad-

2380 5295 2758 5377 ministrabat·
2789 5296 2898 5375 imp
2933 5309 2984 5347 a.
3025 5293 3054 5346 1
3093 5292 3160 5345 51
3206 5292 3357 5347 intra
3406 5292 3661 5361 privatos
3709 5293 3950 5359 parietes
3999 5289 4338 5359 evangelium

2375 5364 2698 5433 praedicar·
2731 5369 2909 5418 tuem.
3820 5444 3927 5499 5⁶·
