4850 6200
514 425 638 486 115

506 608 965 693 indulgentias
1006 608 1089 673 ob
1131 612 1582 690 recuperatam
1626 602 1958 688 Angliam.
2025 601 2475 671 Perscribitur

514 696 714 762 etiam
774 691 988 782 [illm
1042 714 1083 757 a
1118 699 1269 757 trox
1342 689 1598 757 dedisse
1662 688 1929 756 Caesari
1994 689 2335 755 consilium
2400 687 2471 753 in

516 779 1023 933 {LJutheranoffi
1087 777 1157 844 1d
1200 797 1357 844 vero
1413 774 1777 843 cuiusmodi
1826 773 1958 862 [sia
2003 772 2311 875 nondum]
2353 795 2472 840 no·-

563 868 622 933 is
667 874 944 933 constat.
1033 863 1108 932 Si
1152 863 1370 931 forsan
1432 862 1516 929 ad
1557 870 1625 927 te
1666 861 2002 948 pervenit,
2064 882 2178 926 oro
2223 869 2469 939 m1ttas,

516 963 587 1020 et
629 950 916 1040 qui[dem
953 1000 1298 1016 .......
1300 946 1333 1037 ]
1350 950 1444 1029 ²⁸)

1397 1278 1435 1286 υ-
1450 1279 1461 1283 -
1480 1277 1639 1285 *v-uow

1400 1547 1586 1618 1⁹41.

989 1720 1512 1789 ZERKINOEES
1555 1720 1994 1788 OALVINO.

699 1892 891 1960 Redit
931 1894 1019 1960 ad
1068 1912 1256 1958 eumn
1297 1898 1734 1978 ammentum
1789 1898 1846 1959 et
1899 1893 2220 1976 supplicia
2275 1894 2471 1960 dissi-

510 1979 798 2045 dentium·
853 1984 910 2045 et
961 1979 1405 2046 haereticorum
1455 1998 1579 2045 non
1633 1998 1766 2045 esse
1820 1980 2120 2061 optimam
2173 1979 2347 2045 viam
2386 1979 2476 2045 ad

520 2066 1014 2146 compescendam
1085 2067 1476 2149 inqeniorum
1542 2063 1861 2131 luxuriem
1915 2069 1972 2129 et
2033 2065 2477 2146 exstirpandos

522 2170 781 2228 errores,
822 2152 1086 2218 medeae
1126 2151 1310 2227 docet,
1372 2154 1613 2233 excepto
1656 2155 1862 2217 tamen
1908 2148 2153 2217 Ser-veto
2194 2156 2250 2215 et
2290 2151 2474 2216 sirni-

524 2237 703 2302 libus,
798 2236 921 2302 Sed
962 2238 1120 2303 talia
1162 2237 1284 2302 soli
1324 2237 1729 2321 mayistratui
1770 2237 2203 2305 mittenda
2247 2257 2377 2304 esse
2418 2242 2477 2302 et

526 2320 859 2388 Gahrsnm
898 2327 957 2389 et
996 2324 1232 2406 ayendo
1264 2328 1321 2388 et
1359 2321 1676 2389 scribendo
1717 2322 1946 2389 melius
1988 2322 2385 2390 abstinuisse.

636 2511 749 2575 (Ex
784 2510 1099 2581 apographo
1136 2512 1277 2564 Bibl.
1313 2510 1482 2565 Paris.
1556 2511 1750 2580 Dupuy
1784 2510 1916 2566 Ood.
1955 2509 2073 2579 102,
2108 2512 2198 2566 fol.
2236 2509 2349 2576 75.)

694 2700 961 2766 Literae
1006 2708 1174 2778 tuae,
1201 2701 1253 2779 ¹)
1302 2698 1558 2766 Calvina
1600 2701 1805 2766 frater
1844 2699 1917 2766 in
1939 2700 2227 2767 Domino
2270 2722 2472 2768 vene-

519 2784 745 2861 rande,
805 2807 887 2851 ex
929 2788 1105 2851 omni
1150 2796 1335 2868 parte
1389 2787 1573 2851 fuere
1630 2787 2058 2871 gratissimae.
2150 2785 2476 2854 Securum

519 2873 696 2937 enim
742 2871 1026 2937 reddunt
1070 2870 1151 2936 de
1198 2871 1465 2955 vulgato
1518 2871 1633 2937 illo
1677 2870 1848 2938 malo
1892 2886 2294 2957 pervagante
2337 2895 2475 2939 om-

518 2958 701 3023 nium
764 2957 1169 3023 eruditorum
1229 2958 1479 3023 animos
1494 3007 1509 3034 ,
1567 2968 1644 3022 ut
1701 2957 1807 3023 vel
1848 2957 2184 3025 levissima
2227 2957 2477 3025 dissen-

520 3042 730 3111 tiendi
773 3043 1141 3128 suspicione
1185 3041 1428 3122 oborta,
1471 3043 1775 3128 protinus
1816 3061 2081 3110 omnem
2125 3046 2475 3111 amicitiam

516 3131 897 3214 discerpant
976 3150 1050 3195 ac
1137 3127 1431 3210 perdant.
1553 3128 1815 3195 Deinde
1895 3130 2062 3195 scias
2134 3130 2477 3197 literarum

520 3236 820 3281 mearum
866 3222 1177 3279 eventum
1223 3235 1327 3279 me
1370 3213 1862 3297 praevidisse,²)
1920 3223 1988 3280 et
2046 3236 2244 3298 quam
2287 3216 2479 3282 facile

523 3303 610 3366 sit
678 3301 838 3366 haec
903 3299 1155 3367 lubrica
1221 3308 1611 3385 argumenta
1675 3309 1740 3365 et
1836 3303 2152 3383 impetere
2232 3309 2298 3366 et
2365 3300 2477 3367 de-

519 3386 806 3463 fendere,
855 3408 1067 3470 neque
1102 3388 1303 3454 finem
1338 3385 1545 3451 ullum
1582 3386 1722 3451 fore
1755 3386 2127 3471 argutandi,
2164 3387 2478 3471 quamdiu

521 3494 709 3539 mens
746 3481 812 3537 et
842 3474 1010 3538 ratio
1044 3471 1419 3540 hominibus
1453 3472 1796 3550 constabit,
1838 3473 2225 3555 praesertim
2270 3473 2479 3538 doctis

522 3568 589 3625 et
630 3559 1021 3634 exercitatis,
1069 3558 1307 3642 quibus
1360 3579 1512 3624 cum
1569 3559 1829 3643 ignavis
1882 3569 1951 3624 et·
2005 3558 2329 3642 imperitis
2371 3580 2480 3624 res

521 3655 640 3711 est.
713 3645 1119 3712 Contraham
1163 3646 1381 3729 itaque
1423 3665 1550 3722 me,
1596 3666 1681 3708 ne
1716 3663 1884 3709 onus
1924 3644 2276 3728 suscipiam
2321 3647 2479 3712 viri-

524 3733 649 3796 bus
703 3732 933 3808 maius,
1009 3752 1179 3796 neve
1235 3732 1550 3797 molestus
1609 3730 1735 3793 sim
1794 3729 2044 3795 homini
2098 3730 2479 3797 melioribus

522 3828 862 3900 occupato,
946 3838 1141 3898 quem
1204 3818 1494 3901 poenitet
1561 3815 1644 3881 ad
1713 3815 1911 3880 ullam
1979 3817 2478 3900 responsionem

524 3901 841 3988 adegisse.
932 3902 1158 3969 Unum
1212 3903 1336 3968 hoc
1381 3903 1658 3968 reticere
1718 3921 1850 3968 non
1908 3922 2203 3986 possum,
2265 3906 2481 3971 vereri

526 4011 662 4066 me,
736 4012 820 4054 ne
880 4011 1014 4054 non
1071 3990 1204 4055 sint
1270 3989 1477 4055 fasces
1530 3995 1598 4053 et
1655 4008 1914 4054 secures
1973 3991 2480 4074 magistratuum

524 4076 638 4140 via
680 4084 747 4139 et
787 4074 1138 4141 methodus
1180 4073 1633 4157 compescendi
1676 4074 2091 4158 ingeniorum
2128 4075 2479 4156 luxuriem,

524 4183 612 4226 ne
656 4162 801 4244 quis
845 4183 884 4226 a
927 4161 1186 4246 publice
1241 4163 1518 4244 receptis
1572 4160 1985 4244 dogmatibus
2030 4162 2481 4227 ministrorum

528 4268 851 4315 consensu
897 4248 1173 4312 firmatis
1214 4246 1326 4311 vel
1368 4248 1577 4312 latum
1624 4268 1909 4331 unguem
1956 4245 2262 4314 discedat.
2345 4247 2482 4314 Ex-

528 4333 745 4418 empla
777 4335 993 4398 omnis
1031 4334 1374 4398 vetustatis
1411 4354 1530 4399 nos
1566 4333 1803 4398 docent
1836 4332 2124 4399 humano
2159 4336 2483 4419 sanguine

528 4432 596 4487 et
641 4441 872 4487 cruore
913 4419 1079 4485 istas
1119 4418 1407 4486 maculas
1450 4441 1583 4484 non
1629 4420 1756 4484 elui
1802 4417 1916 4483 sed
1956 4419 2253 4486 diffundi.
2321 4419 2483 4485 Vidi

530 4529 651 4591 ego
716 4527 877 4590 quos
942 4506 1338 4590 poenituerit
1401 4506 1813 4590 magistratui
1866 4515 2130 4571 autores
2180 4507 2484 4572 lanienae

527 4595 916 4659 miserorum
963 4592 1194 4670 fuisse,
1252 4601 1634 4676 optasseque
1678 4595 2064 4676 superstites
2106 4614 2265 4673 esse,
2321 4613 2484 4676 quos

530 4700 647 4744 suo
682 4680 948 4745 consilio
985 4679 1294 4744 videbant
1327 4679 1640 4757 sublatos,
1677 4678 2190 4762 maluissentque
2217 4687 2484 4744 centum

530 4763 774 4829 habere
839 4763 1250 4829 adversarios
1322 4786 1515 4848 quam
1584 4766 1782 4829 unius
1849 4774 2059 4829 morte
2123 4764 2484 4847 inquietam

704 5070 796 5138 25)
834 5071 1037 5126 Denso
1066 5071 1281 5126 videtur
1312 5089 1479 5128 unum
1512 5074 1845 5130 vocabulum.

532 5140 721 5198 1041..
748 5140 803 5204 1)
840 5140 1166 5209 deperditae,
1202 5142 1397 5213 quamn
1431 5142 1508 5197 ad
1543 5142 1622 5198 N.
1665 5141 1803 5196 1904
1838 5140 2209 5210 respondebat.

737 5209 800 5277 2)
836 5209 989 5264 Haec
1022 5211 1177 5266 nobie
1208 5212 1388 5268 minus
1528 5216 1724 5282 spicae
1771 5216 1900 5265 sunt
1942 5226 2106 5279 qums
2146 5209 2365 5265 odoini
2394 5224 2478 5264 re-

528 5294 732 5345 sponso,
777 5294 1078 5334 careamus.
1162 5280 1350 5336 Εείαηι
1398 5228 1685 5338 ἔοῖππιιε
1727 5283 1792 5335 in
1834 5294 1937 5334 suo
1982 5278 2371 5335 maiomam
2414 5278 2481 5333 de

526 5347 788 5404 arunte
822 5347 1090 5412 (Bullatin
1127 5349 1272 5407 1874.
1309 5351 1437 5418 111.)
1472 5353 1542 5407 de
1575 5352 1667 5407 his
1699 5350 1873 5405 litoris
1908 5347 2051 5403 nihil
2080 5348 2250 5403 habet.

2017 411 2544 483 EPIS'POLAE
2597 413 3014 478 1940—1943

4402 413 4526 476 116

2572 601 3035 676 conscientiam
3078 600 3514 668 circumferre.
3603 600 3732 667 His
3786 620 3908 686 ego
3951 621 4163 685 neque
4207 599 4530 669 Serva-n

2574 707 2786 838 ffiue
2859 686 3055 773 plane
3121 686 3356 770 impios
3414 697 3482 753 et
3549 686 3963 770 blasphemos
4019 686 4528 771 comprehendo,

2732 773 3117 840 innumeros
3171 793 3304 838 non
3363 773 3680 858 pessimos
3735 772 4027 856 alioquin
4068 770 4372 839 homines
4411 775 4526 858 qui

2574 866 2849 942 possunt
2879 859 2987 924 his
3019 859 3268 942 laqueis
3290 858 3454 944 capi,
3491 880 3655 944 quos
3687 858 3822 925 illis
3857 857 4204 926 tendimus.
4249 859 4525 926 Utinam

2574 965 2696 1011 nos
2731 944 2858 1029 ipsi
2893 943 3250 1012 evadamus
3283 945 3444 1012 istas
3479 944 3760 1028 pedicas,
3797 944 4190 1029 magistratu
4225 953 4529 1012 mutante

2576 1032 2869 1098 animum
2912 1039 2982 1097 et
3023 1032 3438 1097 sententiam.
3525 1030 3870 1098 Postremo
3910 1040 3987 1096 ut
4029 1040 4104 1097 tu
4146 1030 4530 1098 occallueris

2576 1116 2661 1183 ad
2703 1137 2931 1184 omnes
2979 1117 3276 1183 omnium
3333 1137 3630 1183 rumores
3682 1125 3751 1183 et
3799 1116 4064 1196 indicia,
4123 1138 4161 1182 e
4301 1125 4524 1184 tamen

2576 1201 2761 1269 doleo
2826 1203 3380 1270 existimationem
3443 1211 3624 1268 tuam
3695 1211 3765 1268 et
3816 1203 3943 1269 insi
4043 1202 4059 1217 ‘
4228 1205 4288 1268 ei
4352 1201 4528 1270 dona

2573 1287 2788 1354 modis
2841 1289 3146 1356 omnibus
3198 1290 3269 1354 in
3323 1297 3390 1356 te
3449 1288 3853 1369 veneranda,
3922 1309 3963 1354 o
4061 1308 4099 1354 a
4294 1301 4526 1355 ent-um

2574 1393 2815 1459 anceps
2858 1382 2925 1441 et
2957 1374 3299 1454 lubricum,
3344 1395 3386 1440 a
3426 1394 3556 1458 quo
3597 1374 3927 1443 abstinere
3962 1382 4031 1440 et
4061 1372 4183 1440 tibi
4218 1385 4286 1440 et
4319 1374 4525 1444 eccle-

2576 1460 2714 1527 siae
2755 1462 3088 1546 integrum
3132 1461 3278 1538 fuit,
3337 1460 3712 1544 periclitari.
3801 1459 4101 1544 Dicoque
4142 1459 4346 1545 (quod
4390 1483 4525 1528 non

2575 1554 2799 1631 aperte
2841 1547 3000 1613 satis
3042 1547 3209 1613 forte
3264 1545 3502 1632 nuper)
3555 1568 3768 1631 neque
3824 1546 3944 1612 tibi
3997 1567 4210 1631 neque
4266 1549 4528 1614 senatui

2575 1633 2648 1697 in
2708 1631 2945 1699 Servati
2996 1654 3195 1700 causa
3250 1632 3551 1718 apologia
3607 1633 3808 1700 fuisse
3879 1652 4062 1717 opus.
4162 1630 4244 1699 Si
4301 1644 4526 1701 tamen

2576 1717 2864 1802 aliquam
2906 1718 3247 1804 flagitabat
3286 1739 3394 1785 res
3434 1718 3569 1798 illa,
3624 1741 3757 1785 non
3802 1716 3919 1784 tibi
3963 1717 4078 1786 sed
4121 1720 4379 1785 senatui
4419 1720 4528 1787 in·

2576 1804 2878 1871 cubuisse
2943 1803 3069 1873 hoc
3140 1826 3336 1872 onus:
3411 1804 3886 1890 indignumque
3952 1805 4151 1872 fuisse
4207 1804 4530 1873 Ser-vm

2576 1889 2763 1957 cuius
2824 1889 3227 1957 exsecranda
3290 1911 3466 1956 mors
3527 1891 3751 1975 plures
3815 1912 4035 1957 secum
4100 1892 4349 1968 trahat,
4418 1890 4527 1958 vel

2577 1975 2801 2057 venia,
2860 1975 2966 2043 vel
3020 1976 3266 2043 leviore
3319 1979 3746 2062 castigatione
3801 1977 4051 2062 dignos.
4138 1976 4329 2058 Vale,
4373 1999 4530 2043 nos-

2577 2070 2749 2128 tram
2795 2083 2878 2128 ue
2921 2063 3276 2128 amicitiam
3317 2063 3781 2142 indesinenter,
3828 2071 3908 2128 ut
3947 2063 4135 2142 soles,
4178 2063 4530 2131 fovendam

2576 2154 2736 2214 tuen
2823 2170 3019 2233 mque
3076 2150 3353 2233 suscipe.
3453 2148 3644 2231 Quod
3712 2169 3819 2215 me
3882 2168 4137 2233 quoque
4200 2150 4527 2217 facturum

2579 2254 2723 2299 esse
2785 2255 2859 2300 re
2914 2236 3058 2318 ipsa
3107 2255 3308 2319 quam
3369 2236 3586 2301 verbis
3638 2234 3815 2301 malo
3858 2242 4236 2302 constanter
4277 2236 4529 2303 testari.

2578 2319 2840 2386 Rornae
2886 2326 2943 2384 7.
2991 2320 3231 2404 Aprilis
3282 2325 3462 2387 1554.

3509 2513 3521 2528 .
3614 2428 3711 2523 N.
3760 2459 4139 2525 Zerchintes
4184 2470 4353 2524 tuus.

3459 3058 3649 3130 1942.

2994 3211 3663 3282 BULLINGERUS
3710 3214 4062 3281 GURION
4066 3216 4117 3281 1.

2754 3382 3060 3466 Affirmat
3114 3403 3257 3449 eum
3308 3386 3444 3451 sine
3484 3406 3696 3484 ‚causa
3749 3387 4228 3469 desuspwimae
4272 3394 4540 3473 propter

2582 3642 2658 3707 de
2698 3647 2911 3709 autore
2949 3661 3305 3723 opmvonem
3345 3645 3789 3725 manifestavit.

2585 3831 2690 3898 (Ex
2741 3832 3077 3901 autographo
3122 3831 3254 3886 Ood.
3301 3833 3466 3886 Basil.
3589 3850 3642 3902 p.
3689 3832 3758 3886 ad
3804 3832 4091 3888 Ourionem
4127 3835 4191 3889 G.
4231 3836 4271 3889 Ι.
4308 3836 4392 3900 66,
4439 3839 4544 3891 fol.

3043 3938 3053 3949 .
3197 3899 3283 3955 ⁷3.
3318 3931 3384 3941 -
3423 3902 3635 3956 Simler.
3653 3901 3772 3954 Vol.
3807 3900 3921 3970 81.)

2755 4072 3138 4138 Clarissimo
3215 4073 3356 4138 viro
3427 4072 3512 4137 D.
3581 4071 3803 4139 Coelio
3875 4072 4181 4141 Secundo
4255 4076 4539 4144 Curioni

2585 4159 2959 4225 doctissimo
3038 4159 3384 4241 professori
3464 4158 3723 4224 scholae
3802 4159 4191 4228 Basiliensis
4268 4161 4540 4229 domino

2585 4244 2855 4311 colendo
2898 4253 2967 4308 et
3007 4244 3195 4309 fratri
3238 4265 3385 4309 meo
3428 4245 3782 4310 carissimo.
4143 4333 4338 4400 Boeel

2758 4464 2828 4532 S.
2874 4467 2958 4532 D.
3001 4465 3290 4534 Reddita
3330 4476 3430 4533 est
3473 4467 3655 4548 mihi,
3701 4468 4070 4535 doctissime
4117 4470 4299 4549 Coeli,
4362 4473 4544 4556 epis—

2584 4552 2718 4618 tola
2759 4552 2877 4618 illa
2919 4563 3036 4617 tua
3092 4573 3209 4636 per
3252 4552 3336 4617 D.
3383 4553 3868 4639 Hieronymum
3914 4554 4340 4634 Mas-sarium,
4402 4580 4542 4642 qua

2587 4646 2928 4722 tantopere
2968 4637 3310 4706 contendis
3352 4647 3426 4703 ut
3467 4647 3536 4706 te
3577 4662 3939 4725 expurgem
3982 4662 4023 4706 a
4067 4640 4155 4707 ud
4200 4644 4279 4709 D.
4333 4642 4548 4712 Gnat-

2585 4725 2843 4804 therum,
2899 4733 2967 4790 et
3007 4725 3277 4789 fratrem
3338 4736 3405 4790 et
3459 4725 3726 4792 affinem
3773 4748 3991 4792 meum
4060 4749 4229 4812 onge
4271 4731 4532 4797 carissi-

2584 4832 2789 4877 mum.
2875 4810 2968 4876 Et
3009 4807 3273 4893 quidem
3315 4831 3520 4893 quum
3564 4812 3761 4877 huius
3804 4811 3973 4878 nibil
4018 4835 4299 4897 unquam
4346 4815 4539 4882 audi-

2586 4898 2826 4963 vissem
2862 4896 2944 4963 ab
2978 4896 3141 4979 ipso.
3177 4897 3466 4963 mirabar
3488 4899 3775 4980 primum
3797 4919 4002 4982 quum
4023 4907 4172 4966 tuas
4205 4899 4542 4987 legissem,

2584 5004 2708 5050 nec
2761 4983 2946 5067 potui
3000 4983 3502 5133 interqluiescere
3556 4981 3760 5050 donec
3814 4984 3942 5067 ipsi
3984 4995 4133 5051 tuas
4174 4990 4546 5055 communi-

2585 5088 2834 5137 cassem
2878 5066 3158 5134 fidehter
3223 5069 3440 5135 iteras.
3509 5069 3879 5136 Mirabatur
3920 5078 3991 5135 et
4030 5071 4143 5137 ille
4184 5093 4307 5139 nec
4353 5074 4544 5142 aliud

2584 5154 3022 5240 respondebat
3061 5174 3256 5238 quam
3301 5176 3372 5221 se
3415 5176 3751 5239 nunquam
3781 5155 3896 5222 illa
3939 5155 4182 5223 vidisse
4216 5162 4542 5241 carmina,

2584 5261 2797 5327 neque
2831 5239 3093 5307 novisse
3136 5262 3268 5323 qua
3299 5239 3382 5305 de
3424 5262 3497 5306 re
3529 5241 3664 5307 sint
3699 5243 3964 5326 scripta:
4013 5250 4270 5311 tantum
4307 5244 4550 5313 abesse

2586 5338 2666 5393 ut
2723 5328 2794 5392 in
2853 5333 2922 5392 te
2981 5325 3279 5392 reiecerit
3335 5332 3648 5393 autorem.
3738 5328 3922 5396 Haec
3968 5330 4153 5395 nolui
4193 5331 4550 5415 ignorares
