4850 6200
406 418 532 481 4⁵3

406 613 510 671 est
550 612 628 670 ut
665 603 931 671 illorum
973 605 1439 690 approbatione
1479 606 1605 672 sibi
1650 604 2020 671 libertatem
2064 604 2360 670 adimant

410 693 553 756 sine
593 708 726 775 qua
765 690 1019 757 n‘ncere
1061 691 1308 757 Christi
1352 691 1640 757 ministri
1685 712 1830 757 esse
1872 710 2004 757 non
2062 698 2355 776 possunt,

411 785 478 842 et
550 776 972 860 tyrannidem
1051 779 1444 844 confirment
1507 798 1674 861 quae
1748 775 2097 862 aliquando
2152 783 2355 842 totam

410 863 745 929 ecclesiam
788 883 1182 947 oppressura
1223 874 1340 930 est.
1400 861 1809 946 Quocunque
1847 871 1915 929 te
1955 873 2176 930 vertas
2218 883 2357 928 om-

413 949 525 1014 nia
579 946 887 1014 videntur
943 949 1480 1032 deploratissima.
1585 949 1731 1015 Nisi
1800 949 2122 1016 Dominus
2179 950 2358 1013 viam

414 1034 707 1100 inveniat
749 1036 990 1120 exigua
1032 1056 1181 1119 spes
1225 1045 1328 1102 est
1367 1037 1439 1101 in
1476 1035 1865 1101 hominibus.
1968 1033 2359 1120 Urgendum

412 1138 630 1188 tamen
697 1130 800 1186 est
865 1131 938 1186 ut
990 1121 1225 1187 saltem
1291 1121 1646 1187 audiantur
1707 1120 2057 1204 aliquando
2121 1120 2360 1186 fratres

415 1207 708 1274 damnati
749 1207 999 1272 indicta
1031 1228 1247 1274 causa.
1338 1206 1526 1288 Quae
1567 1208 1743 1273 enim
1790 1207 1950 1273 haec
1985 1216 2088 1273 est
2127 1206 2358 1273 barba-

417 1296 544 1360 ries
585 1295 736 1378 plus
774 1314 969 1377 quam
1015 1292 1393 1380 cyclopica?
1485 1294 1808 1358 Dominus
1851 1313 1934 1358 ex
1977 1292 2110 1357 alto
2154 1294 2357 1375 respi-

414 1383 543 1447 ciat
605 1388 675 1445 et
737 1380 1049 1462 superbos
1114 1379 1374 1446 deiiciat
1431 1380 1543 1462 qui
1605 1399 1828 1454 suam,
1889 1399 2019 1443 non
2087 1376 2356 1457 Christi,

414 1466 688 1553 gloriam
732 1474 1072 1549 quaerunt-
1176 1465 1251 1529 Si
1297 1486 1374 1531 eo
1430 1464 1861 1548 proficiscaris
1904 1464 2081 1549 agito
2137 1465 2360 1528 omnia

418 1563 661 1637 quanta
700 1552 844 1617 fieri
886 1551 1126 1633 poterit
1167 1549 1488 1616 modestia
1529 1559 1596 1615 et
1638 1550 1929 1630 lenitate,
1975 1570 2058 1614 ne
2117 1560 2184 1614 te
2244 1549 2357 1615 ab·

414 1641 538 1723 ripi
583 1638 854 1720 patiaris
899 1638 992 1702 rei
1037 1635 1428 1722 indignitate
1471 1644 1847 1702 commotus.
1949 1635 2123 1700 Nam
2181 1644 2357 1701 certe

417 1724 678 1790 difficile
763 1731 864 1789 est
936 1743 1068 1787 non
1160 1722 1729 1788 vehementissime
1814 1722 2207 1786 commoveri
2286 1722 2356 1785 in

417 1821 598 1877 tanta
640 1829 875 1876 causae
905 1809 1267 1892 iniquitate,
1307 1806 1623 1872 adversus
1663 1827 1775 1873 eos
1808 1807 1918 1890 qui
1963 1828 2097 1872 non
2141 1807 2354 1872 solum

415 1918 540 1963 non
587 1895 951 1961 debuerunt
995 1896 1190 1960 huius
1231 1895 1596 1978 iniquitatis
1636 1914 1780 1959 esse
1816 1902 2076 1958 autores
2133 1904 2200 1957 et
2243 1892 2356 1957 ad-

419 1985 680 2059 iutoroe,
727 1980 836 2046 sed
884 1988 952 2045 et
993 2001 1063 2046 se
1108 1989 1481 2046 constanter
1535 2000 1876 2064 opponere.
1977 1977 2110 2045 Sed
2173 1978 2355 2045 vides

417 2068 568 2154 quid
615 2067 835 2133 valeat
892 2066 1161 2131 ambitio
1218 2075 1284 2130 et
1338 2078 1800 2150 praeposterus
1856 2067 1958 2131 sui
2021 2087 2230 2144 amor,
2291 2077 2357 2130 et

416 2155 720 2220 alienatio
764 2175 803 2218 a
846 2173 1005 2218 sana
1045 2152 1339 2218 doctrina
1380 2162 1448 2217 et
1503 2151 1582 2217 ab
1627 2152 1709 2216 iis
1752 2152 1864 2235 qui
1919 2151 2098 2216 illam
2157 2154 2355 2234 profi·

416 2250 654 2305 tentur.
745 2238 1016 2304 Nullum
1073 2239 1228 2304 huic
1272 2239 1444 2303 malo
1502 2238 1690 2303 video
1749 2239 2156 2322 praesentius
2214 2258 2356 2302 esse

416 2326 774 2392 remedium
819 2345 1014 2407 quam
1057 2325 1262 2389 serias
1306 2333 1374 2390 et
1415 2323 1711 2390 assiduas
1744 2345 1968 2407 preces
2004 2323 2088 2388 ad
2125 2322 2351 2388 Domi·

416 2433 589 2478 num.
701 2410 1012 2477 Salutant
1075 2422 1142 2475 te
1207 2412 1410 2476 nostri
1475 2430 1717 2476 omnes.
1847 2409 2147 2476 Salutem
2212 2408 2355 2473 dico

418 2499 694 2583 collegae
738 2506 805 2560 et
850 2497 1076 2563 amicis
1122 2498 1411 2563 caeteris.
1515 2497 1697 2562 Vale.
1799 2498 2194 2563 Lausannae
2251 2499 2351 2559 25.

416 2585 647 2649 Febru.
705 2588 882 2647 1555.

1385 2721 1565 2786 Tuus
1611 2720 1848 2785 Petrus
1885 2718 2172 2783 Viretus.

1273 3270 1463 3340 2123.

851 3424 1322 3494 GALVINUS
1367 3421 1911 3492 BURKARDO.

579 3602 878 3685 Defendit
921 3622 986 3666 se
1040 3605 1254 3665 contra
1307 3595 1815 3662 Lateranorum
1871 3595 2350 3672 criminationes,

404 3695 461 3754 et
517 3689 793 3755 vindicat
856 3705 1039 3753 suam
1115 3685 1191 3751 de
1270 3682 1680 3749 sacramentis
1752 3683 2100 3747 doctrinam
2164 3684 2219 3744 et
2280 3682 2352 3745 in

403 3775 738 3858 scripturis
778 3771 1263 3855 interpretandis
1302 3769 1657 3835 libertatem.

400 3947 796 4006 (Decet-ibimus
832 3961 900 3998 ex
936 3943 1220 3998 lenvillaei
1255 3959 1408 3996 exem
1449 3942 1550 3994 lari
1576 3940 1706 3994 Ood.
1737 3937 1937 3992 Gener.
1965 3934 2108 4005 107⁸,
2141 3935 2232 3990 fol.
2267 3935 2350 3989 96.

401 4015 624 4070 Habent
695 4022 945 4068 ractores
961 4013 1282 4067 anretinus
1432 4050 1445 4064 .
1467 4008 1583 4074 108,
1619 4010 1713 4064 fol.
1747 4004 1835 4075 46,
1872 4007 2177 4060 Beruenses
2210 4006 2347 4075 Epp-

399 4083 501 4140 V1.
537 4103 588 4155 p.
698 4081 747 4150 7,
783 4090 841 4138 et
862 4081 1124 4138 Simlerus
1161 4078 1401 4204 volax-841.
1439 4078 1684 4166 'Anglice
1720 4083 1903 4130 exstat
1935 4076 1992 4130 in
2027 4074 2111 4129 ed.
2135 4075 2349 4130 Philad.

1402 4145 1513 4216 ω.)

401 4324 791 4392 Clarissimo
868 4324 1005 4389 viro
1073 4333 1140 4386 et
1194 4320 1355 4386 mihi
1424 4318 1720 4403 apprime
1792 4293 2224 4385 observando·
2261 4319 2346 4385 D.

397 4411 758 4478 Francisco
815 4405 1129 4475 Bukardo
1153 4407 1205 4488 ¹)
1261 4405 1593 4472 illustriss.
1706 4402 2038 4471 Saxoniae
2106 4405 2348 4472 ducum

956 4493 1343 4562 cancellario
1384 4490 1787 4577 dignissimo.

567 4668 639 4736 S.
695 4667 968 4735 Literae
991 4675 1159 4743 tuae,
1181 4663 1541 4732 clarissime
1563 4663 1682 4741 vir,
1710 4682 2089 4746 quanquam
2109 4683 2345 4730 suaves

391 4763 470 4824 et
519 4753 842 4822 iucundas
899 4772 1046 4818 esse
1105 4763 1568 4838 argumentum
1624 4747 1896 4814 minime
1952 4748 2343 4832 patiebatur,

387 4837 539 4912 ideo
573 4839 744 4908 mihi
773 4845 1002 4925 gratae
1041 4838 1310 4904 fuerunt
1339 4834 1515 4920 quod
1556 4835 1627 4900 in
1673 4833 1797 4900 hac
1847 4832 2114 4919 lugubri
2155 4833 2343 4902 dissi-

393 4929 660 5014 patione
703 4935 996 4993 veterem
1031 4925 1160 4996 mei
1204 4942 1493 4990 amorem
1549 4942 1682 4987 non
1737 4940 1884 4986 esse
1937 4941 2208 5005 prorsus
2259 4943 2343 4987 ex

395 5014 620 5083 animo
686 5020 806 5077 tuo
870 5010 1157 5078 deletum
1223 5006 1591 5076 ostendunt.
1703 5006 1876 5072 Nam
1939 5004 2095 5072 inde
2157 5026 2340 5091 spem

387 5187 468 5199 *a
479 5185 802 5197 --ffl-——ae

387 5279 2343 5354 nn.1)s·e10mwm.sn01um0=unhnd,sumaein

389 5354 859 5444 *marona-0.
932 5347 2032 5422 &wammam-anana

2079 420 2238 482 1555
2284 414 2750 487 FEBRUAR.

4290 428 4427 491 454

2458 604 2754 688 concipio
2797 603 3083 672 sedando
3123 602 3472 672 immodico
3494 605 3735 672 fervori
3771 628 3964 691 quem
3986 610 4194 676 vestri
4230 609 4425 678 theo-

2458 691 2592 775 logi
2649 688 3043 773 despumant
3098 700 3165 757 te
3218 691 3430 775 quoad
3487 691 3711 759 licebit
3765 715 3805 759 o
3851 715 4032 760 eram
4086 695 4417 765 daturum.

2458 775 2545 841 In
2598 775 2752 840 libri
2808 778 2937 842 mei
3001 777 3264 860 repulsa
3289 782 3344 856 2)
3392 776 3582 844 valde
3640 800 3745 844 me
3847 789 4145 863 coeptum
4206 781 4415 850 fuisse

2458 862 2685 940 fateor,
2745 863 2903 945 quia
2967 883 3211 929 munus
3277 863 3741 931 illustrissimis
3816 866 4223 950 principibus
4274 866 4415 935 non

2458 947 2795 1032 ingratum
2830 949 2967 1013 fore
3010 969 3445 1031 speraveram.
3536 947 3651 1016 Sic
3694 960 3916 1015 tamen
3965 974 4070 1017 me
4114 954 4412 1036 privatae

2459 1033 2892 1099 contumeliae
2935 1036 3216 1118 pupugit
3262 1034 3637 1118 indignitas.
3676 1046 3751 1101 ut
3792 1036 4055 1120 publica
4099 1038 4412 1105 ecclesiae

2460 1120 2706 1184 iniuria
2770 1120 3037 1205 gravius
3103 1121 3458 1186 excrucier.
3580 1121 3753 1188 Nam
3820 1131 3886 1188 et
3951 1123 4216 1189 honoris
4280 1128 4413 1190 mei

2460 1205 2625 1271 levis
2682 1214 2778 1270 est
2835 1206 3115 1282 iactura,
3165 1216 3233 1271 et
3284 1205 3537 1290 pridem
3593 1206 3677 1273 ad
3722 1208 4013 1293 maligna
4066 1219 4134 1274 et
4184 1210 4416 1293 iniqua

2461 1289 2690 1355 mundi
2733 1290 2970 1356 iudicia
3012 1290 3321 1357 obdurui:
3361 1293 3474 1358 sed
3522 1294 3645 1359 hoc
3689 1293 3771 1358 ab
3811 1293 4226 1359 humanitate
4268 1296 4416 1380 ipsa

2462 1378 2659 1442 nimis
2710 1386 3034 1441 remotum
3092 1399 3233 1443 esse
3288 1377 3581 1457 videtur,
3637 1379 3881 1444 nedum
3938 1382 4020 1446 ab
4087 1400 4166 1445 ea
4219 1402 4417 1464 quam

2462 1460 2799 1549 discipulis
2855 1466 2992 1529 suis
3045 1462 3353 1529 Christus
3425 1463 3842 1531 commendat
3912 1465 4413 1532 mansuetudine

2462 1549 2768 1624 alienum,
2814 1547 3101 1613 laborem
3147 1552 3253 1631 pio
3296 1549 3515 1615 studio
3561 1561 3943 1635 susceptum
3988 1561 4054 1616 et
4098 1552 4407 1618 ecclesiae

2464 1633 2593 1699 Dei
2644 1635 2872 1700 utilem
2931 1656 3062 1699 non
3121 1636 3338 1700 minus
3393 1636 3679 1702 fastuose
3736 1658 3934 1718 quam
3994 1659 4247 1703 morose
4303 1657 4404 1703 re-

2462 1740 2715 1802 spuere.
2817 1719 2893 1786 Si
2954 1720 3122 1803 quod
3183 1721 3419 1805 dogma
3476 1723 3754 1805 impium
3811 1723 4405 1804 reprehendissent,

2462 1807 2701 1871 nollem
2765 1807 3108 1889 aequitatis
3172 1815 3523 1889 praetextu
3592 1808 3753 1872 mihi
3816 1809 4011 1890 parci.
4124 1808 4257 1873 Sed
4324 1831 4406 1874 ne

2460 1894 2587 1975 ipsi
2626 1891 2887 1974 quidem
2939 1891 3003 1956 id
3049 1892 3211 1955 mihi
3267 1892 3544 1958 obiicere
3588 1892 3942 1958 audebunt.
4047 1895 4127 1958 In
4188 1914 4405 1959 sacra·

2461 1978 2700 2043 mentis
2736 1999 2866 2043 non
2890 1978 3352 2055 consentimus»,
3390 2000 3625 2061 nempe
3659 1979 3812 2062 quia
3864 2001 3982 2061 ego
4026 1982 4264 2044 crassis
4313 1979 4407 2045 lo·

2463 2062 2704 2146 quendi
2748 2062 3061 2137 formulis,
3098 2086 3262 2146 quas
3287 2066 3643 2146 pertinacia
3686 2066 3895 2148 magis
3924 2087 4119 2147 quam
4156 2066 4410 2131 ratione

2462 2159 2715 2233 urgent,
2763 2148 2844 2214 ad
2896 2148 3166 2213 verbum
3216 2172 3347 2215 non
3393 2151 3672 2216 succine.
3762 2151 3990 2233 Neque
4035 2151 4209 2216 enim
4254 2172 4411 2218 con·

2462 2235 2689 2301 cedam
2735 2256 3123 2319 quemquam
3179 2236 3474 2319 ipsorum
3530 2257 3670 2301 esse
3728 2238 3839 2319 qui
3897 2239 4035 2301 vim
4095 2246 4161 2302 et
4213 2258 4410 2303 usum

2460 2323 2789 2404 finemque
2863 2330 3416 2389 sacramentorum
3492 2321 3898 2405 splendidius
3977 2321 4406 2401 commendet,

2459 2406 2574 2490 qui
2616 2428 2842 2473 eorum
2888 2406 3270 2490 dignitatem
3313 2418 3505 2473 ornet
3525 2408 3932 2490 locupletius,
4023 2409 4093 2473 ui
4130 2407 4410 2492 denique

2463 2493 2770 2558 maiorem
2828 2492 2959 2558 illis
3018 2494 3451 2558 reverentiam
3512 2494 3827 2559 conciliet.
4011 2515 4199 2559 erum
4253 2495 4411 2577 quia

2461 2577 2683 2644 brevis
2739 2578 2939 2643 huius
2997 2600 3225 2644 causae
3279 2578 3652 2662 explicatiO,
3718 2601 3914 2663 quam
3989 2580 4108 2646 tibi
4178 2579 4412 2645 offeret

2461 2663 2776 2743 nuncius,
2835 2685 3096 2728 omnem
3149 2663 3624 2731 dubitationem
3682 2667 3944 2746 eximet,
4000 2687 4408 2747 supervacuo

2461 2770 2762 2815 sermone
2816 2749 3148 2815 hominem
3202 2771 3457 2816 summo
3527 2752 3766 2817 iudicio
3832 2749 4201 2834 praeditum
4272 2771 4407 2816 non

2461 2835 2780 2901 morabor.
2887 2836 3127 2901 Restat
3184 2836 3312 2900 iam
3369 2835 3649 2902 alterum
3707 2838 3973 2915 crimen,
4042 2836 4213 2919 quod
4272 2856 4407 2900 non

2461 2921 2700 3005 ubique
2748 2922 3007 2987 Lutheri
3050 2922 3692 3005 interpretationibus
3737 2922 4160 2988 subscribam.
4269 2921 4402 2986 Ve-

2460 3029 2607 3073 rum
2653 3010 2706 3072 si
2752 3009 2881 3072 iam
2928 3011 3158 3091 cuique
3190 3009 3531 3092 interpreti
3568 3030 3701 3073 non
3740 3007 3962 3073 licebit
4005 3007 4084 3073 de
4128 3007 4408 3091 singulis

2460 3094 2823 3178 scripturae
2887 3093 3045 3161 locis
3122 3094 3289 3178 quod
3368 3095 3571 3161 sentit
3624 3095 3692 3159 in
3750 3094 4038 3160 medium
4094 3094 4405 3177 proferre,

2458 3202 2765 3264 quorsum
2812 3181 3147 3246 servitutis
3171 3181 3561 3247 recidimus?
3620 3181 3784 3256 Im0,
3831 3181 3887 3246 si
3933 3180 4095 3245 mihi
4130 3199 4410 3263 usquam

2459 3286 2499 3330 a
2523 3267 2787 3332 Latheri
2820 3268 3150 3332 sententia
3172 3266 3499 3332 discedere
3522 3289 3654 3332 non
3690 3268 3892 3343 licuit,
3928 3288 4169 3330 munus
4199 3267 4407 3331 inter-

2458 3353 2762 3436 pretandi
2805 3354 3135 3435 suscipere
3180 3351 3535 3418 absurdum
3580 3354 3801 3417 fuitac
3837 3352 4202 3416 ridiculum.
4258 3351 4402 3417 Hoc

2458 3438 2648 3505 modo
2695 3437 3047 3504 videndum
3091 3451 3250 3516 erat,
3308 3460 3389 3502 au
3437 3438 3668 3520 cupide
3727 3459 4055 3504 accersam
4110 3437 4403 3503 diversos

2456 3545 2709 3603 sensus,
2757 3547 2840 3590 an
2888 3535 3194 3607 proterve
3216 3526 3562 3606 exagitem,
3588 3545 3670 3588 an
3695 3522 3914 3590 odiose
3938 3523 4401 3606 perstringam,

2457 3632 2541 3675 an
2585 3610 3053 3676 contumeliose
3096 3611 3390 3674 insecter.
3460 3611 3563 3674 Tu
3609 3631 3782 3686 vere,
3824 3609 4241 3675 ornatissime
4276 3609 4401 3686 vir,

2456 3696 2512 3760 si
2558 3707 2813 3761 tantum
2858 3705 3237 3779 suppeteret
3285 3696 3415 3770 otii,
3464 3705 3671 3760 totum
3716 3695 3959 3760 librum
4005 3692 4404 3778 perlegendo

2455 3782 2626 3846 nihil
2690 3781 2819 3847 tale
2884 3780 3201 3865 reperies,
3270 3782 3425 3863 quin
3483 3782 3730 3865 potius,
3808 3780 3917 3846 ubi
3984 3780 4228 3845 videris
4293 3799 4402 3846 me

2453 3889 2645 3952 parce
2681 3874 2746 3933 et
2788 3868 2999 3933 sobrie
3045 3867 3369 3946 attingere
3403 3888 3565 3949 quae
3612 3867 3779 3932 alius
3816 3867 4138 3949 quispiam
4178 3875 4397 3932 osten·

2455 3955 2685 4019 tationi
2731 3954 2988 4020 deditus
3053 3954 3334 4020 clamose
3398 3953 3721 4028 iactasset,
3768 3952 3826 4018 si
3892 3952 4048 4035 quid
4113 3952 4193 4018 ab
4250 3950 4397 4017 aliis

2454 4051 2742 4104 erratum
2786 4050 2903 4117 est,
2952 4039 3054 4104 vel
3112 4038 3328 4103 tacitis
3380 4038 3749 4105 nominibus
3810 4037 3919 4103 vel
3970 4039 4111 4103 sine
4169 4045 4397 4103 contu-

2454 4126 2651 4191 melia
2693 4124 3186 4209 reprehendere,
3225 4134 3291 4188 et
3333 4123 3593 4208 quidem
3629 4123 3890 4190 silentio'
3913 4143 4168 4189 errores
4211 4142 4401 4206 sepe·

2452 4210 2575 4277 lire
2618 4211 2745 4277 nisi
2787 4211 2944 4277 dum
3000 4212 3092 4275 ita
3147 4212 3318 4294 cogit
3376 4212 3747 4290 necessitas,
3804 4209 4190 4275 modestiam
4248 4227 4399 4272 cum

2449 4296 2859 4363 humanitate
2904 4298 3314 4363 coniunctam
3362 4295 3670 4363 laudabis.
3759 4296 3906 4361 Hoc
3951 4295 4213 4379 quidem
4267 4302 4399 4358 tes-

2452 4384 2576 4448 tari
2643 4383 2824 4462 licet,
2908 4382 3074 4448 nihil
3140 4382 3300 4447 mihi
3379 4384 3577 4449 fuisse
3642 4384 4046 4466 propositum
4128 4380 4258 4444 nisi
4324 4389 4400 4443 ut

2450 4468 2747 4552 publicae
2789 4469 3105 4535 lectorum
3148 4469 3418 4534 utilitati
3463 4469 3887 4545 consulerem,
3925 4465 4160 4550 quibus
4203 4485 4397 4548 saepe

2447 4555 2519 4621 in
2562 4555 3139 4621 hallucinationem
3185 4556 3491 4639 proclivis
3534 4562 3634 4621 est
3674 4554 3917 4637 lapsus,
3978 4552 4110 4617 nisi
4167 4550 4395 4616 admo-

2448 4641 2572 4706 niti
2618 4654 2906 4708 caveant.
2997 4638 3190 4722 Quod
3233 4662 3390 4706 vero
3436 4639 3517 4706 ad
3552 4639 4028 4706 illustrissimos
4067 4636 4395 4720 principes

2448 4735 2718 4812 spectat,
2761 4729 2816 4792 si
2862 4725 3160 4793 dedecori
3202 4725 3320 4792 sibi
3367 4748 3510 4792 esse
3565 4726 3946 4792 existimant
3990 4743 4183 4788 suum
4227 4722 4394 4788 libre

2446 4814 2643 4880 inseri
2694 4824 2829 4880 tum
2887 4834 3029 4879 esse
3089 4835 3350 4891 nomen,
3408 4833 3782 4896 quanquam
3841 4831 4014 4876 nunc
4073 4830 4219 4875 sera
4290 4816 4396 4873 est

2446 4837 2719 4966 remedii
2768 4899 2966 4978 ratic,
3026 4897 3341 4983 quidquid
3401 4897 3737 4982 scripseris
3816 4899 4027 4980 potius
4097 4895 4396 4962 facturus

2447 5075 2721 5094 ..mm
2796 5076 2851 5082 ,.,

2650 5206 2713 5271 2)
2750 5207 2903 5262 Male
2925 5206 3189 5262 Sintes-u
3222 5206 3289 5261 de
3307 5205 3640 5272 Defendens
3671 5219 3967 5261 commus
3999 5206 4215 5273 coam.
4274 5201 4389 5257 Lo-

2443 5279 2629 5398 ffiitur
2651 5276 2925 5400 qam„
2959 5275 3460 5400 &toossfffflm
3492 5277 3555 5327 in
3588 5274 3824 5330 Genesin
3856 5289 4013 5344 φασηι
4129 5277 4139 5287 ’
4220 5272 4230 5285 “
4280 5272 4291 5284 “

2448 5371 2461 5398 ι
2524 5360 2740 5400 aeomcu
2861 5362 3025 5401 avora
3052 5384 3065 5399 .
3390 5386 3403 5399 .
3969 5424 4079 5482 ᾖ).
