4850 6200
486 362 608 424 751

482 545 746 612 tationis
803 546 910 610 eui
966 545 1179 612 bonus
1235 543 1688 610 subscriberet.
1779 540 2049 610 Scilicet
2089 550 2164 608 ut
2206 541 2433 608 consul

483 632 770 699 decanus
790 631 1083 698 officium
1127 652 1259 697 non
1294 630 1468 709 feeit,
1493 650 1698 713 quum
1742 627 1906 695 hora
1941 628 2194 695 tardior
2227 637 2433 694 esset:

481 739 717 784 verum
776 718 1078 801 proxime
1130 719 1306 783 inter
1361 717 1599 782 fratres
1654 723 1911 800 agetur,
1969 722 2040 779 et
2081 736 2165 780 ex
2209 735 2436 781 eorum

482 805 599 870 fiet
651 803 989 888 suffragiis
1049 802 1221 885 quod
1280 802 1611 867 Dominus
1656 801 1857 866 dabit.
1945 801 2197 866 Mirum
2241 821 2439 884 quam

482 899 589 957 est
631 888 953 974 turgidus.
1041 889 1342 972 Frangat
1383 888 1768 954 mitissimus
1812 895 1879 952 et
1921 895 2058 951 tam
2114 886 2438 952 demissus

481 983 707 1042 nostra
749 996 948 1042 causa
988 974 1297 1041 Christus
1343 981 1477 1039 tam
1522 972 1837 1056 superbos
1891 993 1960 1038 es
2020 972 2439 1057 praefractos,

483 1063 595 1146 qui
639 1063 708 1126 in
754 1062 971 1126 Deum
1015 1068 1153 1126 tam
1197 1060 1560 1126 insolenter
1602 1062 1979 1143 insurgunt.

657 1146 851 1229 Quod
886 1147 1054 1231 petit
1093 1146 1449 1228 Stephanus
1474 1148 1527 1229 ⁸)
1573 1145 1720 1228 quis
1760 1166 1895 1209 non
1938 1144 2187 1227 probet,
2232 1164 2437 1227 quum

482 1234 541 1299 is
584 1254 780 1315 quem
812 1232 981 1317 petit
1024 1232 1092 1297 id
1135 1238 1405 1315 expetat
1442 1253 1562 1314 pro
1595 1230 1806 1314 gloria
1827 1230 2128 1296 Domini:
2174 1237 2438 1295 tantum

483 1318 812 1386 indicetur
865 1327 1112 1402 quanto
1170 1326 1238 1383 et
1290 1317 1612 1401 quomodo
1677 1317 1806 1382 iter
1872 1315 2251 1381 intrandum
2328 1317 2436 1381 sit.

481 1405 634 1471 Non
691 1407 820 1470 erit
876 1406 946 1470 in
1002 1406 1147 1471 viro
1203 1424 1406 1469 mora.
1512 1401 1843 1468 Dominus
1904 1401 2093 1468 Iesus
2150 1401 2253 1466 his
2299 1410 2439 1466 tam

481 1491 765 1557 infirmis
805 1491 1017 1555 initiis
1063 1500 1132 1555 et
1173 1498 1311 1555 tam
1355 1488 1702 1555 contrariis
1745 1487 2133 1572 prudentiae
2176 1495 2242 1553 et
2285 1509 2438 1554 eon-

482 1577 632 1644 31110
690 1579 908 1644 081013
964 1577 1212 1642 11111081
1262 1595 1636 1641 3000033010
1694 1595 1895 1657 supra
1945 1593 2210 1639 omnem
2254 1595 2438 1657 spem

484 1673 554 1729 et
610 1664 931 1728 montium
987 1662 1489 1745 parturitionem
1504 1712 1521 1740 ,
1582 1660 1980 1743 consiliaque
2030 1660 2181 1743 plus
2240 1679 2438 1743 quam

483 1749 965 1832 Ahitophelica‚
1012 1756 1079 1812 et
1120 1768 1288 1830 quae
1331 1744 1642 1811 videntur
1685 1747 1912 1812 orbem
1955 1748 2442 1830 conflagratum

483 1836 788 1901 incendia
843 1834 1130 1900 excitata
1181 1842 1320 1898 tam
1373 1853 1547 1898 vana
1588 1841 1656 1899 et
1711 1832 2009 1911 ridicula,
2054 1842 2189 1896 tam
2236 1831 2442 1897 stulta

480 1930 548 1987 et
606 1921 974 1987 inefficacia
1032 1917 1265 1985 reddat
1321 1933 1396 1983 ut
1449 1939 1571 2002 par
1626 1927 1745 1996 est,
1806 1918 1940 1983 nisi
1983 1917 2157 2000 quod
2204 1920 2442 1984 misere

479 2011 834 2092 torqueant
892 2016 1169 2084 autores,
1225 2012 1303 2070 ut
1358 2026 1587 2071 omnes
1642 2004 1904 2072 discant
1944 2002 2310 2069 Dominum
2357 2006 2440 2070 ti-

479 2113 663 2159 mere
702 2100 771 2157 et
813 2092 1041 2175 pietati
1086 2092 1367 2157 studere.

657 2178 826 2243 Vale
869 2179 1028 2244 felix
1072 2186 1140 2242 et
1176 2176 1514 2260 triumpha
1548 2177 1618 2243 in
1658 2198 1855 2260 opere
1902 2176 2195 2242 Domini.
2284 2174 2439 2242 Ser-

484 2271 599 2330 vet
641 2271 708 2329 te
754 2264 1062 2330 Christus
1105 2285 1254 2329 cum
1289 2284 1498 2328 uxore
1543 2282 1620 2329 ac
1652 2263 1900 2329 liberis.
1977 2262 2254 2328 Gaudeo
2296 2261 2442 2345 plu-

483 2352 726 2415 rimum
773 2351 917 2415 istic
976 2371 1117 2415 esse
1161 2348 1532 2415 Beraldum.
1552 2351 1607 2425 ⁶)
1697 2349 1848 2415 Non
1904 2356 2004 2413 est
2045 2347 2219 2432 quod
2263 2348 2445 2414 Besa

487 2442 797 2521 aegrotet.
878 2435 1070 2501 Nosti
1106 2444 1185 2500 ut
1227 2436 1384 2500 olim
1427 2435 1544 2500 tibi
1600 2456 1733 2501 non
1787 2433 2025 2501 licebat
2081 2455 2200 2518 per
2241 2455 2445 2519 nego—

485 2524 580 2588 tia
644 2530 1001 2606 aegrotare.
1092 2520 1316 2587 Habet
1379 2522 1510 2586 iam
1574 2521 1772 2600 Besa,
1849 2519 2047 2586 addat
2114 2521 2442 2586 Dominus

485 2609 775 2686 meliora,
834 2608 1138 2691 quamvis
1190 2608 1362 2673 bona
1406 2606 1599 2672 valde
1644 2607 1780 2673 sint
1821 2607 1894 2672 in
1937 2607 2174 2690 quibus
2219 2626 2443 2674 versa-

485 2702 612 2760 tur.
722 2695 887 2760 Iube
949 2694 1070 2759 hos
1127 2694 1376 2771 salvos,
1436 2692 1752 2778 collegam
1812 2700 1880 2758 et
1922 2693 2222 2776 reliquos.
2308 2693 2444 2759 Hic

483 2781 706 2847 verbis
764 2780 937 2847 dicet
993 2801 1216 2846 eoram
1273 2780 1385 2861 qui
1429 2787 1494 2844 te
1538 2780 1848 2846 salutent.
1934 2778 2169 2844 Iussus
2212 2800 2360 2845 sum
2403 2798 2447 2843 a

530 2868 830 2943 raefect0‚
873 2866 1127 2949 collega
1167 2872 1235 2931 et
1278 2865 1625 2944 Macerino,
1672 2872 1742 2930 et
1784 2865 1949 2931 81113.
2038 2864 2344 2932 Neocomi
2382 2870 2441 2930 ’7.

484 2888 898 3037 ἓορωωὶπίε
949 2958 1130 3017 1555.

1720 3090 1906 3155 Tuus
1947 3089 2270 3156 Farellus.

1371 3651 1568 3723 2284.

706 3793 1072 3875 01101131·
1120 3808 1239 3877 nu
1297 3793 1602 3875 SENAT
1646 3807 1776 3876 110
1820 3793 2227 3877 0311010.

661 3979 934 4062 Defensa
967 4001 1118 4046 sous
1140 3983 1328 4064 peine
1359 3982 1438 4048 dc
1459 3987 1616 4046 mort
1647 3982 1724 4048 de
1756 3982 2135 4066 s’emplcyer‚
2167 3982 2290 4047 soit
2310 4002 2447 4064 pm·

486 4071 651 4133 actes
702 4068 823 4132 soit
866 4088 1000 4150 par
1050 4067 1327 4147 paroles,
1386 4067 1430 4132 ὰ
1480 4068 1651 4150 faire
1706 4073 1952 4134 rentrcr
1994 4089 2076 4134 ou
2112 4068 2446 4134 amnisticr

487 4151 578 4219 les
617 4154 1086 4235 conspirateurs
1124 4153 1202 4219 de
1244 4152 1394 4218 Mai
1408 4203 1425 4231 ,
1492 4154 1867 4220 condanmes
1897 4174 2032 4238 par
2072 4159 2440 4222 contumace.

488 4325 777 4392 (Archives
811 4325 881 4378 de
897 4322 1133 4379 Gen'eve.
1186 4325 1441 4393 Regiam
1474 4325 1549 4379 du
1573 4324 1808 4390 00113011,
1844 4325 1968 4381 Vol.
1990 4323 2076 4391 49,
2112 4325 2205 4381 sol.
2242 4324 2345 4379 1⁰16
2361 4328 2444 4392 V.)

1043 4495 1203 4562 Edit
1247 4518 1362 4562 sur
1404 4497 1499 4562 les
1543 4496 1822 4582 fugitifz.
1851 4503 1902 4576 ¹)

660 4667 845 4734 Pour
908 4668 1164 4735 aultant
1220 4669 1356 4753 quil
1414 4689 1454 4733 a
1511 4669 1664 4753 pleu
1720 4690 1760 4734 a
1815 4669 1992 4735 Dieu
2035 4669 2117 4735 de
2160 4668 2446 4738 delivrer

490 4765 664 4821 ceste
721 4756 848 4821 cite
911 4754 992 4821 de
1037 4755 1309 4823 Geneve
1350 4753 1432 4820 de
1474 4755 1765 4821 tirannis
1807 4762 1876 4820 et
1916 4755 2255 4822 servitude
2293 4765 2444 4823 tant

695 4943 755 5011 5)
793 4943 987 4998 Etiam
1020 4946 1084 5000 in
1125 4946 1375 5013 proxime
1416 4944 1665 5014 sequenti
1703 4959 1785 5013 op.
1825 4943 2046 4999 081υὺιό
2078 4945 2157 4999 ad
2202 4945 2442 5001 Vir-etun·

490 5011 560 5067 dc
592 5014 779 5083 aliquo
817 5011 1107 5083 Stephano.
1180 5011 1271 5067 De
1307 5012 1547 5095 Roberto
1582 5013 1676 5068 m‘ae
1711 5013 2077 5083 capiundum.
2253 5083 2266 5096 ι

697 5080 759 5145 6)
800 5082 914 5137 Pro
948 5089 1184 5165 tempore
1222 5082 1406 5147 falsus
1449 5082 1565 5148 fiat
1594 5097 1802 5137 rumor.
1882 5082 2141 5152 Ver-ymo
2172 5098 2316 5138 cmm
2350 5082 2439 5137 de·

490 5165 791 5341 Ξέξὲιῗὶἴ
794 5151 1146 5275 mangi·
1186 5217 1302 5274 144„
1337 5250 1407 5260 -
1444 5220 1680 5277 orm.
1714 5250 1783 5262 -
1823 5221 1961 5291 Req-
1997 5221 2075 5276 αα
2101 5219 2316 5276 ooo-oea
2351 5218 2439 5276 15.

1993 352 2523 423 EPIS'I'OLAE
2565 354 2992 419 2283-2287

4367 354 4495 416 752

2537 541 2923 625 temporelle
2966 561 3094 626 que
3126 540 3488 627 spirituelle
3529 548 3598 608 et
3639 562 3726 607 au
3747 540 3883 607 lieu
3925 541 4007 607 de
4050 541 4191 607 cela
4231 540 4299 606 la
4317 561 4494 606 rem-

2537 627 2669 711 plir
2712 627 2794 692 de
2837 648 2944 693 ses
2966 649 3196 713 graces
3239 636 3308 693 et
3351 627 3553 694 (1οο01
3602 627 3683 694 (10
3728 628 3961 695 liberte
3980 649 4105 711 par
4145 627 4207 693 le
4249 647 4494 711 moyen

2538 713 2620 778 de
2661 713 2727 779 18
2766 714 3013 779 saincte
3049 715 3472 780 reformation
3507 714 3589 779 de
3622 735 3740 781 son
3783 715 4107 800 evangile,
4152 713 4497 779 tellement

2536 800 2753 882 quelle
2788 807 2890 865 est
2924 807 3063 865 este
3084 801 3249 866 mise
3272 822 3358 866 en
3392 800 3645 884 grande
3680 801 4065 883 tranquilite
4098 808 4168 865 et
4199 820 4392 883 repes
4425 807 4497 866 et

2538 886 2844 971 toteffoys
2867 887 3275 953 nonobstant.
3300 885 3442 952 cela
3476 908 3546 952 se
3582 894 3734 952 3001
3767 894 3990 952 trovez
4013 907 4265 953 aucuns
4286 906 4494 951 mem-

2536 969 2687 1038 bres
2709 970 2960 1057 dycelle
2994 971 3385 1039 detestables
3411 980 3480 1038 et
3503 973 3761 1057 ingratz
3783 980 4010 1039 contre
4036 973 4211 1038 Dieu
4248 982 4316 1037 et
4347 973 4497 1037 leur

2536 1078 2776 1142 propre
2840 1059 3071 1140 patrie,
3116 1058 3404 1141 10300013
3467 1079 3659 1142 apres
3723 1060 3909 1124 avoir
3986 1058 4295 1142 quelques
4373 1077 4497 1122 ans

2537 1165 2661 1228 par
2716 1144 2861 1209 leur
2918 1144 3236 1209 ambition
3295 1144 3559 1210 bataille
3613 1155 3837 1210 contre
3889 1144 4066 1211 Dieu
4109 1166 4185 1211 sa
4242 1143 4498 1228 parolle

2538 1238 2606 1295 et
2647 1251 2752 1295 303
2809 1230 2991 1296 38103
3046 1229 3619 1296 commandemens
3676 1240 3742 1296 et
3796 1231 4110 1315 mesprise
4166 1229 4499 1296 lhonneur

2539 1314 2621 1381 de
2662 1314 2841 1381 Dieu
2886 1324 2956 1381 et
3008 1314 3088 1382 de
3145 1315 3213 1382 la
3275 1317 3510 1382 iustice
3574 1337 3645 1381 se
3710 1324 3864 1383 sont
3924 1317 4308 1383 finalement
4372 1337 4498 1399 par

2538 1400 2686 1466 leur
2736 1401 2992 1486 orgueil
3057 1403 3405 1468 temeraire
3477 1423 3832 1487 arrogance
3885 1413 3954 1468 et
4018 1402 4223 1467 malin
4283 1402 4500 1467 voloir

2538 1487 2743 1553 voulu
2797 1488 3052 1554 eslever
3108 1497 3330 1554 contre
3388 1489 3450 1554 le
3507 1490 3856 1573 magistrat
3914 1489 3995 1555 de
4038 1497 4215 1555 ceste
4259 1489 4384 1554 cite
4429 1495 4501 1552 et

2538 1574 2893 1640 anciennes
2915 1573 3364 1651 ordonnanees
3385 1574 3653 1641 libertez
3697 1583 3765 1641 et
3820 1574 4186 1641 franchises
4221 1572 4497 1658 dycelle,

2539 1680 2610 1726 30
2667 1659 2994 1726 veuillans
3047 1668 3273 1726 contre
3332 1669 3475 1726 tout
3545 1661 3736 1726 ordre
3803 1671 3868 1727 et
3928 1683 3968 1727 a
4021 1671 4279 1725 travers
4330 1660 4501 1725 faire

2538 1746 2752 1812 valoir
2792 1746 3057 1830 iusques
3100 1768 3142 1811 a
3163 1746 3632 1830 entreprendre
3655 1756 3724 1812 et
3756 1747 3922 1812 faire
3964 1746 4159 1811 effort
4192 1766 4324 1812 aux
4349 1745 4500 1811 bas-

2540 1841 2689 1898 tons
2747 1831 3090 1899 sindicaux
3147 1832 3372 1917 (chose
3413 1832 3728 1909 horrible)
3772 1844 3839 1898 et
3880 1832 4046 1898 faire
4088 1832 4415 1898 violences
4457 1852 4502 1896 a

2541 1918 2608 1984 la
2650 1918 2902 1995 iustice,
2950 1938 3160 2003 ayans
3204 1917 3427 1985 dresse
3496 1940 3626 1984 une
3682 1917 3968 1985 sedition
4012 1940 4052 1984 a
4094 1918 4299 1983 heure
4344 1938 4498 1984 noc-

2542 2013 2737 2069 turne
2773 2003 3212 2089 grandement
3256 2004 3690 2090 dangereuse:
3738 2005 4019 2088 10300013
4063 2002 4303 2069 malins
4346 2024 4500 2087 per-

2544 2111 2870 2174 sonnages
2951 2112 3074 2173 par
3133 2091 3197 2155 la
3257 2091 3655 2175 providence
3713 2091 3793 2156 de
3844 2092 4015 2157 Dieu
4097 2098 4248 2155 sont
4293 2088 4500 2154 011003

2545 2176 2627 2241 (10
2689 2176 2869 2242 10013
2956 2184 3242 2242 attentes
3313 2186 3379 2241 et
3423 2198 3677 2243 comme
3741 2178 4142 2243 conveincuz
4191 2197 4276 2242 en
4340 2176 4501 2241 eulx

2546 2282 2831 2328 mesmes
2887 2262 3001 2328 des
3047 2263 3284 2329 crimes
3328 2263 3650 2328 horribles
3696 2284 3766 2328 se
3810 2274 3959 2329 sont
3992 2262 4243 2328 renduz
4286 2262 4501 2328 fuitifz

2546 2368 2866 2432 ennemys
2918 2357 2987 2414 et
3044 2349 3407 2415 contraires
3464 2371 3505 2414 a
3553 2359 3727 2415 ceste
3785 2352 3930 2428 cite,
3987 2349 4330 2414 tellement
4371 2367 4502 2431 que

2547 2454 2670 2499 003
2732 2443 2866 2500 1103
2921 2433 3270 2500 redoubtez
3334 2437 3676 2519 seigneurs
3735 2435 4070 2519 sindiques
4125 2442 4192 2499 et
4235 2434 4500 2513 conseil,

2547 2540 2706 2587 avec
2745 2520 2962 2585 bonne
3005 2521 3464 2603 participation
3509 2519 3598 2586 du
3655 2522 4059 2605 magnifique
4094 2521 4334 2586 conseil
4383 2521 4503 2585 des

2548 2610 2694 2686 200,
2737 2617 3021 2691 suyvant
3064 2607 3126 2672 le
3170 2606 3444 2673 debvoir
3483 2605 3564 2672 de
3606 2608 3835 2672 iustice
3877 2615 3946 2673 et
3985 2628 4151 2692 pour
4192 2607 4255 2672 le
4298 2627 4502 2691 pour-

2546 2693 2704 2758 chas
2748 2690 2837 2757 du
2881 2692 3051 2770 bien,
3099 2694 3292 2775 profit
3336 2702 3403 2757 01
3445 2694 3825 2776 tranquilite
3868 2692 3950 2758 de
3992 2700 4168 2759 ceste
4210 2694 4337 2759 cite
4381 2714 4500 2758 au-

2549 2779 2763 2845 roient
2806 2779 3079 2861 procede
3099 2777 3613 2862 iuridiquement
3654 2788 3878 2845 contre
3907 2779 4134 2844 lesdits
4175 2778 4506 2844 seditieux

2549 2873 2617 2930 et
2659 2863 2914 2949 fugitifz
2958 2872 3027 2929 01
3070 2874 3297 2930 contre
3340 2866 3534 2931 iceux
3559 2865 3845 2930 donnees
3888 2865 4067 2930 leurs
4111 2867 4318 2931 iustes
4354 2885 4509 2930 sen-

2549 2958 2771 3017 tences
2826 2952 3054 3016 iouxte
3111 2950 3208 3017 les
3263 2950 3515 3016 bonnes
3570 2961 3941 3017 coustumes
4002 2951 4084 3016 de
4127 2958 4302 3017 ceste
4345 2951 4506 3017 cite:

2550 3036 2633 3103 de
2688 3043 2865 3104 sorte
2920 3057 3217 3124 quavons
3283 3056 3324 3102 a
3365 3036 3553 3104 louer
3593 3035 3769 3103 Dieu
3815 3035 3896 3103 de
3940 3044 4116 3103 ceste
4159 3057 4507 3122 preserva-

2549 3125 2707 3188 tion.
2797 3124 2973 3190 Mais
3025 3144 3397 3208 pourceque
3447 3126 3643 3191 iceux
3698 3123 4021 3190 seditieux
4093 3131 4161 3190 et
4221 3124 4503 3209 fugitifz‚

2548 3229 2804 3276 comme
2860 3214 3137 3294 n'ayans
3193 3231 3322 3296 peu
3380 3219 3557 3276 estre
3614 3210 4070 3295 apprehendez
4114 3230 4285 3293 pour
4325 3211 4507 3276 lexe-

2547 3296 2770 3360 cution
2829 3295 2943 3360 des
3000 3303 3361 3375 sentences,
3422 3303 3575 3361 sont
3628 3296 3959 3362 tousiours
4003 3297 4236 3363 vivans
4280 3303 4349 3361 et
4390 3316 4506 3361 en-

2547 3401 2785 3465 nemys
2843 3380 2924 3446 de
2989 3388 3163 3448 ceste
3205 3391 3427 3448 nostre
3469 3381 3854 3466 republique
3897 3389 3966 3448 et
4007 3403 4132 3466 que
4175 3381 4272 3448 les
4315 3383 4506 3448 hom-

2549 3488 2691 3532 mes
2746 3473 2898 3532 sont
2949 3467 3237 3535 subiecta
3293 3488 3464 3568 pour
3484 3468 3549 3534 10
3603 3477 3817 3552 temps
3876 3490 3918 3534 a
3959 3476 4135 3534 estre
4178 3468 4507 3534 08010100-

2550 3560 2811 3619 3010001
2853 3552 3089 3619 (1000113
3145 3563 3213 3620 01
3254 3575 3715 3621 circumvenuz
3759 3573 3880 3639 par
3923 3555 4264 3638 pratiques
4307 3555 4506 3620 sinis-

2548 3646 2704 3718 tres,
2771 3638 2929 3704 affin
2997 3660 3118 3722 par
3179 3640 3312 3706 bon
3378 3662 3619 3725 moyen
3729 3640 3993 3707 revenir
4053 3640 4154 3706 les
4197 3638 4506 3726 dangiers

2550 3746 2680 3809 que
2757 3727 3140 3808 pourroient
3206 3726 3484 3792 advenir
3546 3735 3614 3793 et
3703 3749 3775 3793 es
3839 3726 4301 3793 subornatione
4377 3747 4505 3810 que

2546 3810 2938 3893 pourroient
2980 3823 3154 3878 estre
3196 3834 3236 3878 a
3277 3812 3694 3897 linstigation
3749 3810 3995 3879 desdits
4053 3812 4380 3879 seditieux
4438 3819 4505 3877 et

2548 3897 2802 3982 fugitifs
2857 3898 3116 3964 faictes:
3161 3918 3202 3962 a
3252 3898 3498 3965 semble
3540 3920 3662 3983 par
3706 3899 3834 3965 bon
3878 3898 4126 3964 conseil
4169 3897 4381 3984 advys
4434 3905 4504 3964 et

2546 4003 2777 4047 meure
2835 3983 3264 4050 deliberation
3330 4005 3369 4049 a
3423 4006 3546 4051 003
3598 3985 4035 4070 magnifiques
4086 3985 4394 4069 puissans
4436 3992 4504 4050 et

2549 4078 2684 4133 tres
2760 4068 3110 4136 redoubtez
3176 4072 3517 4156 seigneurs
3564 4070 3919 4155 sindiques,
3963 4071 4130 4154 petit
4177 4078 4246 4136 et
4288 4069 4502 4155 grand

2548 4155 2810 4234 conseil,
2876 4155 3012 4221 dict
3064 4158 3160 4224 les
3217 4161 3360 4238 200,
3465 4157 3562 4223 011
3620 4157 3748 4223 3011
3790 4157 3946 4224 faict
3994 4164 4061 4222 et
4094 4176 4286 4240 passe
4328 4157 4502 4224 edict

2548 4260 2785 4324 expres
2807 4262 2933 4324 que
2977 4243 3093 4307 nul
3138 4245 3290 4327 quel
3324 4178 3464 4327 quil
3496 4244 3625 4309 soit
3666 4250 3832 4327 nayt
3874 4264 3914 4308 a
3955 4243 4177 4327 parler
4218 4261 4502 4310 avaneer

2547 4348 2643 4411 ny
2695 4326 2910 4393 moins
2975 4350 3285 4413 procurer
3348 4329 3430 4394 de
3492 4337 3803 4395 remettre
3867 4351 3962 4413 ny
4013 4330 4270 4413 laysser
4313 4330 4502 4395 venir

2547 4411 2795 4478 dedans
2830 4421 3005 4480 ceste
3030 4416 3158 4482 cite
3199 4423 3268 4481 et
3309 4424 3522 4481 terres
3557 4414 3811 4501 dycelle
3854 4413 4088 4503 lesditz
4130 4414 4390 4500 fugitifz
4432 4422 4502 4481 et

2545 4496 2872 4565 seditieux
2907 4522 2947 4566 a
2979 4521 3196 4587 peyne
3230 4522 3355 4584 que
3389 4500 3582 4585 celuy
3617 4503 3727 4584 qui
3764 4523 3849 4567 en
3882 4500 4142 4586 parlera
4176 4522 4500 4567 avancera

2545 4604 2632 4649 ou
2674 4606 3028 4667 procurera
3068 4608 3232 4654 aura
3273 4587 3340 4653 la
3382 4595 3550 4652 teste
3591 4607 3863 4672 coupee:
3901 4594 3969 4653 et
4001 4595 4140 4654 cest
4171 4607 4341 4671 pour
4383 4588 4498 4653 ob-

2546 4671 2692 4737 vier
2736 4692 2776 4735 a
2809 4671 3147 4739 linfection
3190 4681 3260 4739 et
3301 4673 3721 4740 mechansete
3766 4695 3893 4756 que
3926 4673 4226 4756 pourroit
4289 4673 4352 4738 le
4394 4694 4497 4739 re-

2545 4763 2701 4822 tour
2741 4755 2990 4823 desditz
3013 4758 3410 4826 condamnez
3446 4768 3510 4825 et
3533 4759 3856 4825 seditieux
3889 4767 4151 4844 aporter
4194 4779 4282 4823 en
4324 4769 4497 4825 ceste

2545 4843 2675 4909 cite
2728 4850 2794 4906 et
2854 4864 3022 4928 pour
3086 4844 3501 4912 observation
3546 4846 3663 4912 des
3739 4844 4097 4929 iuridiques
4152 4853 4500 4913 sentences

2543 4937 2773 4996 contre
2819 4931 2973 4996 eulx
3017 4931 3324 5000 donnees.
