4850 6200
310 456 417 517 169

304 642 613 719 monuisti,
642 644 693 717 ¹)
735 642 887 726 quia
930 642 1083 708 inde
1125 642 1437 726 privatim
1480 649 1549 709 et
1580 641 1836 726 publice
1870 644 2232 710 institimus

303 736 470 793 tanto
510 726 893 814 diligentius
931 731 1002 794 in
1043 747 1236 796 verae
1279 727 1633 807 doctrinae,
1677 727 1851 812 quod
1892 750 2039 795 eam
2083 750 2230 814 par-

304 824 421 879 tem
480 815 740 891 attinet,
806 814 1365 881 demonstratione
1440 824 1509 879 et
1570 815 2096 893 conservatione,
2164 827 2232 883 et

302 900 413 965 nisi
453 921 767 967 acanum
808 900 1069 983 aliquod
1112 906 1481 965 monstrum
1519 901 1754 980 alatur,
1798 902 1958 967 satis
2004 901 2228 967 viden-

302 994 398 1049 tur
446 985 527 1050 ad
582 986 1125 1070 tranquillitatem
1183 987 1539 1069 composita
1594 987 1831 1052 omnia.
1894 1021 1963 1033 ο·-
2016 1024 2097 1033 ——
2152 1025 2219 1034 -

444 1192 751 1259 Basileoe
800 1196 896 1257 16.
944 1191 1116 1258 Iunii
1168 1196 1351 1256 1554.

1496 1313 1677 1379 Tuus
1722 1311 2051 1380 Sulzerus.

1056 1608 1347 1619 ...οφ-*οι-

1154 1842 1346 1915 1⁹75.

807 1998 1176 2067 OHEOUS
1223 2000 1659 2069 GALVINO.

436 2174 505 2235 A
550 2173 772 2255 reyina
793 2172 1066 2256 Anqliae
1104 2173 1356 2255 frustra
1398 2174 1557 2240 bana
1599 2195 1721 2240 sua
1762 2176 1879 2240 sub
1920 2183 2224 2259 sequestre

272 2258 471 2336 pasita
502 2277 629 2337 per
662 2278 919 2323 uxorem
951 2257 1078 2323 sibi
1111 2265 1180 2324 ut
1213 2260 1619 2328 redderentur
1640 2262 2020 2343 postulavit.-
2063 2283 2223 2346 quae

284 2360 342 2404 eo
368 2347 703 2423 praetextu
753 2349 973 2427 neyata
1023 2351 1170 2410 sunt
1221 2348 1385 2429 quod
1446 2350 1513 2412 in
1557 2348 1907 2413 Germania
1962 2369 2221 2416 commo-

282 2434 519 2576 ew
562 2430 727 2513 ipse:
774 2450 912 2513 erqo
970 2433 1102 2497 iam
1143 2433 1212 2496 in
1258 2431 1524 2499 Italiam
1565 2454 1706 2499 cum
1751 2434 1906 2499 aliis
1938 2436 2223 2516 profices-

605 2687 715 2751 (Ex
762 2690 1098 2759 autographo
1132 2690 1262 2746 cod.
1304 2692 1465 2747 Goth.
1501 2690 1620 2757 405,
1658 2694 1747 2747 fol.
1784 2690 1897 2759 52.)

436 2860 841 2927 Doctissimo
887 2863 1030 2928 viro
1077 2864 1157 2929 D.
1204 2864 1437 2930 Ioanni
1482 2864 1760 2931 Calvino
1805 2865 2219 2931 Genevensis

281 2945 576 3011 ccclesiae
621 2950 865 3030 pastori
910 2948 1300 3016 fidelissimo.
1709 3038 2044 3106 Gemme-

436 3171 613 3236 Vide
670 3180 747 3237 ut
804 3172 976 3239 domi
1036 3175 1321 3259 forisque
1377 3177 1581 3242 iactet
1634 3177 1747 3260 qui
1804 3198 1887 3242 ne
1930 3179 2000 3242 in
2046 3178 2217 3244 Ger-

278 3259 485 3322 mania
522 3257 787 3341 quidem
823 3267 940 3324 aut
974 3259 1145 3343 apud
1183 3281 1302 3327 vos
1337 3264 1690 3328 consistere
1715 3260 1928 3329 adhuc
1962 3265 2221 3347 quietus

276 3361 551 3423 possum.
582 3348 634 3422 ¹)
722 3344 982 3430 Regina
1034 3349 1223 3412 uxori
1280 3369 1464 3414 meae
1518 3350 1771 3432 petenti
1830 3348 1911 3415 de
1954 3350 2218 3415 restitu-

277 3428 441 3494 tione
497 3451 809 3515 agrorum
859 3452 1022 3516 quos
1073 3433 1316 3516 partim
1372 3445 1525 3501 ante
1569 3434 1866 3500 Eduardi
1921 3445 2221 3520 tempora

274 3517 505 3594 partim
529 3516 612 3582 ab
637 3516 779 3600 ipso
801 3538 1195 3602 acceperam,
1234 3520 1658 3603 responderat
1682 3541 1751 3587 se
1776 3529 1918 3586 tum
1955 3520 2218 3587 demum

275 3599 435 3667 velle
478 3599 563 3667 de
691 3603 922 3670 titione
964 3605 1089 3670 hac
1128 3613 1419 3672 statuere
1463 3605 1575 3672 ubi
1621 3605 1702 3674 de
1743 3628 1895 3672 mea
1934 3626 2218 3674 commo·

274 3686 523 3753 ratione
648 3688 819 3772 ‘quid
888 3689 1195 3756 audierit:
1271 3714 1447 3759 nunc
1499 3693 1657 3777 quia
1712 3714 1818 3759 me
1874 3692 2219 3760 Genevam

275 3772 682 3840 contendisse
716 3775 1133 3858 intellexerit,
1167 3777 1332 3842 nihil
1358 3801 1428 3845 se
1463 3779 1763 3845 daturam
1801 3781 2217 3846 asseveravit.

274 3856 525 3943 Negare
570 3882 740 3925 uxor
782 3875 848 3928 et
891 3867 1127 3928 caeteri
1173 3863 1367 3930 amici
1411 3886 1515 3930 me
1551 3865 1864 3932 Genevae
1907 3886 2068 3943 esse,
2108 3866 2219 3949 qui

272 3965 349 4008 ne
390 3944 706 4012 Coloniae
759 3955 903 4013 tum
963 3949 1223 4031 quidem
1268 3971 1412 4017 esse
1467 3953 1667 4034 potui,
1729 3949 1841 4016 sed
1886 3950 1996 4016 ubi
2039 3972 2217 4018 com-

271 4031 657 4097 morandum
680 4035 1021 4099 statuerim
1046 4038 1313 4102 nescire.
1381 4036 1526 4121 Ego
1560 4037 1920 4104 amicorum
1947 4037 2219 4103 consilio

273 4115 346 4181 ad
380 4116 669 4184 fructum
708 4118 989 4202 aliquem
1029 4141 1111 4186 ex
1146 4122 1423 4188 aliorum
1456 4123 1806 4189 acerbitate
1828 4121 2220 4206 capiendum

270 4202 593 4286 inductus,
627 4225 781 4271 cum
803 4206 1193 4291 quibusdam
1219 4207 1546 4275 nobilibus
1567 4209 1807 4293 Anglis
1844 4209 2219 4276 hominibus

274 4308 452 4354 meae
494 4289 888 4357 conditionis
930 4301 1127 4376 atque
1170 4292 1416 4360 ordinis
1458 4294 1720 4361 Italiam
1764 4307 1833 4361 et
1868 4296 2217 4362 Patavium

274 4375 508 4459 οοριο,
565 4387 646 4441 ut
700 4375 792 4442 ibi
848 4399 953 4443 me
1008 4391 1272 4446 ostenso
1324 4380 1556 4447 literae
1607 4384 2091 4466 quamprimum
2151 4390 2220 4446 et

276 4459 475 4527 literis
542 4462 827 4530 velocior
890 4464 1066 4530 fama
1129 4487 1352 4532 meum
1429 4466 1781 4534 adventum
1865 4469 2214 4552 perferant.

274 4543 491 4613 Rebus
536 4549 698 4614 meis
745 4550 908 4617 bene
951 4552 1317 4630 transactis,
1359 4553 1529 4636 quod
1567 4553 1873 4619 facillime
1915 4553 2219 4620 futurum

276 4837 447 4894 12⁷4
481 4840 530 4908 1)
574 4839 808 4896 Videtur
843 4841 900 4895 B
990 4845 1001 4857 “
1234 4843 1477 4912 perlecta
1517 4842 1807 4898 Gratarob‘
1848 4844 2078 4913 epistola
2143 4844 2215 4899 N.

280 4906 427 4990 1957)
463 4911 772 4966 sciscitatus
799 4910 977 4975 fuisse
1109 4913 1333 4968 ecclesia
1369 4911 1694 4981 Basileensi,
1970 4928 1998 4966 s
2030 4928 2068 4969 a
2096 4846 2217 4968 §or-

276 4984 377 5032 veit
409 4980 650 5041 factione
680 4979 904 5036 menta
944 4980 1129 5047 fuerit.
1204 4981 1394 5036 Etiam
1432 4980 1614 5036 Betae
1656 4981 1849 5036 literae
1889 4987 2089 5038 ειατιαιι
2134 4997 2219 5038 ro-

276 5061 395 5099 n·
429 5055 552 5104 atra
582 5046 763 5104 colore
793 5047 1172 5118 dapis-serant.

277 5113 447 5169 ¹⁹⁷⁸·
482 5116 862 5241 ¹{03'f'303'
862 5133 1072 5242 ⁶1⁸11⁰“i⁸
1104 5120 1844 5257 ztsss'wfflmsm’
1858 5117 2222 5243 twa&

278 5253 371 5308 ab·
407 5255 641 5310 eur-*one
680 5257 915 5311 mmm
954 5227 1221 5324 cudone,
1268 5256 1501 5328 densque
1539 5256 1832 5311 ramosam
1866 5257 1964 5312 aba·
1996 5257 2218 5326 quem-

278 5321 557 5446 }‘3'10102
593 5325 836 5463 ΜΡ
890 5393 1164 5465 essm)
1264 5342 1283 5395 ²
1444 5342 1509 5380 “⁸
1554 5331 1647 5380 Μ’
1731 5328 1753 5392 (
1852 5342 1907 5397 ³⁵
1969 5324 2220 5393 ’mm'

2080 457 2241 519 1554
2286 449 2471 519 IUN.

4163 458 4285 521 1⁷0

2330 638 3221 792 zfflsszassssmffffiffi
3250 640 4285 824 zffiussssfflwffl

2332 809 2488 875 dere
2511 814 2546 848 ¹*
2603 810 2686 877 ad
2743 809 3099 877 obtinenda
3156 810 3370 876 dubia.
3472 809 3748 876 Interim
3811 811 3894 877 de
3951 820 4068 879 tua
4125 836 4162 879 e

2330 915 2438 961 me
2480 894 2919 972 humanitate,
2982 897 3172 962 cuins
3228 917 3350 980 ego
3405 895 3559 961 dum
3606 897 3762 963 vivo
3807 898 4076 964 minime
4119 899 4202 965 ob
4231 901 4282 951 ‘-

2329 982 2567 1059 viscar,
2628 990 2848 1048 tantas
2905 982 3022 1048 tibi
3075 981 3322 1066 gratias
3374 1002 3499 1067 ago
3551 990 3832 1065 quantas
3870 1004 4157 1067 possum,
4215 996 4284 1051 et

2330 1067 2655 1152 reliquum
2686 1068 2975 1135 studium
3012 1088 3233 1133 meum
3267 1087 3425 1152 erga
3458 1076 3524 1132 te
3559 1069 3836 1151 tempori
3863 1082 3931 1133 et
3965 1072 4282 1137 occasioni

2329 1173 2613 1219 reservo.
2681 1154 2946 1238 Reliqui
2990 1154 3306 1219 Genevae
3347 1173 3628 1238 puerum
3674 1175 3895 1219 meum
3943 1154 4066 1222 mh.
4111 1156 4285 1223 Bar-

2327 1238 2760 1306 nardistonum
2776 1243 2836 1317 ²)
2882 1250 2948 1306 et
2991 1238 3360 1305 Arthurum
3407 1239 3718 1318 Brolouom
3762 1248 3904 1306 tum
3947 1240 4284 1326 religionis

2327 1344 2543 1403 causa,
2587 1347 2757 1410 quae
2802 1326 3048 1410 optime
3090 1326 3165 1390 in
3210 1325 3334 1393 hac
3377 1336 3588 1391 aetate
3626 1327 3898 1405 seritur,
3958 1334 4098 1391 tum
4143 1328 4282 1413 gal-

2325 1409 2490 1476 licae
2556 1419 2626 1477 et
2689 1410 2935 1477 latinae
2994 1410 3262 1497 linguae
3316 1411 3798 1496 cognoscendae
3860 1413 4104 1497 gratia:
4170 1434 4283 1480 eos

2326 1516 2557 1581 precor
2599 1497 2715 1563 abs
2757 1505 2822 1563 te
2867 1506 2942 1564 nt
2985 1497 3251 1562 hortatu
3295 1504 3429 1577 tuo,
3488 1494 3673 1564 euius
3715 1498 4133 1564 autoritatem
4178 1520 4282 1565 re-

2326 1590 2662 1661 verentur,
2709 1582 3005 1668 impellas
3050 1582 3133 1648 ad
3176 1580 3582 1668 diligentiam
3628 1592 3696 1649 et
3738 1582 4047 1651 studium.
4136 1585 4282 1671 Ego

2325 1666 2451 1733 hoc
2493 1668 2844 1753 providebo
2889 1677 2963 1734 ιιι
3006 1670 3282 1755 pecunia
3321 1668 3453 1735 illis
3495 1677 3879 1754 caeteraque
3915 1672 4281 1737 necessaria

2326 1762 2621 1837 tempore
2664 1757 3030 1832 mittantur,
3067 1755 3140 1820 in
3229 1775 3313 1820 uo
3476 1763 3702 1838 tquam
3742 1756 4091 1822 consedere
4133 1756 4278 1840 plu-

2326 1838 2506 1905 ribus
2550 1840 2633 1906 ad
2676 1850 2743 1906 te
2785 1842 3084 1908 scribam.
3239 1859 3498 1907 ominus
3539 1841 3727 1908 Iesus
3770 1850 3856 1921 te,
3902 1842 4006 1908 vir
4048 1842 4280 1908 huma·

2326 1926 2598 1992 nissime
2653 1936 2721 1991 et
2777 1926 3171 2005 doctissime,
3232 1926 3418 1992 nobis
3475 1935 3817 1993 conservet
3861 1935 3930 1993 et
3972 1928 4283 1995 eeclesiae

2329 2009 2597 2078 Christi.
2689 2010 2955 2091 Saluta,
3019 2033 3286 2097 quaeso,
3345 2012 3430 2078 D.
3492 2011 3952 2092 Μανσλόοηεηι,
4010 2013 4087 2080 D.
4143 2012 4282 2080 Bu-

2325 2096 2582 2177 daeum,
2640 2098 2723 2163 D.
2785 2093 3246 2178 Nomandiae,
3309 2097 3671 2175 Pari-siam,
3743 2098 4028 2179 Valliers,
4085 2100 4280 2165 Paris

2331 2182 2653 2257 Granval‚
2707 2183 2978 2251 fratrem
3039 2197 3227 2251 tuum
3284 2183 3840 2250 humanissimum
3897 2196 3964 2250 et
4005 2205 4280 2252 uxorem

2326 2267 2486 2334 eius.
2575 2269 2747 2336 Vide
2799 2281 3115 2355 quantum
3179 2269 3296 2334 tibi
3357 2270 3686 2354 imponam
3773 2272 3840 2335 ui
3885 2292 3970 2338 ne
4013 2268 4276 2338 modum

2326 2354 2586 2438 quidem
2623 2356 3123 2424 salutationibus
3143 2355 3330 2431 facio,
3370 2376 3580 2439 neque
3607 2291 3908 2440 829ριαηί
3940 2368 4279 2442 praeterea

2324 2440 2622 2508 oblivisci
2668 2462 2949 2525 possum.
3043 2442 3469 2526 Argentinae.
3517 2443 3699 2527 xviij.
3748 2442 3922 2508 Iunii
3975 2448 4151 2507 1554.

3180 2579 3305 2644 Tui
3351 2580 3421 2644 in
3469 2578 3737 2646 Christo
3781 2582 4275 2648 amantissimus

3461 2680 3641 2746 Ioan.
3688 2681 3966 2749 Ohecns.

3197 3211 3382 3282 1⁹78.

2322 3365 2754 3434 MINISTRJ
2797 3363 3486 3433 NEOOOMENSES
3532 3365 3723 3432 GEN
3735 3364 4270 3433 EVENSIBUS.

2495 3537 2598 3607 De
2637 3538 2977 3605 calumniis
3016 3539 3303 3603 certiores
3343 3538 3499 3619 facti
3555 3557 3718 3618 quas
3762 3538 3833 3600 in
3878 3537 4078 3603 libello
4125 3560 4277 3604 ano-

2320 3645 2506 3708 nymo
2562 3646 2604 3689 a
2664 3622 2959 3689 Vandello
3006 3623 3269 3689 Senatui
3331 3623 3668 3689 Genevensi
3727 3622 3958 3688 tradito
4014 3624 4277 3704 quidam

2321 3715 2537 3776 contra
2583 3709 2913 3775 Calvinum
2956 3709 3223 3791 adeoque
3263 3708 3474 3792 ipsum
3526 3711 3966 3794 mayistratum
4008 3710 4076 3773 in
4125 3707 4276 3774 Bol-

2321 3815 2529 3862 secum
2585 3800 2641 3862 et
2698 3794 3013 3861 Servatum
3069 3795 3651 3861 animadvertentem
3709 3792 4135 3875 protulerwat,
4209 3816 4277 3859 se

2310 3887 2577 3965 paratos
2617 3881 2832 3948 dieunt
2871 3880 3182 3962 fratribus
3223 3881 3442 3946 adesse
3500 3881 3561 3945 si
3602 3881 3756 3961 quid
3797 3879 3897 3944 illi
3940 3881 4010 3944 in
4052 3880 4168 3946 hac
4210 3900 4279 3945 re

2321 3968 2630 4051 ayendum
2670 3967 3055 4034 decreverint.

2631 4138 2744 4204 (Ex
2781 4139 3117 4208 autographo
3153 4137 3282 4191 Ood.
3322 4136 3527 4193 Genev.
3565 4135 3683 4206 196,
3718 4135 3810 4191 fol.
3847 4135 3964 4201 23.)

2494 4309 2823 4378 Omnibus
2880 4308 3278 4377 fidelissimis
3324 4308 3574 4375 Christi
3628 4307 3950 4374 ministris
4009 4317 4142 4374 tam
4203 4310 4272 4371 in

2323 4398 2482 4465 urbe
2526 4417 2721 4482 quam
2765 4396 2837 4461 in
2881 4416 3039 4496 agro
3075 4394 3455 4462 Genevensi
3491 4395 3805 4461 fratribus
3839 4414 4036 4477 quam
4080 4413 4272 4458 orna-

2321 4485 2594 4550 tissimis
2639 4482 3220 4566 dilectissimisque.

3764 4565 4096 4632 Genevae.

2317 4688 2714 4772 Perpetuam
2776 4688 3060 4772 gratiam
3128 4697 3193 4752 et
3260 4685 3541 4753 salutem
3605 4705 3647 4750 a
3707 4683 3847 4750 Deo
3916 4691 4098 4767 patre
4158 4704 4273 4765 per

2609 4774 2970 4840 Dominum
3013 4783 3316 4839 nostrum
3361 4772 3578 4839 Iesum
3622 4768 3975 4837 Christum.

2492 4912 2765 4978 Fratres
2805 4910 3146 4990 carissimi,
3189 4910 3424 4995 quibus
3468 4909 3672 4975 etiam
3711 4905 4022 4973 debemus
4067 4906 4271 4974 hono—

2314 5019 2458 5098 rem
2498 4997 2886 5081 plurimum:
2933 4996 3348 5063 venerandus
3392 4994 3582 5060 nobis
3626 5012 3702 5060 ac
3743 5013 3985 5077 parens
4027 4993 4096 5058 in
4133 4994 4269 5059 Do-

2989 5249 4271 5314 &damasii-mmmmm

2529 5257 2586 5322 2)
2620 5256 2710 5311 Mc
2739 5254 2891 5323 mm
3228 5320 3459 5379 mum
3492 5325 3720 5377 moros·
3750 5319 3972 5387 fecerat.
4030 5319 4274 5390 (Samis,

2317 5326 2483 5383 euius
2514 5325 2731 5380 iuvenis
2760 5339 2861 5379 rex

2319 5394 2355 5450 1.
2390 5394 2425 5450 1.
2459 5410 2516 5464 p.
2552 5392 2662 5460 90.)
