4850 6200
399 460 538 528 421-

1272 650 1465 722 8108.

885 803 1384 874 FARELLUS
1428 803 1862 875 GALVINO.

580 973 1299 1042 PraetorDomartini
1338 976 1648 1061 neqotm
1687 982 1744 1043 et
1783 979 2056 1063 nimium
2090 980 2341 1065 Royan-

406 1062 606 1129 ccneis
645 1060 1499 1143 habam-squaedam&
1536 1062 2341 1148 Zebedaeumpertmea,

409 1148 994 1299 meomore
1023 1148 1166 1228 piis
1198 1148 1577 1214 εεηκοηῶαε
1609 1150 2117 1236 ίπυοῑαέοηιαρω·
2156 1172 2346 1235 quam

411 1405 517 1528 gx
566 1404 902 1475 sategi-who
954 1404 1082 1459 Ood.
1137 1404 1340 1488 Gener.
1390 1404 1507 1486 μδ,
1562 1405 1660 1491 fol..
1709 1405 1808 1461 119
1859 1409 1979 1462 coll.
2032 1424 2152 1463 cum
2172 1409 2344 1531 ’39²

489 1490 567 1525 rn.
603 1472 698 1528 VI.
745 1490 799 1542 p.
845 1471 937 1525 151
985 1480 1042 1528 et
1076 1472 1180 1527 543
1222 1473 1760 1609 ugblpfflgmpn
1794 1483 1993 1546 exstat,
2037 1483 2094 1530 et
2129 1476 2188 1531 81
2265 1493 2346 1532 en

571 1714 925 1798 Insigniori
973 1735 1161 1779 servo
1204 1714 1453 1780 Christi
1498 1714 1736 1780 Ioanni
1779 1713 2060 1781 Calvino
2104 1718 2344 1800 pastori

410 1800 710 1866 ecclesiae
754 1799 1166 1865 Genevensis
1223 1820 1463 1883 magno
1520 1802 1992 1885 propugnatori
2049 1803 2346 1869 veritatis

409 1884 820 1968 evangelicae
863 1885 1050 1950 fratri
1097 1894 1163 1949 et
1206 1895 1607 1970 symmystae
1650 1887 2241 2039 quamdafflsinrona

573 2108 642 2174 S.
707 2108 976 2172 Fratres
1010 2109 1063 2189 ¹)
1104 2106 1218 2189 qui
1260 2108 1330 2170 in
1372 2108 1570 2171 verbo
1614 2108 1991 2173 ministrant
2033 2130 2344 2194 magnam

407 2194 521 2261 tibi
564 2193 810 2259 habent
853 2191 1131 2276 gratiam
1171 2192 1343 2274 quod
1401 2204 1696 2258 sanctam
1741 2193 2119 2274 doctrinam,
2178 2216 2345 2278 quae

405 2302 562 2362 pure
603 2277 844 2344 tradita
885 2278 1011 2342 fuit
1051 2279 1120 2342 in
1166 2278 1608 2355 consensione,
1663 2292 1927 2345 strenue
1969 2282 2230 2360 tuearis,
2277 2290 2344 2346 et

405 2378 478 2431 ut
531 2365 1022 2430 consensionem
1078 2374 1144 2428 et
1201 2364 1422 2428 omnia
1480 2366 1620 2429 eius
1685 2367 1900 2448 capita
1965 2368 2340 2449 probarunt,

404 2452 494 2517 ita
551 2462 618 2515 et
681 2448 1153 2528 defensionem,
1220 2460 1575 2533 optantque
1631 2459 1696 2514 te
1752 2450 1864 2516 diu
1924 2464 2056 2516 tam
2113 2455 2222 2536 pia
2276 2465 2343 2519 et

405 2545 536 2602 tam
591 2548 819 2602 sancta
873 2536 1155 2602 scribere
1208 2556 1325 2618 pro
1378 2536 1585 2619 gloria
1629 2537 1896 2601 Domini
1940 2550 2006 2603 et
2049 2538 2340 2603 omnium

401 2623 860 2689 aedificatione.

570 2707 923 2773 Zebedaeus
958 2709 1272 2772 comitatu
1295 2706 1522 2789 Anqeli
1565 2708 1912 2786 tenebrosi,
1959 2708 2197 2774 ducatu
2235 2710 2340 2773 vel

405 2796 678 2870 (nescio)
739 2793 987 2859 sociatu
1038 2792 1376 2875 Malinyrii
1401 2794 1457 2867 ²)
1513 2793 1798 2857 Bernam
1855 2795 2209 2876 profectus,
2267 2805 2341 2860 ut

400 2881 618 2953 audio,
677 2900 812 2943 non
857 2888 1116 2942 tantum
1161 2888 1224 2941 te
1269 2898 1497 2942 verum
1553 2879 1750 2941 etiam
1795 2879 1953 2944 alios
1997 2879 2339 2945 traducere

399 2968 667 3049 sategit,
738 2962 907 3048 quod
975 2964 1303 3029 licentiam
1368 2963 1528 3027 dent
1591 2964 1813 3030 electis
1879 2964 2204 3030 scortandi
2271 2974 2339 3030 et

398 3053 655 3137 quidvis
713 3049 979 3135 agendi,
1039 3050 1204 3116 nihil
1265 3048 1505 3115 referre
1561 3049 1717 3133 quid
1776 3059 2004 3135 agant,
2064 3072 2337 3117 excusso

397 3141 570 3205 cumi
618 3149 803 3203 metu
846 3147 1047 3220 agant
1089 3148 1164 3201 ut
1197 3136 1450 3213 volunt,
1495 3137 1951 3210 servabuntur,
1999 3138 2158 3202 nihil
2200 3160 2336 3203 me-

397 3236 600 3291 tuant.
716 3222 1082 3306 Signarunt
1146 3221 1394 3305 aliquot
1460 3225 1672 3305 capita
1698 3227 1754 3298 ⁸)
1821 3246 1902 3287 ex
1968 3225 2201 3305 quibus
2269 3235 2338 3289 te

396 3312 624 3377 volunt
695 3310 1096 3374 haereticum
1161 3308 1451 3391 probare.
1551 3309 1866 3373 Nonnihil
1932 3312 2173 3392 poteris
2229 3330 2334 3375 ao-

394 3399 608 3481 cipere
675 3417 761 3460 ex
831 3416 907 3459 eo
971 3394 1082 3476 qui
1148 3394 1498 3459 comitatur
1553 3395 2132 3471 Dammartinum,⁴
2224 3398 2334 3479 qui

395 3492 655 3548 tantum
701 3502 834 3545 non
876 3481 1001 3545 fuit
1043 3489 1291 3545 tractus
1333 3481 1404 3544 in
1442 3495 1657 3562 partes
1691 3482 2056 3563 impiorum.
2181 3503 2336 3566 pero

392 3570 646 3636 exitum
691 3568 965 3646 felicem,
1008 3579 1582 3648 quantumcunque
1624 3566 1901 3649 improbi
1936 3568 2156 3631 omnia
2191 3589 2333 3649 per-

393 3667 653 3722 vertere
698 3652 1167 3719 contenderint.
1234 3650 1413 3735 Opto
1449 3667 1587 3716 tam
1626 3653 1900 3718 feliciter
1935 3655 2154 3717 omnia
2187 3672 2333 3718 suo-

391 3742 620 3807 oedere
657 3741 728 3804 in
763 3739 1052 3824 syndicis
1081 3742 1132 3810 ε5)
1167 3749 1243 3803 ut
1275 3739 1347 3802 in
1371 3737 1751 3820 disciplinae
1774 3738 2254 3821 approbatione.
2280 3742 2336 3810 ⁶)

392 3828 653 3895 Graves
721 3824 922 3891 habes
989 3824 1206 3891 hostes
1273 3825 1382 3906 qui
1449 3823 1612 3888 nihil
1667 3845 1796 3888 non
1855 3823 2209 3889 moliuntur
2264 3825 2333 3888 in

387 3914 562 3979 mala
583 3933 788 3979 causa
821 3913 1143 3994 ipsorum:
1181 3908 1296 3975 sed
1333 3924 1422 3986 tu,
1459 3918 1718 3991 praeter
1739 3930 2003 3975 oausam
2041 3910 2334 3974 omnium

388 4000 727 4082 optimam,
766 4017 957 4079 quem
982 3996 1182 4061 habes
1204 3994 1437 4062 ducem
1460 4003 1528 4058 et
1548 3992 2000 4061 defensorem?
2056 3994 2336 4077 Oportet

391 4097 460 4149 te
512 4088 585 4150 in
652 4083 816 4148 duce
882 4081 1104 4146 omnia
1168 4101 1362 4165 agere
1426 4093 1707 4146 strenue.
1797 4080 2079 4146 Causam
2145 4100 2333 4145 suam

393 4191 734 4253 nunquam
779 4166 1051 4233 deseret.
1120 4167 1434 4231 Potenter
1478 4165 1688 4230 astitit
1711 4165 1881 4231 Mosi
1923 4176 2154 4230 contra
2194 4186 2332 4230 ma·

391 4277 508 4341 gos
550 4276 796 4331 omnes,
856 4254 1016 4335 quin
1061 4263 1128 4316 et
1170 4252 1584 4316 Pharaonem
1628 4270 1778 4316 cum
1837 4252 1974 4316 suis
2031 4249 2332 4335 perdidit,

391 4350 459 4408 et
499 4359 634 4406 tam
680 4340 936 4404 illustre
983 4338 1190 4403 voluit
1243 4358 1383 4403 esse
1437 4335 1599 4420 legis
1639 4336 2096 4402 ministerium.
2185 4337 2331 4403 Tibi

389 4631 574 4713 8198.
593 4631 651 4694 1)
684 4629 1081 4686 Noocomemee
1141 4627 1337 4697 quibas
1408 4623 1671 4681 Ouzoim
1733 4625 2118 4692 Besantionem
2176 4642 2331 4682 mant

558 4709 656 4834 αξ)
692 4766 1021 4823 monaci·
1071 4764 1330 4828 asinino-⁸⁸,
1371 4763 1564 4816 vetoris
1613 4761 1834 4816 Calvia-⁸⁶
1887 4763 2208 4828 admsan‘t',
2266 4764 2332 4818 de

389 4840 550 4893 aba
594 4845 772 4892 tanen
822 4851 943 4890 cm
991 4832 1265 4888 Zebedaco
1306 4832 1689 4898 familiaritate
1731 4839 1781 4885 et
1822 4834 2016 4887 Me
2059 4833 2335 4888 Baracum·

391 4905 502 4968 &ac
535 4910 813 4964 occasione
848 4909 1094 4970 meanto
1126 4901 1262 4958 alchu·
1291 4901 1448 4958 nssn'l.

596 4973 656 5105 Ξ.)
691 4973 991 5097 gea-1&
1024 4971 1366 5025 continemu-
1401 4972 1544 5038 App.
1579 4969 1648 5023 A.
1687 4967 1755 5022 N.
1791 4967 1942 5023 2095.

598 5116 656 5178 5)
701 5112 900 5166 Omnes
933 5115 1170 5179 quaem
1203 5122 1378 5176 anper
1413 5107 1566 5161 electi
1597 5105 1681 5160 10.
1705 5105 1975 5169 Lambert,
2018 5106 2087 5159 H.
2124 5105 2333 5161 Asabon-t

390 5181 602 5250 m,
639 5182 838 5236 Μαι
873 5177 1077 5233 Banna
1109 5176 1306 5232 &mm
1340 5182 1389 5230 et
1420 5176 1534 5230 Pet.
1569 5176 1653 5229 Io.
1693 5172 1840 5229 Iesse}
1874 5191 1912 5229 a
1951 5171 2171 5229 Oalvini
2197 5190 2329 5243 par·

597 5319 662 5386 s)
698 5286 1000 5374 mn
1071 5314 1420 5370 aaa-tom·
1470 5312 1522 5367 a.
1572 5310 1656 5365 κ,
1726 5311 1852 5367 ιω..
1900 5311 2208 5367 amoverat
2267 5312 2329 5366 a·

390 5387 587 5444 adid-'s
616 5387 760 5443 nihil
791 5382 1111 5439 mutandum
1146 5397 1274 5439 me.

2064 469 2223 530 1555
2263 462 2727 536 FEBRUAB.

4253 480 4399 542 422

2441 677 2655 808 &clinici
2667 654 3405 825 ⁰(eatalitigiali:facimfici
3466 665 3731 826 ogei-theg
3772 660 4393 814 Annolioriituffeia

2443 848 2612 894 suos.
2693 825 2912 908 Quam
2955 826 3471 895 illustrissimum
3512 827 3741 896 reddet
3782 831 4109 917 evangelii
4150 833 4389 900 minis-

2443 913 2685 979 terium
2744 913 2862 979 tibi
2904 933 2945 978 a
2987 910 3247 978 Christo
3302 913 3763 981 concreditum.
3850 917 4066 1001 Perge
4116 924 4389 986 tantum

2443 1009 2737 1076 strenue,
2802 997 3133 1082 improbos
3238 1008 3530 1065 rosterne
3546 1051 3562 1079 ,
3626 1002 3807 1067 omni
3860 1002 4129 1070 lenitate
4183 1003 4384 1072 laesis

2446 1106 2769 1151 succurre.
2834 1082 3026 1166 Quod
3070 1094 3137 1149 et
3280 1085 3338 1151 is
3380 1095 3446 1151 et
3487 1086 3681 1153 facies
3723 1087 3982 1171 plenius
4016 1110 4133 1172 per
4152 1088 4384 1157 Chris-

2445 1180 2611 1249 tum,
2667 1190 2859 1254 quem
2901 1178 3088 1253 pater
3128 1168 3451 1254 glorificat
3491 1181 3559 1237 et
3598 1172 3808 1255 gloria
3848 1175 4086 1258 potiori
4126 1176 4389 1242 ornabit

2445 1257 2842 1407 xantum,
2911 1266 2985 1320 ut
3037 1276 3264 1321 omnes
3319 1275 3469 1322 eum
3534 1255 3843 1325 invocent
3904 1260 4261 1342 suspiciant
4314 1269 4385 1327 et

2529 1350 2737 1407 orent.

2618 1427 2767 1492 Non
2826 1435 2926 1492 est
2978 1426 3149 1509 quod
3210 1425 3638 1492 Dormnartini
3702 1449 3964 1495 causam
4028 1430 4148 1496 tibi
4205 1452 4382 1496 com-

2446 1512 2768 1579 mendem.
2857 1511 3069 1577 Video
3112 1512 3290 1577 enim
3332 1533 3529 1595 quam
3579 1526 3877 1580 accurate
3919 1518 4140 1581 omnia
4182 1535 4383 1600 expe-

2446 1597 2644 1665 dieris
2687 1618 2856 1680 quae
2900 1599 3086 1682 virgo
3126 1597 3552 1681 {lomacensi-9
3605 1620 3690 1664 ex
3732 1609 3797 1663 te
3839 1602 4118 1682 petebat.
4204 1602 4383 1668 Huic

2447 1705 2577 1750 non
2620 1685 2714 1749 fui
2756 1691 2949 1748 autor
2989 1694 3057 1748 te
3106 1682 3406 1748 adeundi.
3493 1683 3646 1750 Scio
3687 1686 3862 1749 enim
3905 1706 4099 1769 quam
4141 1687 4230 1753 sis
4275 1708 4384 1754 oc-

2446 1778 2742 1853 cupatus,
2788 1768 2902 1835 sed
2942 1768 3256 1851 impedire
3300 1767 3483 1834 nolui
3526 1769 3698 1836 ultro
3737 1771 4060 1837 volentem
4103 1779 4169 1837 te
4212 1773 4385 1839 invi-

2446 1876 2607 1933 sere,
2654 1866 2968 1937 tuumque
3009 1853 3351 1919 consilium
3395 1864 3829 1938 exoptantem.
3898 1857 4081 1923 Nihil
4124 1866 4385 1940 poteras

2448 1942 2696 2023 gratius
2738 1942 2952 2006 facere
2992 1958 3188 2023 quam
3224 1938 3395 2023 quod
3437 1941 3705 2007 iusseris
3746 1942 4179 2009 Raimandam
4223 1944 4383 2010 sori-

2446 2028 2600 2092 bere
2656 2047 2735 2090 ea
2789 2046 2953 2110 quae
3012 2024 3179 2090 vidit
3234 2034 3302 2091 et
3358 2025 3625 2092 audivit.
3715 2025 3789 2092 Si
3842 2030 3937 2092 ita
3982 2050 4210 2113 perges
4254 2029 4385 2095 eris

2447 2120 2599 2177 voto
2656 2131 2802 2176 meo
2861 2110 3277 2177 satisfaciens.
3370 2111 3525 2176 Vale
3582 2113 3778 2178 bene:
3837 2113 4143 2180 Christus
4198 2114 4272 2178 in
4314 2122 4385 2179 te

2445 2218 2608 2281 opus
2643 2219 2832 2263 suum
2866 2197 3174 2281 perficiat.
3236 2197 3400 2262 Iube
3421 2217 3647 2263 omnes
3682 2198 3897 2264 salvos
3932 2221 4091 2265 esse.
4159 2199 4387 2266 Nostri

2445 2304 2670 2349 omnes
2714 2291 2781 2348 te
2820 2283 3127 2349 salutant.
3215 2283 3526 2349 Neocomi
3571 2288 3627 2349 5.
3673 2283 4014 2350 Februarii
4065 2290 4244 2350 1555.

3278 2439 3460 2503 'l'uus
3502 2460 3584 2502 ex
3629 2439 3845 2503 animo
3891 2437 4206 2504 Farellus.

3226 2748 3631 2758 ——-———---——-

3311 2981 3507 3051 21⁰9.

2930 3136 3423 3206 POLLANUS
3471 3135 3902 3203 GALVINO.

2613 3307 2859 3374 Multus
2926 3315 3015 3374 est
3081 3310 3155 3374 in
3211 3310 3532 3392 semetipso
3598 3309 3926 3392 puryando
3992 3314 4047 3373 et
4099 3309 4371 3389 fucanda

2440 3394 2709 3476 aliisque
2750 3396 3038 3461 notandis
3080 3400 3137 3461 et
3191 3396 3581 3463 detestandis,
3676 3397 3857 3461 Nova
3898 3417 3976 3460 ex
4022 3395 4373 3462 Germania

2440 3482 2714 3558 nunciat,
2764 3480 3096 3547 Calvinum
3138 3482 3408 3547 arcessit.

2731 3650 2843 3707 (Ex
2877 3651 3212 3721 autographo
3248 3652 3374 3705 Cod.
3411 3650 3611 3704 Gener.
3651 3648 3765 3714 112,
3801 3651 3892 3705 fol.
3929 3650 4081 3716 228.)

2608 3820 2987 3887 Clarissimo
3032 3823 3331 3906 theologo
3368 3833 3429 3887 et
3475 3820 3849 3887 fidelissimo
3885 3822 4134 3888 Ohristi
4176 3844 4371 3889 servo

2436 3904 2521 3971 D.
2567 3907 2659 3971 Io.
2707 3907 2981 3973 Calvino
3036 3908 3345 3992 magistro
3404 3916 3470 3972 et
3526 3909 3781 3990 parenti
3832 3908 3901 3974 in
3946 3909 4211 3975 Christo
4265 3930 4373 3975 oo—

2435 3990 2828 4059 lendissimo.

3870 4079 4198 4146 Genevae.

2608 4248 2677 4314 S.
2724 4249 2801 4314 P.
2869 4246 3092 4329 Quum
3149 4271 3240 4313 nu
3288 4269 3361 4312 er
3416 4249 3663 4314 amicus
3727 4249 3991 4332 quidam
4055 4250 4367 4329 sincerus,

2435 4334 2799 4402 cuiusmodi
2851 4354 3091 4417 paucos
3144 4270 3335 4401 hodie
3391 4335 3680 4418 reperias
3698 4386 3712 4412 ,
3771 4335 4099 4400 retulisset
4140 4355 4369 4401 susur—

2434 4439 2627 4486 rones
2667 4440 2872 4486 vanos
2928 4422 3147 4486 nescio
3191 4441 3360 4503 quae
3414 4420 3562 4486 istic
3603 4432 3830 4486 contra
3871 4441 3976 4485 me
4026 4419 4227 4484 fuisse
4268 4418 4371 4484 lo-

2432 4515 2685 4589 quutos,
2729 4516 3076 4590 propterea
3121 4505 3292 4589 quod
3335 4527 3471 4570 non
3513 4513 3756 4572 temere
3789 4506 4052 4588 quosvis
4096 4503 4372 4570 admitto

2432 4592 2504 4656 in
2547 4591 3069 4658 communionem
3129 4591 3441 4658 ecclesiae
3495 4592 3821 4674 (quamvis
3862 4590 3930 4655 id
3972 4611 4192 4655 meum
4234 4609 4371 4655 non

2432 4685 2533 4743 est
2573 4677 2907 4760 privatum
2962 4676 3076 4742 sed
3119 4677 3452 4761 publicum
3510 4677 3708 4742 totius
3751 4676 4059 4742 ecclesiae
4101 4675 4367 4742 institu-

2434 4766 2622 4844 tum),
2673 4763 3039 4847 cogitabam
3084 4762 3254 4846 apud
3300 4784 3404 4827 me
3446 4771 3691 4844 quanta
3732 4771 3903 4829 esset
3946 4761 4223 4826 humani
4262 4762 4366 4825 iu-

2431 4849 2609 4934 genii
2675 4846 3081 4932 depravatio:
3158 4861 3231 4913 ut
3297 4848 3709 4913 sanctissima
3775 4868 4063 4931 quaeque
4079 4897 4094 4923 ,
4160 4867 4365 4928 quum

2431 4934 2670 5013 oderit,
2732 4934 3114 5000 calumniari
3155 4932 3408 4999 audeat.
3497 4934 3642 5017 Ego
3682 4943 3876 5011 certe,
3930 4932 4191 4997 tametsi
4230 4932 4367 4997 iam

2429 5021 2681 5103 aliquot
2737 5021 2807 5084 in
2864 5020 3025 5086 locis
3075 5019 3316 5085 fuerim
3372 5019 3569 5084 etiam
3626 5039 3774 5085 oum
3823 5017 4080 5101 publico
4135 5017 4366 5084 minis—

2429 5107 2616 5181 terio,
2662 5106 2720 5171 si
2762 5114 2985 5171 tamen
3027 5106 3435 5189 contingeret
3478 5102 3680 5187 (quod
3723 5124 3913 5169 omen
3948 5102 4131 5168 Deus
4174 5123 4365 5168 aver·

2428 5199 2553 5271 tat)
2616 5212 2736 5257 nos
2792 5212 3053 5257 rursum
3110 5190 3264 5257 hinc
3317 5190 3594 5274 dispelli,
3652 5200 3726 5255 ut
3781 5189 4041 5255 animus
4085 5209 4216 5254 non
4260 5195 4365 5254 est

2428 5299 2721 5361 unquam
2775 5278 2998 5361 procul
3042 5276 3125 5343 ab
3179 5277 3451 5344 ecclesia
3494 5279 3730 5354 vivere,
3791 5275 4031 5340 nollem
4085 5275 4365 5340 iniuriae

2427 5363 2568 5429 loco
2624 5363 2861 5430 ducere
2918 5365 2987 5429 si&
3016 5385 3056 5429 a
3096 5385 3202 5429 me
3258 5362 3518 5446 publiea
3573 5361 3725 5427 fidei
3774 5358 4086 5444 professio
4141 5361 4385 5445 exige-
