4850 6200
332 447 442 509 125

322 630 573 697 videtur
641 627 1139 714 quibuscunque
1204 631 1423 698 licebit
1446 632 1534 711 ¹²)
1608 629 1820 698 modis
1896 649 2254 697 occurrere.

320 716 508 783 Porro
564 718 788 782 minus
844 716 1016 782 forte
1084 716 1357 783 haberet
1409 715 1752 803 diguitatis
1808 715 2119 783 refutatio
2176 714 2260 782 ab

319 823 444 869 uno
517 801 824 887 quopiam
896 801 1209 887 privatim
1284 803 1596 887 profecta.
1703 803 1999 869 Rursum
2064 822 2261 887 quam

316 887 573 956 difficile
617 891 706 954 sit
746 887 1169 956 ecclesiarum
1214 908 1609 957 consensum
1652 889 2009 973 impetrare
2056 888 2260 957 video.

316 974 414 1040 'I'u
464 974 673 1059 igitur
726 995 849 1059 pro
906 984 1023 1041 tua
1121 972 1430 1041 rudentis
1482 973 1732 1060 dispice
1752 978 1839 1051 ¹⁸)
1897 975 1953 1041 si
2009 993 2138 1059 qua
2192 994 2264 1040 se

314 1059 539 1127 offeret
578 1081 715 1126 non
750 1060 1015 1144 poenite
1108 1080 1149 1126 a
1188 1060 1374 1126 ratio.

474 1146 899 1230 Responsum
937 1145 1112 1231 quod
1156 1143 1357 1213 Scato
1399 1145 1673 1213 dedistis
1694 1148 1779 1232 ¹⁴)
1820 1167 1943 1232 ego
1983 1146 2268 1213 libenter

312 1233 582 1317 inspexi.
670 1232 934 1299 Mecum
986 1231 1093 1298 his
1136 1232 1218 1298 de
1258 1231 1457 1299 rebus
1509 1231 1919 1315 colloquutus
1959 1241 2104 1299 erat
2145 1253 2263 1299 an-

310 1326 570 1401 tequam
612 1318 696 1384 ad
738 1338 857 1384 vos
898 1318 1178 1385 veniret.
1266 1318 1437 1403 Ego,
1498 1327 1578 1384 ut
1620 1319 1688 1383 in
1732 1338 2032 1385 sermone
2073 1318 2266 1384 fami-

311 1404 477 1483 liari,
537 1403 743 1470 libere
792 1423 1224 1488 exposueram
1282 1403 1437 1487 quid
1492 1403 1839 1470 sentirem:
1900 1424 2033 1470 non
2089 1404 2268 1471 ultra

310 1489 583 1568 institit,
638 1510 718 1557 ac
774 1511 858 1556 ne
914 1491 982 1555 in
1026 1489 1242 1556 reditu
1285 1489 1549 1574 quidem
1590 1490 1784 1574 petiit
1824 1489 2183 1575 quidquam
2225 1510 2267 1555 a

310 1595 413 1641 me
449 1574 789 1660 perscribi.
854 1572 1135 1643 Summa
1166 1596 1362 1660 porro
1396 1575 1743 1643 verborum
1780 1596 2079 1642 meorum
2110 1596 2264 1644 cum

311 1661 553 1746 scripto
594 1669 823 1729 vestro
864 1663 1284 1764 congruebat.
1373 1662 1548 1728 Nam
1589 1670 1659 1728 et
1700 1660 1782 1728 de
1824 1661 2268 1729 haereditaria

310 1768 663 1901 3⁸¹3&
682 1767 1011 1917 0331th
960 1746 2268 1920 &³0⁰...ffi‘ffinfftffmfflss

308 1940 449 1986 rere
487 1920 711 2001 liceat,
756 1918 922 1985 nihil
963 1940 1234 2004 prorsus
1278 1921 1405 1985 fuit
1445 1918 1718 1986 dissidii.
1809 1919 1915 1986 De
1959 1920 2264 1987 muliebri

309 2007 395 2071 im
476 2007 585 2072 rio
626 2005 722 2073 sic
764 2006 1077 2089 loquutus
1117 2027 1284 2084 sum,
1330 2025 1534 2090 quum
1575 2026 1618 2071 a
1650 2005 1947 2092 legitimo
1990 2016 2266 2074 naturae

308 2026 493 2157 orgia·
496 2113 539 2158 e
581 2093 951 2170 abhorreat,
1007 2093 1183 2159 inter
1225 2092 1354 2158 Dei
1397 2090 1723 2159 vindictas
1778 2091 2264 2159 numerandum

308 2199 459 2244 esse.
522 2179 622 2244 Et
654 2189 873 2244 tamen
910 2179 1037 2244 hac
1070 2199 1327 2265 quoque
1359 2179 1429 2244 in
1466 2188 1653 2261 parte
1676 2179 2266 2245 extraordinariam

304 2264 643 2330 interdum
686 2265 811 2330 Dei
854 2265 1140 2349 gratiam
1184 2264 1454 2351 fulgere,
1499 2265 1654 2349 quia
1698 2265 1858 2331 viris
1901 2265 2265 2333 socordiam

430 2352 714 2418 robrans
773 2350 1054 2416 feminas
1123 2370 1256 2416 non
1328 2349 1502 2416 virili
1568 2351 1764 2417 modo
1831 2349 1946 2417 sed
2005 2351 2266 2418 heroico

306 2436 544 2520 spiritu
600 2435 932 2521 praeditas
984 2438 1258 2504 excitat:
1325 2437 1517 2503 sicuti
1572 2437 1643 2501 in
1688 2437 1954 2503 Debora
2009 2437 2266 2503 illustre

306 2525 597 2588 cernitur
655 2521 1047 2605 exemplum.
1148 2521 1401 2589 Verum
1472 2523 1774 2607 quamvis
1846 2522 2013 2588 nihil
2083 2522 2266 2589 aliud

304 2629 495 2693 quam
520 2629 711 2674 mera
731 2609 1026 2675 confusio
1054 2611 1138 2691 η>
1175 2608 1503 2694 appareat,
1540 2609 1707 2674 nihil
1746 2631 1849 2674 me
1886 2609 2264 2692 permittere

304 2703 588 2760 testatus
630 2715 777 2759 sum
837 2694 1212 2761 homiuibus
1268 2696 1544 2778 privatis
1594 2715 1788 2778 quam
1847 2705 1920 2760 ut
1975 2704 2260 2779 gemant.

306 2779 458 2847 Esse
502 2779 690 2846 enim
723 2788 1205 2866 γυναικοκρατίαν
1237 2782 1411 2847 male
1457 2782 1879 2863 compositam
1924 2780 2264 2866 tyrannidi

304 2867 619 2944 similem,
676 2887 842 2949 quae
898 2865 1169 2933 ferenda
1222 2875 1324 2933 est
1367 2866 1574 2933 donec
1616 2866 1934 2933 divinitus
1974 2867 2261 2933 tollatur.

300 2950 378 3019 ei
418 2953 575 3037 quis
612 2952 952 3037 religionis
993 2973 1191 3019 causa
1233 2963 1506 3019 exortus
1561 2951 1766 3019 fuerit
1823 2963 2055 3030 motus,
2116 2974 2263 3038 pro-

305 3037 616 3107 nunciavi
660 3037 827 3105 nihil
882 3038 1047 3105 mihi
1111 3037 1321 3106 videri
1362 3038 1595 3106 melius
1637 3038 1745 3107 vel
1792 3039 2020 3119 tutius,
2066 3060 2264 3124 quam

302 3126 639 3209 quiescere
681 3146 1016 3211 quousque
1059 3125 1405 3209 peculiaris
1447 3127 1701 3192 vocatio
1744 3126 2072 3211 affulgeat.
2136 3127 2262 3193 Pe·

304 3211 585 3278 tendum
641 3212 844 3297 igitur
895 3209 1114 3296 potius
1170 3233 1208 3277 a
1252 3213 1397 3279 Deo
1453 3212 1757 3296 spiritum
1798 3212 2267 3279 moderationis

307 3307 369 3362 et
408 3298 825 3384 prudentiae,
921 3298 990 3363 ui
1034 3299 1104 3362 in
1151 3299 1427 3364 articulo
1469 3308 1826 3377 succurrat,
1928 3320 2076 3365 uam
2122 3299 2263 3385 agi·

306 3385 541 3451 tandas
589 3385 830 3450 otiosas
918 3385 1360 3468 isputationes.
1430 3387 1646 3469 Atque
1674 3387 1757 3463 ¹⁶)
1800 3388 1871 3451 in
1958 3407 2034 3452 ac
2076 3396 2265 3470 parte

306 3469 649 3538 tractanda
713 3471 806 3536 fui
862 3471 1217 3553 copiosior,
1288 3469 1442 3555 quia
1493 3471 1562 3535 in
1616 3472 1813 3538 rebus
1868 3470 2263 3538 turbulentis

308 3568 633 3640 quantum
671 3557 793 3623 sibi
830 3556 1132 3622 licentiae
1167 3558 1397 3641 optimi
1432 3556 1672 3640 quique
1705 3555 2093 3642 indulgeant
2128 3579 2263 3624 non

305 3643 557 3726 ignoro,
621 3642 778 3708 dum
822 3642 1320 3726 tempestatibus
1378 3643 1629 3726 abrepti
1688 3645 1755 3708 in
1801 3642 2073 3709 meridie
2115 3663 2262 3710 cae-

307 3731 586 3794 cutiunt.
690 3728 1090 3795 Benedictus
1150 3730 1237 3795 sit
1297 3730 1620 3795 Dominus
1690 3732 1804 3813 qui
1862 3751 1997 3796 non
2071 3729 2264 3796 aliter

306 3815 573 3901 linguas
616 3825 876 3881 nostras
911 3814 1308 3899 gubernavit
1340 3837 1537 3899 quam
1573 3816 1629 3882 si
1667 3837 1749 3880 ex
1794 3816 2151 3899 composito
2178 3818 2263 3895 ¹⁷)

306 3921 409 3966 res
451 3902 635 3966 inter
679 3921 800 3966 nos
841 3911 987 3965 acta
1029 3901 1213 3966 foret.

472 3986 712 4055 Status
748 3987 1060 4054 ecclesiae
1081 3997 1348 4054 nostrae
1382 3984 1600 4053 adhuc
1633 4000 1855 4053 manet
1889 4008 2260 4073 suspensus.

306 4070 437 4139 Sed
494 4074 729 4139 literas
784 4093 982 4157 cogor
1040 4071 1455 4155 abrumpere,
1515 4074 1672 4156 quia
1722 4093 1805 4138 ex
1864 4094 1991 4157 quo
2034 4083 2265 4141 nactus

308 4179 452 4224 sum
498 4160 777 4225 nuncios
811 4161 990 4236 istos,
1036 4158 1274 4242 quibus
1309 4158 1637 4225 confidere
1672 4178 1869 4225 ausus
1905 4181 2073 4239 sum,
2120 4159 2267 4228 aliis

306 4247 586 4329 negotiis
629 4244 968 4312 districtus
1008 4245 1433 4328 scriptionem
1472 4244 1761 4329 longius,
1817 4253 1896 4311 ut
1937 4247 2264 4329 optabam,

582 4351 694 4397 ere
737 4351 870 4395 non
914 4332 1118 4414 potui.
1208 4331 1380 4397 Vale
1421 4331 1644 4416 igitur,
1702 4333 2118 4398 ornatissime
2162 4333 2266 4397 vir

310 4429 371 4481 et
435 4419 648 4483 stater
718 4416 886 4481 mihi
954 4418 1025 4481 in
1084 4416 1371 4484 Domino
1428 4436 1588 4482 vere
1640 4416 1928 4483 colende.
2031 4418 2267 4485 Saluta

308 4524 449 4569 meo
510 4504 779 4568 nomine
838 4501 1186 4587 diligenter
1243 4503 1324 4568 D.
1378 4502 1808 4582 Gualtkerum,
1875 4503 2266 4571 Pellicanum

311 4597 369 4652 et
402 4590 530 4655 reli
576 4610 697 4655 uos
733 4598 1152 4674 symmystas.
1213 4588 1530 4655 Salutant
1563 4596 1632 4653 to
1665 4590 1956 4654 vicissim
1979 4591 2266 4675 collegae

310 4677 467 4755 mci,
610 4727 623 4740 .
693 4673 994 4742 Marohio
1075 4674 1213 4743 Vici
1280 4685 1346 4741 et
1425 4674 1534 4740 alii
1617 4674 1983 4761 complures
2049 4677 2261 4743 amici.

478 4966 578 5101 {33
607 4967 1121 5106 Κῆἷῖιάιςῶηῌᾰωφει
1153 5052 1233 5105 ep.
1273 5035 1429 5090 Bam
1501 5039 1584 5091 en·
1618 5036 1697 5093 N.
1736 5034 1888 5090 1944.

318 5177 329 5186 ο
480 5103 574 5169 14)
610 5106 894 5162 Art-‘culos
951 5106 1077 5160 illos
1126 5106 1385 5176 epistolae

304 5181 571 5310 miii)
605 5244 748 5326 mira
782 5244 1065 5298 consensio
1104 5243 1184 5297 M.

482 5311 580 5446 ἐξ),
612 5312 900 5452 ζᾶᾘῖὁ
940 5381 1022 5435 u.

2054 446 2218 506 1554
2263 438 2573 509 APRIL.

1586 5101 2562 5161 ‘eo-iN.1934ub·----

4203 449 4323 512 126

2362 628 2701 695 Dominus
2760 638 2825 695 te
2882 637 2952 696 et
3008 630 3323 697 familiam
3370 640 3638 697 tueatur
3679 642 3749 699 et
3789 630 4134 703 benedicat
4175 655 4324 718 per-

2362 724 2580 798 petuo.
2672 713 2986 783 Genavae
3033 720 3088 781 3.
3133 716 3287 784 Kal.
3333 717 3610 794 Maiiw)
3659 724 3841 784 1554.

3289 852 3572 921 Ioannes
3616 853 3936 923 Calvinus
3977 866 4149 924 tuus.

3254 1383 3445 1457 1⁹48.

2679 1537 3289 1608 WAYDNERUS
3315 1546 3365 1619 ¹)
3407 1540 4040 1610 BULLINGERO.

2547 1708 2887 1778 Gazoimem
2941 1712 3013 1778 in
3080 1713 3445 1781 damnando
3505 1711 3749 1779 Semta
3812 1719 3872 1781 et
3938 1714 4320 1784 vindicanda

2367 1799 2780 1881 mmmm
2839 1800 3172 1866 autoritate
3240 1798 3526 1866 munibus
3586 1800 3865 1867 numeris
3931 1800 4321 1869 laudandam

2366 1903 2448 1950 ex
2487 1884 2810 1983 emptura
2852 1884 3121 1964 docetur,
3165 1885 3551 1952 αᾱηιίναηᾶα
3594 1905 3748 1953 sane
3787 1886 4126 1954 mutuorum
4168 1889 4318 1956 loco-

2366 1990 2516 2036 rum
2549 1990 2805 2053 οωερεεο.

2367 2141 2479 2207 (Ex
2526 2141 2866 2213 autographo
2903 2143 3073 2199 Arch.
3110 2142 3291 2199 Turio.
3327 2143 3472 2198 Plut.
3510 2141 3608 2197 VI.
3651 2142 3776 2198 Vol.
3814 2142 3934 2210 1⁷6,
3981 2144 4113 2200 olim
4148 2145 4318 2200 Scrin-

2595 2212 2657 2265 B.
2695 2211 2836 2281 Bpp.
2874 2212 3029 2267 Tom.
3063 2211 3148 2279 37,
3186 2213 3280 2267 fol.
3315 2211 3439 2267 294.
3476 2240 3540 2252 -
3577 2212 3793 2268 Simler.
3829 2213 3947 2269 Vol.
3980 2213 4094 2277 82.)

2370 2507 2450 2519 -
2500 2506 2579 2517 -—
2632 2467 2884 2537 Calvini
2941 2469 3179 2535 librum
3240 2470 3320 2536 de
3369 2469 3606 2538 Ser-veti
3655 2470 4082 2554 blasphemiis
4125 2486 4192 2537 et
4236 2474 4321 2538 ob

2367 2575 2479 2622 eas
2512 2555 2832 2638 supplicio
2870 2553 2950 2621 de
2986 2578 3062 2623 eo
3096 2567 3377 2640 sumpto,
3414 2555 3543 2642 legi
3580 2556 3863 2639 quidem,
3902 2554 4018 2623 sed
4053 2570 4324 2643 propter

2367 2648 2760 2725 argumenta
2815 2642 2886 2706 in
2947 2641 3274 2726 plerisque
3329 2641 3489 2708 locis
3544 2642 3627 2708 ab
3670 2642 3815 2725 ipso
3865 2640 4109 2709 Ser—veto
4150 2645 4324 2710 male

2368 2727 2642 2806 detorta,
2677 2728 2835 2793 item
2869 2727 3261 2794 Tertulliani
3297 2749 3372 2795 ao
3407 2728 3687 2807 Irenaei,
3723 2728 4322 2795 vetustissimorum

2366 2825 2668 2879 autorum
2731 2816 3121 2893 sententias,
3194 2835 3328 2879 non
3389 2812 3625 2897 ubique
3697 2813 3980 2880 fideliter
4037 2813 4118 2879 ab
4176 2816 4321 2899 ipso

2366 2897 2748 2983 productas,
2807 2899 3078 2984 adsequi
3179 2900 3359 2979 lane,
3421 2920 3587 2983 quae
3641 2919 3790 2965 mea
3855 2901 4142 2966 tenuitas
4200 2909 4319 2976 est,

2365 3006 2502 3051 non
2545 2986 2749 3069 potui,
2795 2986 3079 3052 maxime
3169 2987 3475 3052 estitutus
3519 2985 3872 3063 autoribus,
3931 2985 4107 3052 unde
4150 2988 4322 3053 inte-

2365 3072 2546 3158 grari
2580 3071 2752 3152 illae,
2790 3072 3246 3141 antecedentia
3281 3072 3482 3138 etiam
3516 3082 3585 3138 et
3617 3075 4080 3155 consequentia
4116 3072 4324 3139 videri

2368 3180 2444 3226 ac
2523 3158 2840 3244 perpendi
2917 3168 3240 3244 poterant.
3350 3157 3650 3237 Accedit,
3733 3158 3906 3242 quod
3978 3161 4321 3243 perspicua

2363 3246 2579 3330 magis
2603 3265 2835 3322 amem,
2880 3266 3076 3330 quam
3109 3245 3420 3310 intricata
3459 3245 3621 3311 haec
3657 3254 3725 3311 et
3768 3244 4089 3311 difficilia:
4135 3267 4322 3328 quae,

2365 3331 2578 3398 Paulo
2621 3332 2824 3397 etiam
2876 3343 3331 3414 conquerente,
3390 3332 3803 3415 quaestiones
3862 3331 4075 3415 magis
4132 3352 4323 3415 prae-

2366 3419 2541 3497 bent,
2599 3439 2794 3502 quam
2840 3417 3359 3484 aedificationem
3404 3417 3534 3482 Dei
3592 3438 3711 3500 per
3751 3417 3968 3482 fidem.
4057 3416 4324 3502 Alioqui

2367 3525 2491 3589 ego
2533 3525 2652 3588 per
2694 3503 2975 3588 gratiam
3005 3504 3151 3582 Dei,
3196 3525 3278 3568 ex
3323 3502 3664 3587 evangelio
3687 3502 3981 3582 Ioannis,
4026 3502 4324 3570 Paulinis

2363 3611 2400 3656 e
2447 3589 2672 3667 istolis,
2714 3599 2781 3655 et
2814 3589 2960 3655 aliis
3002 3591 3352 3656 canonicae
3386 3589 3754 3671 scripturae
3788 3588 3974 3655 libris
4018 3587 4217 3654 didici
4253 3597 4324 3655 et

2367 3698 2406 3742 a
2472 3677 2741 3741 ineunte
2763 3685 2976 3742 aetate
3005 3675 3343 3758 hucusque
3377 3673 3658 3740 firmiter
3690 3673 3956 3753 credidi,
3980 3674 4324 3741 Christum

2367 3761 2730 3828 secundum
2764 3762 3038 3826 alteram
3074 3771 3483 3837 naturarum,
3520 3780 3757 3843 nempe
3790 3758 4104 3838 divinam,
4149 3761 4326 3844 patri

2367 3859 2806 3924 coaeternum,
2869 3847 2951 3913 ab
2996 3857 3266 3912 aeterno
3312 3844 3395 3910 ab
3438 3867 3514 3911 eo
3559 3846 3854 3930 genitum
3902 3866 4052 3912 cum
4098 3845 4326 3912 eodem

2369 3947 2436 4000 et
2479 3957 2511 4000 s
2556 3935 2714 3999 iritu
2755 3943 2979 3999 sancto
3023 3931 3315 3998 eiusdem
3372 3930 3775 3997 substantiae
3818 3952 3937 3997 seu
3981 3935 4328 4012 essentiae,

2369 4018 2712 4100 epotum*
2757 4019 2877 4085 sub
2923 4016 3151 4096 tribus,
3196 4040 3326 4083 non
3374 4016 3624 4094 divisis,
3672 4018 3795 4096 aio,
3842 4017 3956 4082 sed
4001 4019 4328 4084 distinctis

2369 4107 2689 4191 personis,
2727 4125 2936 4170 unum
2973 4125 3202 4170 verum
3226 4105 3444 4170 Deum
3480 4125 3597 4187 per
3626 4124 3818 4187 quem
3856 4112 4074 4169 creata
4106 4106 4330 4169 omnia

2370 4214 2539 4277 quae
2597 4194 2669 4257 in
2726 4189 2921 4257 coelis
2979 4199 3168 4269 sunt,
3227 4200 3295 4255 et
3349 4209 3514 4273 quae
3567 4190 3639 4254 in
3685 4195 3882 4267 terra,
3928 4189 4215 4256 visibilia
4258 4201 4327 4255 et

2368 4275 2727 4344 invisibilia
2767 4288 2885 4342 etc.
2932 4278 3000 4342 in
3045 4275 3456 4359 plenitudine
3502 4275 3814 4359 temporis
3848 4295 4134 4353 carnem,
4179 4276 4220 4340 i.
4266 4298 4322 4340 e.

2371 4364 2701 4429 hominem
2747 4363 3012 4440 factum,
3071 4369 3514 4428 assumentem
3556 4361 3733 4444 quod
3790 4383 3924 4427 non
3967 4370 4125 4438 erat,
4184 4380 4322 4425 ma-

2368 4459 2636 4515 nentem
2671 4447 2845 4533 quod
2882 4458 3040 4524 erat,
3078 4447 3533 4514 reconciliasse
3568 4469 3687 4513 nos
3722 4469 3842 4513 sua
3870 4459 4100 4524 morte,
4137 4448 4323 4512 iuxta

2368 4556 2661 4614 carnem,
2723 4535 2893 4618 patri
2951 4557 3034 4600 ex
3087 4533 3560 4619 indignationis
3608 4543 3676 4598 et
3728 4535 3866 4599 irae
3913 4533 4062 4597 filiis
4107 4532 4321 4597 denuo

2367 4623 2574 4687 factos
2638 4620 3005 4704 adoptionis
3070 4642 3145 4686 ac
3199 4621 3450 4704 gratiae
3506 4619 3675 4684 filios
3719 4630 3838 4685 etc.
3928 4619 4121 4683 Hanc
4166 4639 4321 4684 con-

2366 4708 2715 4773 fessionem
2742 4707 2906 4789 eripi
2947 4705 3109 4771 mihi
3134 4727 3270 4771 non
3316 4706 3545 4790 patiar,
3590 4707 3647 4770 si
3693 4705 3874 4770 mille
3914 4705 4321 4787 oppetendae

2368 4803 2642 4870 mortes,
2699 4801 2883 4858 tanto
2927 4793 3146 4857 minus
3202 4813 3320 4876 per
3365 4790 3747 4874 blasphema
3791 4790 4020 4856 deliria
4066 4789 4318 4856 Ser-veti.

2541 4879 2729 4956 Quod
2762 4889 2980 4944 autem
3016 4877 3264 4955 scribis,
3312 4878 3487 4943 hunc
3513 4876 3763 4942 Calvisi
3796 4876 4037 4942 librum
4073 4898 4114 4942 a
4147 4877 4319 4942 male

2361 4965 2614 5032 feriatis
2656 4963 3043 5048 quibusdam
3088 4963 3380 5049 sugillari
3427 4973 3544 5027 etc.
3592 4962 3754 5027 mihi
3813 4961 4169 5029 verisimile
4215 4964 4314 5028 vi-

2541 5237 2635 5306 le)
2672 5236 2809 5295 No„
2841 5236 2927 5292 aa
2966 5237 3150 5308 Ama.
3185 5244 3243 5290 ut
3277 5236 3436 5292 habet
3468 5235 3548 5291 ea.
3595 5235 3812 5292 Ριιααα.

2364 5304 4232 5434 ιθθέἒ)ω“ῗιΐηζὲῗέε“”ῧ“ομᾞῆωᾜ“,ξξῖηῖᾟξέηὲ
4265 5305 4319 5358 ⁶¹·
