4850 6200
357 443 470 505 617

355 649 495 696 cum
538 629 827 695 Domino
867 629 1275 697 commenda.
1364 629 1537 696 Nam
1597 639 1776 698 certe
1832 631 2133 715 precibus
2187 628 2299 697 hic

352 736 508 800 opus
550 725 670 795 est,
714 717 771 782 si
813 737 1105 799 unquam
1148 717 1330 782 alias.
1375 751 2108 765 ——————

514 802 761 885 Accepi
797 801 1078 868 Geneva
1114 801 1371 869 Calvisii
1410 802 1641 868 literas
1675 801 1759 869 ad
1805 814 1888 882 te,
1916 807 1967 881 ¹)
2009 803 2299 884 itemque

353 887 509 952 alias
551 885 636 952 ad
679 888 976 972 Anglum
1020 888 1367 972 quendam,
1384 888 1442 975 2)
1485 909 1638 955 cum
1681 889 1905 956 decem
1948 889 2296 966 coronatis,

350 994 512 1057 quae
556 975 777 1039 omnia
820 972 904 1040 ad
947 984 1016 1040 te
1057 974 1268 1040 mitto.
1356 975 1752 1041 Lausannae
1795 976 1930 1060 xiij.
1976 974 2160 1058 Maji.

1132 1268 1271 1276 ——.
1300 1270 1308 1275 .
1350 1270 1537 1277 ——--÷-

1215 1485 1417 1557 22⁰⁶.

819 1638 1294 1707 OALVINUS
1338 1638 1801 1707 FABELLO.

530 1810 659 1877 Vix
699 1832 767 1878 sc
808 1810 1029 1877 habere
1068 1812 1416 1894 dicitquod
1456 1810 1719 1877 scribat.-
1760 1814 2293 1895 queriturtanoen

342 1896 524 1963 libris
567 1897 1327 1964 suisBemaeeoes-ssium
1366 1898 1671 1963 indictum
1712 1903 1769 1963 et
1815 1900 2032 1965 civiles
2075 1901 2293 1966 turbas

347 1982 632 2049 Gemens
661 1985 1011 2069 praesayit.

339 2154 988 2279 525¹..t“..‘⁰⁸2.'⁸¹‹'2¹2²21.⁰1“&
1027 2155 1239 2278 aas
1270 2153 1544 2278 mam}
1564 2153 1968 2296 iifflspffl‘t‘
2001 2163 2293 2280 “⁸⁰34ss

340 2292 518 2346 Turici
564 2308 651 2362 ap.
701 2292 989 2347 Simlerum
1040 2292 1168 2350 Vol.
1211 2292 1297 2347 85.
1344 2320 1409 2330 -
1457 2295 1687 2362 Anglice
1735 2311 1946 2350 versam

1056 2362 1268 2417 Phil-d.
1304 2362 1398 2416 111.
1436 2360 1584 2429 181.)

334 2534 604 2599 Eximio
648 2532 901 2599 Christi
945 2554 1135 2598 servo
1179 2548 1248 2598 et
1289 2534 1423 2599 fido
1468 2535 1935 2600 Neocomensis
1978 2535 2288 2602 ecelesiae

332 2622 580 2702 pastori
616 2618 977 2685 Guillelmo
1013 2618 1277 2684 Farello
1320 2620 1511 2685 fratri
1554 2628 1623 2685 et
1665 2630 2073 2706 symmystae
2117 2622 2286 2686 inte-

1157 2725 1463 2790 gemmo.

504 2858 576 2925 S.
623 2857 763 2923 Gur
788 2857 1063 2924 Sechclio
1097 2866 1321 2923 nostro
1349 2862 1401 2935 ¹)
1438 2859 1607 2924 istuc
1642 2859 2084 2942 proficiscenti
2118 2861 2285 2926 nihil

330 2946 410 3012 ad
457 2954 525 3010 te
568 2942 907 3009 literarum
953 2942 1244 3010 dederim
1289 2965 1374 3009 ex
1417 2965 1495 3010 eo
1539 2944 1883 3030 intelliges,
1942 2947 2072 3012 nisi
2115 2947 2284 3012 forte

327 3033 463 3098 iam
505 3031 841 3098 confessus
887 3040 987 3094 est
1030 3049 1152 3095 sua
1194 3030 1389 3115 culpa
1431 3030 1499 3096 id
1544 3030 1875 3098 accidisse.
1962 3032 2132 3098 Nam
2174 3054 2284 3100 me

326 3120 395 3184 in
442 3129 741 3202 tempore
785 3115 866 3182 de
923 3137 1043 3181 suo
1102 3117 1391 3183 discessu
1433 3139 1565 3183 non
1609 3118 1968 3184 admonuit.
2058 3119 2282 3202 Quum

326 3205 526 3271 simul
549 3203 824 3269 Torneti
858 3203 1117 3270 coenati
1150 3224 1462 3281 essemus,
1504 3204 1783 3270 miratus
1817 3225 1965 3271 sum
2010 3228 2049 3271 a
2082 3225 2285 3272 coena

327 3291 605 3357 audiens
657 3288 972 3373 postridie
1032 3288 1202 3356 velle
1258 3289 1607 3356 discedere.
1696 3289 1831 3356 Sed
1888 3290 2098 3357 facilis
2157 3293 2283 3357 erit

325 3378 561 3462 culpae
602 3374 989 3459 deprecatio,
1035 3376 1188 3458 quia
1229 3397 1361 3441 non
1396 3375 1526 3442 nisi
1562 3374 1778 3442 aridas
1820 3375 2048 3443 literas
2090 3378 2280 3444 tulis-

325 3474 443 3530 set.
535 3461 754 3529 Sicuti
798 3483 977 3527 nunc
1032 3462 1106 3526 in
1165 3462 1385 3545 ampla
1428 3469 1494 3528 et
1536 3463 1722 3529 varia
1777 3463 2055 3529 materia
2105 3462 2278 3543 licet,

323 3548 484 3635 quid
539 3557 770 3614 tamen
826 3547 1110 3614 scribam
1153 3549 1271 3614 vix
1315 3550 1615 3615 occurrit.
1704 3547 2044 3631 Quantam
2088 3548 2281 3616 undi-

323 3657 451 3720 que
517 3634 869 3719 caliginem
938 3635 1124 3700 nobis
1187 3634 1488 3700 offundat
1554 3633 1765 3701 Satan
1829 3635 2045 3702 dicere
2111 3636 2281 3703 nihil

324 3724 583 3789 attinet.
651 3721 851 3787 Domi
895 3742 1000 3786 res
1044 3718 1395 3785 admodum
1439 3722 1762 3787 confusae.
1831 3722 1997 3787 'l'ota
2040 3724 2281 3789 vicinia

323 3809 398 3873 in
441 3830 567 3874 nos
610 3826 884 3873 accensa
928 3816 1047 3884 est,
1106 3818 1173 3871 et
1215 3826 1389 3872 nova
1445 3806 1736 3891 quotidie
1792 3808 2088 3874 fomenta
2140 3810 2279 3893 igni

324 3892 630 3981 augendo
664 3894 1091 3977 ingeruntur:
1136 3894 1322 3976 quasi
1362 3894 1645 3977 improbi
1682 3894 1751 3958 in
1788 3915 1895 3959 me
1929 3894 2280 3961 lacerando

325 4001 565 4065 parum
610 3979 971 4056 insaniant,
1031 3999 1259 4044 eorum
1297 3979 1665 4062 petulantia
1707 3980 1965 4045 acuitur
2007 3979 2163 4045 dum
2207 4002 2278 4048 se

322 4066 708 4150 potentibus
743 4065 1096 4148 gratificari
1134 4064 1381 4129 vident.
1450 4063 1632 4145 Quin
1661 4067 1861 4130 etiam
1894 4066 2081 4133 libris
2114 4068 2278 4133 meis

320 4153 549 4238 palam
591 4150 897 4217 exsilium
942 4151 1157 4233 coepit
1198 4149 1384 4216 edici.
1407 4149 1463 4235 2)
1549 4151 1721 4215 Nam
1777 4154 1964 4236 prius
2020 4153 2277 4238 oblique

321 4239 829 4324 impetebantur.
918 4237 1043 4312 Te,
1102 4237 1193 4300 mi
1238 4236 1521 4316 Far-elle,
1578 4248 1802 4303 sancte
1843 4237 2141 4318 obsecro,
2200 4247 2278 4304 ut

320 4326 395 4390 in
438 4324 744 4409 precibus
801 4323 933 4388 tuis
987 4323 1077 4388 sis
1129 4343 1308 4389 nunc
1362 4323 1712 4407 praecipue
1754 4326 1964 4389 nostri
2006 4345 2275 4390 memor.

320 4410 639 4478 Pluribus
673 4406 1082 4491 supersedeo,
1117 4429 1201 4473 ne
1234 4417 1302 4473 te
1336 4408 1582 4474 frustra
1604 4430 1863 4476 mecum
1884 4412 2274 4477 excruciem.

321 4496 646 4564 Genavae
701 4499 793 4560 15.
838 4494 1004 4560 Maii
1055 4499 1239 4560 1555.

516 4657 529 4661 -
556 4654 725 4662 ..μ-,-

320 4891 510 4975 (ccccl,
544 4889 759 4973 ῌρηισ,
793 4891 987 4959 Lever,
1020 4890 1355 4956 Permanet,
1391 4890 1583 4959 Hump
1652 4906 1731 4961 ey,
1768 4889 2091 4959 Bcaumovoe,
2130 4890 2275 4945 Mul·

314 4960 621 5153 :fug-{05⁸³
637 4962 809 5099 Οιίισιι
923 4957 1786 5097 'assssniuviaeliiofmffiflsa
1824 5026 1977 5094 1958,
2029 5028 2277 5084 Gesonae

529 5166 594 5235 2)
629 5166 773 5232 (Les
805 5166 1078 5229 libertina)

317 5252 429 5307 que
462 5237 545 5291 les
580 5236 813 5291 Boi-nois
845 5237 1070 5291 avoient

319 5306 453 5375 qu’il
486 5322 556 5361 ne
587 5305 769 5359 falloit
840 5306 924 5360 lus
958 5310 1083 5359 tant
1121 5305 1405 5375 imprimet
1448 5303 1517 5357 de
1568 5305 1734 5358 livre·
1779 5309 1836 5357 et
1887 5303 1957 5357 de
1999 5320 2267 5359 commen·

318 5377 506 5430 taires.
577 5373 783 5441 (Rosci
800 5322 879 5431 ¹31.
915 5373 1003 5442 65,
1036 5371 1260 5431 Ranae
1290 5373 1385 5428 VI.
1426 5372 1570 5440 136.)

1154 5172 1351 5221 tenant
1395 5167 1642 5220 occasion
1683 5165 1752 5219 de
1797 5166 1851 5218 la
1896 5171 2272 5221 remontrance

1160 5237 1234 5290 ‘te
1268 5253 1375 5289 aux
1411 5234 1640 5306 deputes
1673 5234 1743 5290 de
1779 5231 2000 5289 Gen'eve
2033 5235 2270 5290 disoient

2160 447 2323 508 1555
2365 442 2564 509 MAI.

2203 2257 2533 2350 &fieri

4225 451 4353 513 618

2573 628 2792 694 Amici
2834 638 2903 694 te
2945 630 3304 713 plurimum
3347 631 3659 698 salutant.
3731 631 4058 699 Dominus
4093 640 4159 701 te
4181 656 4353 702 sem-

2398 735 2521 798 per
2562 724 2769 800 regat,
2814 724 3095 795 tueatur,
3141 717 3502 785 benedicat.
3591 721 3830 784 Amen.

3315 854 3603 922 Ioannes
3646 856 3967 925 Calvinus
4012 867 4178 922 tuus.

2571 1054 2677 1121 De
2718 1058 3053 1123 intestinis
3095 1059 3279 1125 urbis
3321 1068 3588 1127 nostrae
3623 1061 3961 1128 discordiis
3999 1083 4224 1128 vereor
4269 1084 4352 1129 ne

2397 1142 2581 1208 brevi
2649 1143 2907 1209 tristem
2972 1146 3293 1210 nuncium
3359 1145 3606 1213 audias.
3634 1151 3689 1228 ⁸)
3774 1148 3986 1213 Iactat
4044 1149 4218 1213 enim
4279 1169 4351 1214 se

2395 1228 2594 1294 nimis
2637 1227 2975 1295 licentiose
3017 1231 3465 1313 improborum
3507 1233 3710 1299 furor.
3797 1234 3882 1299 In
3924 1245 4158 1300 senatu
4197 1254 4350 1318 gra-

2393 1314 2572 1380 vitas
2613 1315 2751 1381 fere
2794 1315 2993 1381 nulla.

3189 1612 3378 1619 --.-——-
3405 1613 3550 1618 --.-.-

3275 1847 3472 1917 2207.

2947 1998 3309 2068 PAOEUS
3353 2000 3791 2068 OALVINO.

2572 2170 4344 2258 Satisoontortedepaoerestiouenaa,siquidmid

2564 2259 2786 2341 possit,
2840 2258 3146 2339 disputat,
3203 2261 4346 2345 itaratquopactoeamprocurare

2388 2343 3424 2428 velithaudfacileperspeoeeris.

2712 2516 2820 2583 (lh
2854 2515 3191 2585 autographo
3227 2516 3355 2570 Cod.
3385 2516 3588 2570 Gencv.
3629 2515 3742 2583 110,
3777 2517 3869 2572 fol.
3904 2517 4022 2583 42.)

2388 2687 2556 2752 Viro
2614 2687 2742 2752 Dei
2806 2707 3047 2772 magno
3114 2687 3561 2771 singularique
3623 2688 3706 2754 D.
3767 2687 4005 2754 Ioanni
4058 2689 4340 2756 Calvino

2388 2771 2562 2855 apud
2621 2771 3053 2840 Genevenses
3106 2772 3850 2943 offiixtgliuolimfioenfi
3917 2776 4126 2840 amico
4189 2798 4339 2859 per-

2563 3029 2632 3097 S.
2678 3031 2756 3098 P.
2823 3029 3263 3097 Gratissimae
3320 3031 3444 3095 hae
3497 3033 3835 3115 proximae
3866 3037 3915 3109 ¹)
3975 3034 4204 3112 etiam,
4261 3044 4338 3098 ut

2386 3139 2614 3184 omnes
2659 3117 2744 3184 ad
2787 3139 2892 3184 me
2937 3126 3121 3195 tuae,
3177 3115 3452 3183 fuerunt
3509 3118 3772 3197 literae,
3830 3140 3912 3184 ex
3957 3119 4193 3202 quibus
4235 3121 4339 3184 in-

2386 3203 2616 3270 tellexi
2660 3213 2744 3283 te,
2803 3204 2978 3287 quod
3021 3223 3281 3286 semper
3336 3204 3640 3284 iudicavi,
3696 3213 3762 3271 et
3804 3205 4160 3288 prudentia
4202 3206 4339 3272 sin-

2384 3290 2602 3376 gulari
2642 3299 2711 3355 et
2763 3291 3102 3356 fortissimi
3140 3290 3543 3373 maximique
3588 3291 3794 3356 animi
3840 3291 4176 3357 hominem
4222 3312 4339 3356 ne-

2385 3398 2512 3460 que
2546 3376 2821 3444 consilio
2856 3397 3069 3459 neque
3103 3375 3544 3442 consolatione
3567 3376 3866 3443 alicunde
3899 3379 4121 3462 aliqua
4143 3397 4339 3461 egere

2383 3470 2629 3542 nostra,
2674 3483 2876 3546 quum
2913 3460 3091 3527 domi
3134 3459 3292 3527 baec
3334 3462 3457 3528 tibi
3499 3463 3724 3527 omnia
3765 3475 4121 3529 nascantur
4164 3473 4334 3543 tuae,

2382 3568 2460 3614 ao
2517 3570 2634 3614 nos
2685 3549 2759 3614 in
2816 3547 3076 3632 sylvam
3117 3547 3323 3613 veluti
3376 3548 3559 3631 ligna
3613 3568 3897 3632 suesque
3939 3550 4332 3629 Minervam,

2380 3634 2558 3718 quod
2602 3634 2859 3712 dicitur,
2918 3653 3120 3716 quum
3176 3633 3384 3698 istaec
3428 3654 3640 3717 nuper
3683 3632 3767 3698 ad
3809 3643 3894 3699 te.
3983 3633 4175 3716 Quod
4219 3656 4336 3719 op-

2381 3722 2543 3786 timo
2607 3727 2784 3786 certe
2846 3718 3110 3803 quidem
3189 3717 3781 3801 candidissimoque
3847 3721 4065 3785 animo
4130 3740 4335 3804 quum

2380 3808 2551 3874 scias
2584 3828 2704 3872 nos
2747 3806 2995 3883 fecisse,
3039 3824 3174 3868 non
3210 3806 3453 3888 poterit
3487 3805 3650 3869 mihi
3687 3826 3831 3871 esse
3866 3805 4136 3871 dubium
4175 3809 4335 3890 quin

2381 3900 2451 3958 et
2507 3893 2671 3957 haec
2728 3900 2797 3958 et
2852 3891 2983 3956 alia
3037 3891 3111 3954 in
3168 3890 3506 3956 meliorem
3565 3911 3827 3974 semper
3889 3892 4335 3975 optimamque

2378 3987 2634 4063 partem
2677 3978 3236 4060 interpretaturus
3280 3977 3371 4042 sis
3417 3987 3484 4041 et
3528 3987 3934 4061 accepturus,
3995 3998 4161 4062 quae
4222 3990 4334 4043 tua

2587 4200 2644 4266 3)
2683 4200 2805 4255 Hoc
2838 4201 2961 4267 ipso
2995 4199 3085 4254 dic
3259 4201 3393 4257 haec
3425 4216 3511 4268 ep.
3548 4202 3757 4269 scripta
3792 4206 3871 4255 esi
3915 4200 4111 4255 seditio
4155 4202 4332 4254 maior

2577 4286 2822 4340 unquam
2856 4275 3021 4323 antea
3159 4269 3222 4323 ia
3254 4277 3408 4326 nocte
3441 4275 3634 4323 coorta
3666 4277 3759 4323 est.
3812 4268 3940 4323 Ian
3958 4286 4026 4322 m.
4057 4269 4331 4326 Ianuario

2379 4287 2788 4395 ῗῖΐνϋηοηιι
2833 4339 3009 4403 factio
3053 4345 3246 4393 contra
3296 4341 3679 4394 consistorum
3722 4338 3843 4392 eius
3988 4340 4078 4393 ius
4123 4355 4329 4394 acon·-

2378 4409 2768 4463 amicationis
2814 4409 3034 4480 matiqi
3086 4409 3358 4475 negotium
3411 4409 3727 4474 secesserat.
3924 4422 4021 4462 em
4076 4423 4218 4477 pars
4267 4410 4331 4462 in

2379 4477 2725 4532 auctionibus
2771 4477 3023 4544 superior
3070 4478 3259 4543 evasit,
3305 4477 3402 4531 sed
3442 4491 3687 4532 erucem
3731 4474 4017 4530 Gallorum
4071 4492 4331 4531 numerus

2377 4547 2577 4616 quam
2611 4546 2703 4599 ius
2735 4546 2975 4600 civitatis
3003 4545 3249 4615 Quotidie
3265 4545 3670 4610 concedebatur,
3706 4546 3868 4600 alta-i
3898 4545 4053 4599 baem
4088 4547 4331 4601 movebat

2379 4620 2432 4668 ct
2465 4616 2760 4684 aegerrime
2800 4614 3048 4678 ferebant
3095 4614 3243 4682 quod
3286 4615 3350 4668 in
3398 4614 3570 4670 locum
3622 4613 3784 4681 Gasp.
3829 4612 4017 4667 Favrs
4061 4619 4113 4668 ct
4158 4614 4210 4669 Ι.
4254 4613 4327 4668 Β.

2382 4681 2515 4750 Sept
2560 4684 2624 4737 in
2657 4688 2906 4736 senam
2939 4683 3183 4749 cooptati
3224 4682 3439 4748 fuerim
3472 4682 3556 4737 Io.
3604 4681 3935 4736 Baudiehon
3970 4681 4038 4735 de
4082 4682 4139 4736 la
4176 4683 4326 4737 Mai-

2377 4766 2650 4807 sonaeuvs
2698 4757 2752 4805 ot
2803 4749 2889 4805 10.
2927 4749 3130 4805 Perstet
3178 4750 3412 4806 Perrino
3579 4767 3631 4804 m
3677 4752 3913 4804 mxime
3961 4753 4129 4806 amosi.
4208 4749 4328 4819 Quo

2376 4825 2570 4874 autore
2607 4818 2795 4888 pridie
2843 4817 2982 4872 Idus
3028 4818 3182 4873 Maio·
3213 4819 3277 4873 H
3397 4821 3407 4831 '
3514 4818 3592 4873 du
3639 4818 3881 4880 Molard,
3928 4820 4229 4876 limmat
4260 4820 4329 4875 dc

2375 4890 2435 4944 la
2455 4886 2677 4956 justice,
2710 4890 2931 4943 motui
2953 4889 3246 4957 proposuit
3266 4895 3329 4943 ut
3345 4887 3592 4943 Ducenii
3621 4888 4030 4943 consumentur
4062 4890 4129 4944 de
4273 4906 4324 4944 e·

2373 4958 2755 5083 mi*
2783 4964 3065 5095 wa
3097 4972 3349 5080 m...-
3312 4905 4326 5083 ssssavzwpzssxsffiz

2474 5103 2627 5151 atum
2659 5095 2787 5162 fuit.
2837 5095 2992 5151 Haec
3091 5097 3136 5149 it
3167 5096 3382 5149 occasio
3413 5094 3703 5148 seditionis
3735 5093 3804 5148 dc
3835 5110 3946 5164 quo
3980 5111 4105 5150 nox
4136 5097 4322 5165 plum.

2370 5165 2396 5231 (
2521 5206 2535 5219 .
2572 5165 2627 5220 d.
2667 5164 2900 5232 Caussa,
2934 5164 3156 5220 Ruehat
3192 5163 3283 5218 vl.
3321 5162 3422 5217 136
3458 5178 3533 5217 ss.
3572 5162 3740 5231 Spon.
3775 5162 3818 5217 1.
3862 5161 3983 5218 296.
4033 5164 4324 5221 Bonivard

2372 5233 2560 5290 Polion
2583 5250 2648 5304 p.
2684 5232 2804 5288 127.
2889 5233 3119 5289 Gabeni
3161 5232 3205 5286 1.
3247 5231 3390 5299 432.)
3484 5229 3596 5300 Qui
3643 5231 3753 5285 duo
3791 5234 4120 5300 posteriores
4174 5235 4324 5300 falso

2368 5303 2684 5359 seditionem
2719 5303 2799 5358 ad
2832 5301 2916 5356 18.
2953 5303 3107 5357 Maii
3137 5302 3397 5368 referunt.

2368 5371 2559 5428 2207.
2580 5372 2642 5438 1)
2679 5371 2756 5428 N.
2788 5370 2942 5426 2135.
