4850 6200
475 439 606 505 183
2135 431 2600 502 EPIS'POLA
2648 431 2810 497 1983
3460 461 3469 470 ·
4370 436 4488 541 l84

483 628 594 693 (10.
632 645 666 681 a
693 627 864 682 Lateo
886 624 1023 695 Opp.
1062 625 1144 679 ed.
1176 625 1266 678 ΚΠ
1346 639 1422 677 er.
1445 622 1520 677 11·
1554 622 1655 678 703
1730 626 1784 677 ni
1822 623 2125 704 desumpsit
2159 641 2227 677 ex
2259 624 2435 677 libro,-
2484 628 2489 695 1
2710 620 3013 685 Primum
3051 619 3261 703 igitur
3315 622 3381 685 in
3439 640 3516 685 00
3559 620 3928 697 haeremus,
3985 641 4148 686 num
4190 619 4491 688 doctrina

607 695 969 752 Frankfnrter
1004 694 1302 764 Religions·
1359 691 1666 761 andlangen
1739 690 1858 747 735.
1897 692 1941 746 I.
1977 693 2118 746 Beil.
2153 690 2300 752 290.)
2484 702 2489 717 ⁴
2539 726 2705 789 quae
2737 706 2886 771 istie
2922 704 3203 770 traditur
3237 707 3325 770 git
3358 727 3489 771 una
3522 726 3791 789 prorsus
3834 714 4033 790 atque
4066 705 4293 771 eadem
4336 727 4490 772 oum

2538 798 2765 857 vestra
2808 790 3096 873 adeoque
3131 801 3200 857 et
3232 800 3474 869 nostra,
3522 792 3802 877 denique
3836 802 3904 857 et
3939 812 4163 858 eorum
4198 796 4491 875 ipsorum

659 883 976 966 Legimus
1032 880 1258 945 literas
1315 880 1520 946 latine
1573 880 1763 946 nobis
1821 878 2139 959 redditae,
2199 880 2437 944 fratres
2541 878 2654 963 qui
2708 875 2791 941 ad
2837 895 2957 942 vos
3000 877 3410 960 scripserunt
3465 877 3745 944 fratrum
3797 875 4112 957 doctrina,
4170 890 4289 942 aut
4328 900 4491 944 num

485 971 555 1035 in
611 967 896 1033 Domino
956 965 1560 1043 observandissimi‚
1628 987 1792 1049 quas
1857 964 1939 1029 ad
2005 985 2126 1030 vos
2181 960 2433 1048 pridem
2541 963 2856 1028 eiusmodi
2917 962 3055 1029 sint
3109 971 3176 1027 et
3229 964 3378 1028 istic
3437 963 3706 1031 dissidia
3759 964 4089 1030 doctrinae
4145 972 4221 1028 ut
4262 985 4491 1029 eorum

485 1064 556 1121 et
580 1052 1054 1131 Genevensis¹)
1079 1063 1146 1116 et
1163 1052 1660 1117 Lausannensis
1682 1051 2102 1118 ecclesiarum
2127 1049 2434 1129 ministri,
2484 1064 2491 1131 ξ
2539 1050 2803 1115 nomine
2839 1048 3287 1129 traducantur,
3331 1049 3838 1133 proscinduntur
3879 1068 3955 1114 ac
3990 1049 4150 1115 diris
4184 1051 4491 1118 omnibus

489 1158 866 1207 communes
909 1140 1113 1202 nostri
1160 1140 1415 1215 fratres,
1477 1138 1896 1219 scripserunt,
1956 1136 2437 1221 probamusque
2486 1150 2489 1159 ·
2541 1134 2991 1202 devoveantur
3049 1156 3272 1201 omnes
3331 1136 3444 1218 qui
3496 1136 3577 1201 ab
3635 1136 3891 1219 hospite
3948 1146 4165 1201 vestra
4219 1136 4493 1203 ecclesia

487 1225 912 1293 vehementer
968 1221 1141 1305 quod
1195 1223 1460 1287 illorum
1519 1222 1698 1288 vobis
1756 1224 2026 1289 consilio
2079 1222 2148 1287 in
2216 1229 2436 1287 vestra
2484 1162 2491 1295 i
2540 1220 2939 1285 dissentiunt
2984 1219 3117 1285 ullo
3162 1221 3371 1287 mode.
3453 1220 3645 1302 Quod
3691 1222 3744 1287 si
3790 1228 4014 1286 vestra
4057 1221 4354 1286 doctrina
4397 1223 4492 1288 ita

489 1331 666 1377 nunc
710 1330 907 1374 causa
951 1307 1266 1373 utendum
1312 1329 1453 1374 esse
1497 1309 1916 1391 putaveritis:
1976 1308 2088 1374 sed
2129 1328 2436 1372 veremur
2484 1310 2491 1385 ξ
2540 1317 2639 1371 est
2682 1307 2902 1371 invisa
2944 1306 3106 1382 istic,
3154 1315 3230 1369 ut
3262 1305 3583 1384 audimus,
3630 1315 3697 1372 et
3739 1307 3890 1372 alibi
3928 1306 4168 1389 alioqui
4201 1309 4490 1373 invisam

489 1419 574 1463 ne
607 1415 742 1461 non
779 1396 939 1461 satis
972 1395 1106 1459 illis
1142 1395 1593 1477 expresseritis
1627 1415 1846 1459 rerum
1883 1395 2031 1459 istic
2067 1404 2437 1458 vestrarum
2484 1396 2491 1487 ξ
2541 1413 2682 1457 esse
2746 1391 3026 1457 nimium
3092 1394 3249 1457 satis
3302 1394 3556 1477 experti
3615 1414 3845 1458 sumus
3905 1391 4168 1477 (nempe
4226 1404 4296 1458 ut
4354 1415 4489 1458 non

487 1484 782 1549 omnium
825 1481 1078 1558 faciem,
1136 1489 1455 1564 quantum
1510 1479 1770 1563 quidem
1830 1500 1912 1544 ex
1957 1501 2180 1545 eorum
2226 1479 2436 1544 literis
2484 1492 2489 1507 ¹
2541 1477 2844 1543 admissis
2889 1477 3041 1542 ullis
3085 1479 3354 1544 omnino
3400 1479 3735 1562 colloquiis
3771 1499 3892 1563 pro
3937 1478 4290 1561 deploratis
4332 1480 4491 1545 hae-

485 1589 832 1653 possumus
877 1565 1182 1632 iudicare.
1259 1567 1561 1631 Primum
1597 1567 1773 1631 enim
1809 1568 2190 1630 existimant
2231 1585 2434 1629 unam
2540 1564 2763 1629 reticis
2843 1561 3125 1628 habendi
3203 1564 3382 1644 sitis,
3462 1565 3519 1630 si
3584 1565 3918 1631 doctrinae
3983 1565 4130 1630 istic
4190 1578 4491 1648 receptae

485 1662 679 1737 atque
742 1651 1018 1719 eandem
1075 1672 1216 1717 esse
1269 1661 1336 1717 et
1391 1660 1680 1718 vestram
1740 1666 1807 1715 et
1851 1651 2123 1734 hospitis
2183 1660 2435 1715 vestrae
2484 1636 2491 1767 ἱ
2541 1649 2846 1715 assentiri
2890 1650 3189 1731 protinus
3234 1649 3507 1725 nolitis),
3569 1659 3712 1715 tum
3757 1672 3879 1716 nos
3923 1671 4081 1717 sane
4125 1673 4259 1715 non
4306 1648 4489 1717 vide·

487 1740 794 1805 ecclesiae
838 1737 1222 1816 doctrinam,
1268 1746 1383 1803 aut
1425 1738 1478 1803 si
1524 1737 1677 1820 quid
1722 1747 1821 1802 est
1865 1736 2114 1801 dissidii
2154 1735 2222 1800 id
2263 1735 2436 1801 eius-
2484 1776 2491 1821 3
2540 1756 2686 1800 mus
2729 1757 2856 1818 quo
2904 1743 3090 1819 pacto
3125 1735 3271 1801 istic
3306 1746 3454 1802 tuta
3486 1736 3817 1820 liberaque
3846 1746 4069 1802 vestra
4095 1738 4493 1803 conscientia

491 1825 668 1890 modi
727 1845 857 1889 non
923 1844 1064 1887 esse
1121 1832 1195 1887 ut
1249 1843 1366 1889 vos
1423 1824 1710 1889 invicem
1766 1822 1878 1888 alii
1944 1823 2104 1888 alios
2169 1832 2435 1905 propter
2538 1821 2975 1904 incolumique
3020 1821 3349 1887 doctrinae
3395 1831 3651 1887 vestrae
3696 1823 4120 1899 confessione,
4168 1844 4299 1887 non
4346 1822 4493 1890 dico

489 1910 653 1975 illud
717 1910 889 1974 ferre
954 1929 1084 1973 non
1140 1908 1445 1975 debeatis.
1549 1908 1805 1974 Deinde
1861 1910 1917 1974 si
1971 1930 2135 1991 quae
2192 1929 2310 1972 vos
2367 1908 2436 1972 in
2540 1907 2876 1973 ecclesiam
2946 1918 3232 1972 vestram
3293 1908 3665 1984 instituere,
3733 1907 3848 1973 sed
3912 1909 4225 1993 privatim
4291 1910 4485 1973 etiam

491 1997 765 2078 receptis
809 1995 952 2059 istis
994 1995 1229 2059 ritibus
1272 2015 1526 2077 quoquo
1570 1994 1761 2059 modo
1797 1994 2141 2060 offendunt
2185 2015 2264 2059 ea
2297 2014 2435 2057 om·
2539 2014 2805 2058 manere
2870 1994 3150 2076 possitis.
3264 1992 3412 2074 Quo
3484 2004 3672 2077 pacto
3739 1994 3913 2058 enim
3981 1994 4487 2060 ecclesiasticam

487 2084 600 2146 nia
643 2081 724 2145 ad
771 2080 1098 2163 quandam
1143 2081 1593 2146 infirmitatem
1655 2082 1882 2145 referri
1930 2079 2180 2157 nolunt,
2237 2100 2434 2162 quam
2538 2099 2765 2143 eorum
2812 2079 3191 2145 societatem
3236 2078 3343 2144 vel
3388 2080 3727 2161 expetatis,
3784 2079 4077 2157 obsecr0,
4140 2081 4243 2145 vel
4290 2082 4487 2145 etiam

487 2168 669 2235 vobis
715 2167 952 2248 alioqui
1009 2165 1462 2250 perferendam
1521 2188 1662 2231 esse
1716 2176 2002 2232 censent.
2091 2166 2435 2230 Postremo
2538 2166 2904 2247 agnoscatis
2946 2174 3061 2228 aut
3104 2162 3348 2242 feratis,
3392 2167 3503 2247 qui
3548 2186 3664 2230 vos
3699 2163 3925 2230 audire
3961 2187 4092 2230 non
4130 2166 4489 2249 dignentur

487 2253 908 2330 arbitrantur,
952 2273 1069 2317 vos
1112 2272 1231 2336 pro
1267 2253 1545 2334 privatis
1580 2253 1901 2318 duntaxat
1937 2250 2246 2317 membris
2283 2252 2433 2316 hos·
2536 2262 2605 2313 et
2649 2249 2806 2315 diris
2850 2271 3007 2315 mox
3048 2252 3350 2315 omnibus
3394 2249 3788 2331 devoveant,
3846 2252 3975 2316 nisi
4013 2250 4143 2316 illis
4186 2252 4490 2335 protinus

488 2339 645 2422 pitis
709 2338 1016 2404 ecclesiae
1082 2338 1416 2404 habendos
1481 2360 1653 2416 esse,
1718 2338 1954 2420 quibus
2019 2337 2212 2420 plura
2276 2357 2459 2401 sane·
2536 2338 2603 2399 in
2668 2334 3161 2401 condemnanda
3216 2344 3438 2402 vestra
3496 2337 3785 2419 ipsorum
3832 2337 4127 2402 doctrina
4171 2340 4489 2403 assentia-

488 2432 645 2491 sunt
704 2422 1107 2507 perferenda,
1162 2445 1434 2507 peregre
1479 2426 1896 2507 praesertim,
1957 2443 2152 2506 quam
2211 2424 2266 2487 si
2320 2423 2431 2504 qui
2536 2421 2719 2497 mini,
2782 2429 2895 2486 aut
2953 2428 3127 2488 certe
3187 2443 3298 2487 vos
3354 2423 3657 2487 assentiri
3701 2422 4068 2489 simuletis?
4158 2423 4487 2506 Equidem

487 2513 559 2574 in
627 2510 881 2592 publico
941 2511 1247 2575 ecclesiae
1313 2510 1676 2575 ministerio
1741 2520 2109 2576 versentur.
2214 2510 2431 2590 Atque
2536 2507 2703 2571 nihil
2740 2506 3111 2572 dubitamus
3147 2507 3340 2571 aliter
3374 2507 3567 2591 longe
3614 2507 3695 2573 ad
3742 2530 3855 2575 vos
3890 2510 4093 2575 fuisse
4129 2512 4491 2593 scripturos

490 2598 584 2659 ita
625 2596 883 2660 demum
942 2616 1058 2660 vos
1104 2595 1453 2660 hortantur
1497 2596 1578 2660 ad
1622 2597 1914 2661 omnium
1962 2597 2105 2661 istic
2149 2596 2432 2659 toleran-
2538 2594 2774 2657 fratres
2833 2593 2978 2658 illos
3033 2614 3411 2659 communes
3466 2604 3750 2671 nostros,
3819 2596 3873 2660 si
3932 2593 4089 2679 quid
4148 2596 4343 2659 huius
4404 2618 4487 2659 ex

489 2684 646 2746 tiam
691 2700 838 2746 cum
885 2682 1064 2746 omni
1108 2682 1428 2747 modestia
1481 2684 1926 2759 coniunctam,
1992 2702 2074 2746 ne
2117 2702 2155 2746 a
2198 2680 2434 2763 quibus
2538 2678 2777 2744 vestris
2821 2679 3029 2744 literis
3070 2679 3570 2745 intellexissent.

491 2768 768 2850 benigne
835 2768 1114 2849 hospitio
1169 2769 1424 2849 excepti
1476 2769 1634 2833 estis
1691 2769 1772 2834 ab
1829 2770 1907 2833 iis
1967 2767 2230 2832 demum
2284 2766 2435 2831 data
2708 2763 2962 2830 Deinde
2999 2787 3304 2831 veremur
3339 2766 3537 2830 etiam
3582 2786 3665 2830 ne
3699 2763 3868 2848 quod
3904 2766 4139 2831 fratres
4173 2767 4270 2831 illi
4315 2769 4489 2832 circa

488 2853 618 2917 illis
651 2874 768 2935 per
801 2863 1092 2918 vestram
1129 2855 1560 2917 temeritatem
1594 2857 1927 2920 occasione
1954 2853 2433 2936 propellamini,
2537 2849 2781 2916 rituum
2849 2852 3237 2917 varietatem
3304 2851 3386 2915 ad
3451 2853 3902 2917 infirmitatem
3978 2853 4305 2936 quandam
4370 2874 4492 2936 pro

491 2948 563 3003 ut
607 2939 903 3003 homines
946 2936 1239 3003 seditiosi
1294 2947 1361 3001 et
1405 2939 1730 3003 societatis
1773 2940 2244 3006 ecclesiasticae
2288 2960 2435 3021 per·
2483 2960 2487 2971 ·
2540 2958 2659 3002 sua
2701 2936 3020 3003 modestia
3063 2938 3380 3013 referunt,
3439 2959 3604 3020 quae
3663 2960 3702 3002 a
3758 2938 3946 3004 vobis
4000 2938 4298 3004 videlicet
4340 2959 4491 3022 per-

492 3025 877 3090 turbatores.
2540 3022 2696 3088 ferri
2724 3021 2973 3100 debeat,
3021 3022 3088 3087 id
3126 3026 3290 3088 forte
3327 3022 3410 3088 ad
3446 3023 3866 3106 pertinaciam
3905 3025 4118 3108 potius
4152 3046 4300 3091 eum
4322 3026 4493 3090 mira

659 3110 846 3174 Haec
889 3108 1076 3174 nobis
1131 3129 1387 3174 summa
1443 3129 1669 3174 eorum
1726 3132 1867 3176 esse
1921 3112 2211 3187 videtur,
2272 3131 2438 3193 quae
2541 3108 2820 3189 quadam
2872 3111 3250 3194 arrogantia
3307 3121 3372 3175 et
3435 3111 3847 3192 gravissimis
3899 3123 4236 3194 praeterea
4289 3113 4490 3177 etiam

495 3199 562 3259 in
619 3195 832 3260 literis
889 3196 1166 3259 fratrum
1222 3195 1485 3260 illorum
1555 3203 1931 3261 nostrorum
1997 3197 2439 3262 communium
2542 3192 2954 3276 praeiudiciis
2997 3197 3406 3260 coniunctam
3454 3196 3680 3259 referri
3724 3217 3859 3261 non
3900 3198 4227 3262 immerito
4264 3200 4488 3280 possit.

497 3281 842 3357 habentur,
866 3280 948 3344 ad
972 3301 1169 3362 quam
1194 3280 1442 3363 reliqua
1464 3283 1684 3347 omnia
1703 3284 1932 3347 referri
1957 3282 2145 3348 facile
2167 3282 2436 3364 possint.
2542 3279 2691 3344 Non
2748 3291 2846 3344 est
2901 3281 3306 3346 infirmitatis
3361 3280 3545 3345 nulla
3602 3281 3919 3365 colloquia
3976 3283 4318 3365 nullasque
4373 3283 4491 3347 ad-

493 3367 629 3431 Nos
668 3385 858 3448 porro
901 3374 1273 3450 optaremus
1319 3366 1399 3431 ad
1436 3387 1587 3433 eum
1618 3389 1688 3433 se
1721 3371 1868 3433 istic
1901 3369 2165 3433 modum
2200 3367 2442 3432 habere
2542 3367 2937 3431 monitiones
2996 3365 3344 3430 admittere
3402 3364 3588 3445 velle,
3649 3376 3843 3451 atque
3888 3369 3967 3433 iis
4012 3390 4147 3433 non
4188 3369 4491 3434 admissis

493 3452 740 3526 omnia,
807 3453 890 3516 ad
948 3472 1143 3534 quem
1203 3452 1469 3518 modum
1522 3457 1782 3533 fratres,
1852 3467 1923 3519 ut
1977 3463 2276 3538 apparet,
2341 3451 2438 3516 illi
2541 3473 2768 3517 omnes
2826 3473 2983 3534 prae
3035 3473 3107 3517 se
3166 3461 3583 3517 contemnere
3643 3474 3718 3519 ac
3762 3451 4101 3519 devovere.
4192 3454 4375 3536 Quin
4424 3467 4491 3519 et

495 3538 717 3603 omnia
760 3559 830 3602 se
873 3538 1114 3604 habere
1155 3549 1407 3622 putant,
1454 3549 1521 3604 et
1563 3542 1620 3606 si
1663 3563 1767 3606 res
1801 3544 1895 3606 ita
1939 3563 2006 3606 se
2049 3541 2196 3605 istic
2242 3538 2440 3604 habe-
2540 3540 2614 3603 in
2694 3537 3054 3603 retinendis
3131 3536 3752 3622 propugnandisque
3831 3539 4149 3605 eiusmodi
4232 3539 4489 3618 ritibus,

495 3633 660 3701 rent,
706 3623 962 3689 nullum
1007 3645 1163 3690 sane
1206 3625 1395 3690 vobis
1438 3624 1616 3691 aliud
1659 3628 1855 3691 etiam
1900 3626 2235 3692 consilium
2283 3623 2441 3690 dare
2541 3646 2701 3708 quos
2760 3623 2942 3690 verbi
3008 3621 3215 3689 divini
3273 3624 3623 3689 autoritate
3673 3646 3808 3689 non
3876 3624 4018 3691 dico
4080 3626 4490 3708 comprobari

497 3710 620 3776 hac
680 3712 752 3774 in
797 3721 981 3792 parte
1036 3732 1392 3795 possemus.
1483 3712 1618 3777 Sed
1662 3734 1864 3794 quum
1925 3712 2052 3778 alia
2108 3711 2301 3796 longe
2358 3708 2444 3776 ad
2541 3712 2655 3777 sed
2715 3731 2799 3775 ne
2854 3710 3156 3775 excusari
3202 3708 3463 3792 quidem
3524 3709 3656 3774 ullo
3714 3709 3905 3776 modo
3971 3731 4157 3794 posse
4210 3721 4490 3788 constat,

497 3817 614 3860 nos
666 3796 861 3860 istinc
906 3807 972 3861 et
1005 3796 1268 3879 quidem
1304 3818 1420 3881 per
1461 3809 1715 3863 vestros
1756 3799 1991 3864 fratres
2041 3798 2439 3874 adferantur,
2540 3801 2671 3863 imo
2717 3818 2871 3862 vero
2913 3816 3031 3878 per
3064 3817 3223 3878 quos
3267 3796 3477 3862 lucem
3515 3795 3840 3880 evangelii
3876 3796 4093 3879 palam
4137 3798 4492 3876 obscurari,

495 3901 658 3962 quae
702 3882 888 3946 nobis
930 3883 1000 3946 in
1043 3903 1240 3948 causa
1282 3893 1440 3948 sunt
1485 3893 1557 3949 ut
1592 3886 1660 3948 in
1697 3883 2114 3967 approbanda
2157 3885 2439 3949 fratrum
2488 3909 2493 3924 ·
2543 3890 2844 3949 naturam
2889 3902 2964 3947 ac
3007 3881 3392 3964 dignitatem
3438 3881 3785 3947 sacerdotii
3807 3882 4058 3947 Christi
4092 3882 4490 3960 labefactari,

499 3967 758 4030 illorum
813 3969 924 4049 qui
984 3966 1067 4031 ad
1123 3990 1238 4034 vos
1297 3971 1698 4052 scripserunt
1756 3972 2080 4036 sententia
2137 3968 2439 4035 nonnihil
2542 3969 3075 4053 superstitionem
3142 3966 3221 4032 ad
3297 3966 3735 4033 idololatriam
3800 3976 4205 4051 spectantem
4271 3970 4357 4034 ali
4426 3983 4494 4034 et

495 4055 763 4116 haerere
816 4065 882 4117 et
937 4055 1241 4138 graviora
1293 4056 1440 4121 istic
1496 4067 1784 4122 metuere
1838 4077 2167 4141 cogamur,
2223 4057 2441 4122 visum
2540 4057 2838 4138 puriores
2882 4053 3187 4121 ecclesias
3232 4055 3300 4119 in
3359 4075 3596 4133 graves
3654 4054 4053 4138 suspiciones
4110 4057 4329 4121 vocari
4390 4059 4492 4118 vi-

497 4145 597 4202 est
639 4160 761 4202 vos
798 4138 1227 4220 quorundam,
1282 4148 1704 4225 posteaquam
1765 4151 2054 4209 nostram
2094 4143 2292 4207 etiam
2337 4162 2441 4207 re·
2540 4140 2786 4218 demus,
2832 4141 2903 4203 in
2944 4139 3324 4219 retinendis,
3368 4141 3655 4224 inquam,
3702 4161 3778 4207 ac
3813 4139 4305 4225 propugnandis
4340 4162 4495 4207 eum

497 4224 756 4306 quiritis
799 4226 1210 4303 sententiam,
1271 4229 1493 4310 paucis
1550 4227 1897 4294 admonere
1940 4231 2011 4293 in
2056 4230 2329 4294 caritate
2372 4235 2441 4293 et
2541 4225 2936 4312 praeiudicio
2999 4224 3363 4291 istiusmodi
3427 4226 3567 4292 sive
3629 4227 3779 4293 istic
3835 4227 3976 4293 sive
4027 4227 4183 4293 alibi
4234 4228 4493 4306 ritibus,

495 4308 796 4375 libertate
831 4310 1202 4390 christiana,
1240 4322 1315 4377 ut
1348 4333 1420 4378 re
1455 4314 1689 4379 melius
1725 4333 1999 4380 excussa
2035 4335 2150 4380 vos
2175 4313 2438 4380 demum
2543 4314 2870 4379 nescimus
2925 4331 3013 4376 an
3070 4311 3472 4377 infirmitatis
3509 4313 3612 4391 sit,
3673 4311 3923 4377 nullam
3967 4312 4234 4377 omnino
4275 4314 4493 4397 impu-

493 4396 617 4479 ipsi
657 4396 1076 4480 perpendatis
1118 4398 1272 4482 quid
1317 4400 1500 4465 vobis
1537 4400 1801 4464 tandem
1847 4399 2253 4482 sequendum
2296 4419 2441 4465 esse
2542 4399 2804 4464 ritatem
2847 4396 3017 4463 velle
3059 4417 3318 4482 quoquo
3377 4397 3570 4463 modo
3629 4418 4012 4483 agnoscere,
4071 4419 4146 4464 ac
4189 4419 4275 4464 ne
4319 4400 4493 4465 ferre

493 4483 817 4560 statuatis,
863 4504 982 4566 pro
1025 4504 1101 4549 eo
1137 4506 1210 4550 ac
1245 4484 1546 4550 videritis
1581 4507 1740 4551 num
1778 4507 1934 4551 vera
1970 4485 2051 4550 ad
2086 4506 2205 4551 nos
2238 4485 2439 4551 istinc
2542 4483 2803 4569 quidem
2837 4483 2973 4548 ullo
3018 4481 3208 4549 modo
3248 4490 3322 4549 ut
3355 4484 3698 4566 quisquam
3734 4483 3900 4550 alius
3936 4482 4116 4549 illam
4160 4503 4493 4568 agnoscat,

493 4571 920 4651 perferantur.
2541 4579 2734 4655 atque
2790 4590 3019 4636 omnes
3076 4567 3237 4634 adeo
3303 4569 3638 4636 fanatismi
3700 4571 3916 4636 nescio
3984 4571 4172 4637 cuius
4233 4569 4493 4654 publice

2541 4656 2980 4724 condemnare
3036 4655 3407 4740 quicunque
3448 4655 3600 4721 illas
3642 4677 3777 4720 non
3812 4655 4084 4740 perinde
4127 4657 4493 4722 refluerent

495 4761 782 4769 ·-”-··“
847 4762 888 4768 ”
2540 4764 2615 4809 ac
2660 4746 3165 4826 propugnarent.
3242 4741 3427 4807 Haec
3469 4760 3628 4807 sane
3672 4741 3860 4807 nobis
3902 4753 4091 4807 extra
4132 4742 4345 4807 omnis
4386 4743 4493 4808 in-

494 4875 669 4929 1088.
699 4874 758 4940 1)
799 4876 874 4932 N.
924 4873 1079 4930 1929.
1151 4875 1580 4932 Lamoennenses
1625 4894 1802 4934 mense
1851 4878 2037 4948 Aprili
2086 4881 2437 4950 scripserant.
2540 4830 2870 4894 firmitatis
2912 4834 3116 4927 quta’
3171 4847 3337 4910 quae
3368 4847 3434 4925 .⁸'
3494 4827 3676 4893 vohis
3716 4828 3983 4911 ‘laidem
4025 4828 4173 4927 iStio
4213 4828 4491 4912 perferri

499 4943 582 5009 Of.
633 4943 860 5000 Wolters
905 4945 1030 5016 Res.
1079 4943 1270 5001 Genea.
1315 4962 1367 5000 υ.
1427 4946 1600 5002 Wml
1639 4963 1698 5016 p.
1744 4946 1861 5001 167.
1954 4946 2064 5016 ρας
2104 4950 2184 5004 ,εο
2218 4950 2437 5004 mig,
2541 4913 2792 4992 debeat,
2852 4921 3062 4998 posita
3117 4931 3260 4979 esse
3314 4911 3657 4991 videntur,
3700 4933 3929 5014 ,neque
3986 4912 4172 5013 yobls
4229 4922 4495 4980 autores

497 5012 611 5066 wir
643 5012 821 5068 haben
857 5031 956 5067 uns
990 5015 1096 5068 den
1135 5015 1390 5086 Vorgang
1433 5015 1578 5070 wohl
1622 5032 1684 5070 so
1729 5034 1796 5070 ιιι
1841 5018 2057 5072 denken
2108 5019 2232 5072 dass
2279 5018 2440 5073 beide
2540 5021 2684 5068 8880
2719 4999 3035 5067 vellemus
3069 5006 3146 5064 ut
3179 4997 3381 5063 ullam
3416 5019 3568 5065 oum
3601 4997 3844 5066 talibus
3876 5008 4251 5066 meletatum
4285 5000 4493 5067 eoele-

495 5080 839 5146 Geminum,
876 5082 965 5136 dio
999 5083 1361 5150 wallonisoho,
1397 5085 1501 5138 wie
1535 5085 1624 5138 dio
1659 5093 1992 5155 sogemnnte
2026 5087 2314 5158 englhohe,
2348 5087 2441 5143 die
2540 5089 2888 5164 siasticam,
2945 5105 3077 5151 non
3130 5083 3275 5150 dico
3318 5084 3627 5152 ecclesiae
3667 5087 3816 5152 istic
3857 5095 4117 5153 nostrae
4156 5085 4345 5152 iuxta
4386 5106 4492 5151 re-

493 5150 1152 5275 3332332‘1'50355'ffl.
1189 5168 1308 5292 {3²30
1337 5153 2441 5298 attractata.gustatas&
2541 5183 2763 5258 oevwe
2806 5172 2973 5237 ritus
3006 5170 3432 5250 institutione,
3477 5169 3593 5239 sed
3636 5170 3772 5238 una
3813 5172 4013 5272 een}
4047 5169 4308 5254 vubuoa
4340 5191 4491 5256 pro·

495 5287 652 5369 seitig
685 5287 1014 5356 mitgetheilt
1045 5289 1244 5361 haben,
1277 5291 1378 5346 wie
1413 5291 1492 5346 sie
1526 5290 1673 5346 denn
1721 5294 1856 5347 auch
1891 5298 2077 5364 spater
2111 5297 2441 5366 gemeinsam
2542 5261 2822 5327 ffflssione
2864 5263 2984 5357 μή
3013 5256 3486 5358 oenwiafiono.
3519 5265 4015 5359 *testatem
4082 5255 4219 5324 sed
4262 5277 4489 5342 pacem

495 5363 788 5425 openrten.
2490 5363 2496 5400 ¹
2543 5367 2696 5414 cum
2761 5341 3065 5409 ommbus
3129 5349 3396 5409 mtenm
3460 5351 3609 5410 istic
3670 5342 3858 5411 vobis
3920 5341 4288 5412 habendam
4347 5365 4493 5410 esse

2480 2784 2489 2949 *2*—

2486 3713 2494 3862 -Μ-
