4850 6200
340 432 464 496 ⁷89

341 614 464 680 bit:
505 617 589 689 n)
687 614 902 679 uaerit
941 615 1114 679 enim
1130 665 1145 692 ,
1210 621 1528 697 quantum
1583 614 1836 693 olfacio,
1899 614 2002 680 vel
2057 614 2275 694 istam,

341 700 447 766 vel
513 699 647 765 Hei
693 699 1138 784 elbergensem
1204 698 1643 766 conditionem
1706 700 2016 767 obtinere.
2123 700 2276 765 Non

338 793 561 853 tamen
619 785 808 851 facile
863 786 925 850 ei
981 783 1300 865 succedet,
1366 805 1565 868 quum
1617 806 1659 850 a
1707 785 1842 851 Deo
1897 785 2278 852 facultatem

339 869 615 938 docendi
659 892 790 935 non
848 871 937 935 sit
978 879 1226 936 nactus.
1313 870 1524 936 Nemo
1579 872 2047 954 propemodum
2085 870 2278 936 intel·

339 955 490 1041 figit
531 976 685 1021 eum
726 956 885 1020 dum
925 956 1228 1039 loquitur.
1259 957 1341 1039 ¹⁸)
1406 957 1602 1023 Certe
1636 979 1743 1022 me
1783 957 1960 1023 illius
1995 956 2277 1023 miseret.

339 1042 514 1108 Nam
557 1043 627 1105 in
668 1041 975 1106 facultate
1016 1061 1138 1106 sua
1179 1040 1404 1109 doctus
1446 1052 1546 1108 est
1585 1052 1653 1107 et
1694 1041 2011 1110 adversus
2088 1063 2281 1125 apam

339 1148 472 1193 non
529 1127 770 1192 malam
829 1128 1101 1193 navavit
1153 1148 1434 1211 operam.
1522 1126 1600 1194 Si
1642 1129 1935 1194 animum
2121 1127 2281 1194 sori-

339 1211 630 1278 bendum
673 1213 1148 1296 tutandamque
1185 1222 1476 1278 nostram
1511 1234 1774 1279 causam
1816 1214 2177 1299 appelleret
2218 1220 2284 1279 et

339 1297 516 1382 apud
573 1297 857 1381 aliquem
909 1299 1270 1382 principem
1318 1299 1531 1364 locum
1587 1300 1890 1379 haberet,
1960 1300 2058 1365 illi
2114 1299 2283 1365 bene

340 1384 711 1451 consultum
753 1391 1075 1468 putarem.
1164 1383 1299 1450 Sed
1355 1385 1607 1450 homini
1665 1387 2032 1452 constantia
2071 1384 2281 1450 deest:

342 1469 521 1535 unde
563 1469 718 1553 quid
763 1470 824 1533 ei
865 1467 1244 1536 faciundum
1297 1472 1383 1536 sit
1439 1470 1634 1554 plane
1689 1471 2014 1538 incertum
2057 1470 2283 1536 habeo.

339 1555 656 1621 Nostram
711 1555 997 1621 italicam
1050 1554 1412 1634 ecclesiam,
1441 1559 1523 1633 ¹⁴)
1581 1559 1879 1640 quamvis
1936 1578 2069 1622 non
2122 1577 2284 1639 opus

340 1640 837 1790 essedarbitror,
898 1650 1145 1724 quanta
1187 1663 1449 1725 possum
1493 1642 1909 1709 vehementia
1950 1643 2064 1709 tibi
2110 1661 2285 1708 com-

339 1748 492 1792 men
540 1748 596 1792 o.

513 1812 779 1877 Literas
823 1832 860 1876 e
903 1809 1196 1879 Saxonia
1232 1812 1425 1877 modo
1480 1815 1697 1896 accepi
1742 1835 1782 1879 a
1823 1824 2083 1897 pastore
2126 1834 2285 1896 quo-

341 1896 496 1963 dam
536 1898 746 1962 amico
787 1918 932 1963 meo
976 1899 1202 1971 veteri,
1260 1921 1369 1981 qui
1415 1921 1542 1964 non
1593 1908 1852 1964 tantum
1895 1910 1996 1966 est
2037 1897 2282 1975 doctus,

343 2004 571 2049 verum
620 1984 769 2067 pius
813 1993 881 2048 ct
925 1983 1085 2049 bene
1130 1983 1211 2048 de
1255 1987 1382 2048 ista
1424 1985 1866 2050 controversia
1908 1986 2129 2050 sentit.
2217 1985 2286 2049 Is

343 2069 582 2134 dicitur
640 2069 880 2134 habere
939 2090 1156 2136 secum
1216 2070 1569 2135 nonnullos
1623 2072 1858 2136 fratres
1901 2073 2010 2154 qui
2065 2091 2284 2135 secum

342 2155 504 2220 item
550 2157 860 2233 sentiant,
903 2155 1016 2220 sed
1060 2155 1484 2221 multitudine
1526 2157 1912 2222 obruuntur.
1981 2155 2288 2223 Caeteros

343 2261 502 2307 vero
545 2241 642 2306 ait
684 2241 918 2319 furere,
964 2243 1058 2305 ita
1101 2251 1176 2306 ut
1219 2244 1289 2306 in
1332 2244 1658 2326 suggestis
1703 2242 1799 2307 nil
1842 2240 2019 2307 aliud
2057 2263 2288 2325 prope·

344 2327 610 2391 modum
657 2327 940 2391 clament
974 2328 1099 2392 nisi
1137 2348 1257 2392 nos
1299 2348 1441 2392 esse
1476 2328 1856 2406 haereticos,
1900 2328 2095 2394 falsos
2139 2349 2285 2409 pro-

342 2413 598 2495 phetas,
646 2413 851 2495 lupos,
898 2433 1284 2492 suermeros,
1330 2413 1973 2496 sacramentiperdas.
2053 2412 2286 2478 Addit-

342 2519 472 2580 que
507 2499 579 2562 in
603 2510 669 2563 te
704 2500 1051 2581 praecipue
1095 2500 1240 2563 illos
1275 2498 1673 2573 debacchari,
1699 2514 1767 2564 et
1785 2500 1918 2564 iam
1939 2499 2287 2566 adversum

345 2593 411 2649 te
454 2586 771 2668 suffrag-ia
813 2585 1047 2668 colligi.
1135 2584 1444 2650 Arbitror
1488 2605 1618 2661 eos,
1674 2586 1732 2649 si
1784 2595 2113 2670 poterunt,
2165 2584 2284 2649 ali-

344 2669 517 2753 quod
560 2690 772 2755 genus
815 2670 1027 2736 moliri
1074 2672 1777 2737 excommunicationis.
1862 2669 2049 2737 Deus
2092 2691 2284 2736 oona·

345 2754 522 2821 tibus
557 2777 781 2821 eorum
818 2757 1110 2821 obsistat.
1176 2756 1245 2820 Is
1281 2766 1495 2821 autem
1538 2758 1744 2823 bonus
1780 2758 1884 2823 vir
1925 2757 1996 2822 in
2031 2777 2286 2822 summo

344 2850 444 2907 est
499 2841 666 2919 odio,
733 2842 904 2923 quod
964 2854 1039 2907 ut
1090 2844 1330 2907 caeteri
1393 2844 1645 2908 faciunt
1699 2843 1772 2908 in
1830 2863 1947 2908 nos
2003 2842 2286 2908 clamare

343 2927 543 3004 nolit,
607 2926 903 3010 quodque
948 2927 1200 3011 Anglos
1243 2950 1279 2993 e
1323 2948 1529 3012 reg-no
1586 2948 1705 2993 suo
1761 2927 2071 3012 profugos
2123 2947 2286 3010 quos

345 3013 460 3077 alii
505 3013 850 3079 eiiciebant
895 3014 1177 3095 hospitio
1233 3014 1588 3096 susceperit
1629 3023 1698 3079 et
1740 3011 2090 3097 aliquando
2133 3033 2285 3080 cum

345 3098 623 3166 ecelesia
643 3101 946 3166 Phrisica
977 3101 1574 3167 communicaverit.
1635 3100 1830 3168 Unde
1851 3121 2064 3183 neque
2099 3120 2286 3165 suam

345 3186 680 3252 civitatem
714 3207 925 3269 neque
947 3183 1303 3252 Saxoniam
1347 3197 1565 3269 sperat
1607 3207 1678 3252 se
1713 3187 1824 3251 diu
1859 3206 2050 3269 posse
2094 3187 2283 3251 ferre.

346 3272 600 3337 Tamen
635 3274 942 3355 quoniam
981 3273 1094 3337 isti
1117 3273 1726 3356 Lutheropapistae,
1769 3281 1846 3337 ut
1885 3271 2075 3336 nobis
2116 3272 2285 3336 invi-

345 3356 521 3422 diam
577 3359 879 3436 conflent,
934 3357 1339 3423 multitudini
1395 3358 1808 3441 persuadent,
1863 3378 2090 3423 omnes
2142 3356 2285 3422 illo-

346 3465 496 3508 rum
542 3444 848 3509 ecclesias
893 3467 931 3508 a
974 3444 1215 3509 nostris
1261 3465 1402 3509 esse
1446 3442 1805 3523 damnatas,
1847 3453 1916 3508 et
1957 3443 2127 3525 quod
2169 3464 2287 3508 vo-

346 3530 497 3595 lunt
531 3531 855 3614 imperitis
889 3551 1112 3595 rerum
1148 3531 1335 3595 facile
1359 3530 1768 3613 persuadent,
1803 3528 2124 3594 iudicaret
2144 3547 2286 3593 esse

346 3617 510 3682 utile
553 3618 608 3681 si
653 3617 979 3681 communi
1037 3625 1409 3680 nostrarum
1467 3615 1886 3680 ecclesiarum
1943 3614 2286 3679 voluntate

344 3704 661 3786 scriptum
707 3702 785 3767 ad
835 3702 1002 3767 filios
1040 3701 1348 3768 ecclesiae
1383 3702 1748 3767 Saxonicae
1792 3700 2112 3773 ederetur,
2156 3721 2285 3782 quo

342 3790 672 3856 calumnia
704 3789 868 3853 haec
899 3801 1308 3871 purgaretur,
1345 3786 1850 3869 reddereturque
1884 3787 2050 3850 ratio
2089 3805 2280 3868 quam

343 3876 824 3959 simplicissime
869 3874 1018 3938 fidei
1057 3883 1331 3938 nostrae.
1400 3871 1592 3954 Quod
1636 3872 1789 3938 licet
1832 3872 1996 3936 alias
2037 3871 2283 3936 factum

343 3969 677 4044 utcunque
719 3961 934 4036 fuerit,
975 3969 1264 4024 attamen
1288 3959 1410 4023 hoc
1447 3970 1739 4040 tempore
1767 3958 1859 4021 ait
1892 3977 1963 4021 se
1997 3956 2283 4021 iudicare

343 4047 413 4112 id
447 4046 734 4112 multum
771 4066 959 4127 posse
997 4043 1316 4127 prodesse,
1353 4045 1734 4127 praesertim
1773 4043 1831 4108 si
1865 4041 2283 4108 ecclesiarum

344 4132 856 4215 subscriptiones
897 4129 1337 4196 haberentur?
1405 4128 1734 4211 Quoniam
1771 4130 2013 4212 passim
2049 4126 2281 4193 adver-

344 4219 500 4283 sarii
540 4220 786 4285 iactant
829 4218 954 4284 hac
988 4217 1069 4281 de
1113 4238 1184 4280 re
1228 4236 1551 4281 summam
1595 4216 1771 4279 inter
1804 4235 1924 4280 nos
1967 4234 2111 4279 esse
2154 4213 2280 4278 dis-

343 4304 732 4382 sensionem,
774 4302 937 4369 haec
979 4311 1196 4367 tacere
1237 4301 1418 4366 nolui
1461 4310 1538 4366 ut
1578 4302 1751 4365 circa
1791 4321 1872 4365 ea
1911 4309 2031 4365 tuo
2073 4299 2281 4364 utaris

341 4390 596 4456 iudicio.

521 4474 936 4543 Fasciculum
993 4473 1331 4540 literarum
1375 4481 1571 4538 antea
1610 4471 1781 4551 misi,
1838 4471 2009 4555 quod
2053 4471 2281 4536 existi-

344 4564 669 4629 maverim
690 4561 780 4626 ibi
805 4560 1098 4626 libellum
1119 4559 1449 4625 inclusum
1484 4557 1841 4640 westphali.
1893 4558 2038 4622 Has
2058 4565 2277 4622 autem

345 4649 812 4714 constitueram
834 4647 990 4712 dare
1013 4646 1096 4710 D.
1123 4645 1204 4711 de
1230 4645 1294 4710 S.
1314 4646 1604 4710 Andrea:
1643 4645 1758 4710 sed
1779 4644 1948 4727 quia,
1972 4652 2049 4708 ut
2069 4643 2280 4718 audio,

346 4730 624 4800 discedit
665 4734 733 4798 in
777 4732 1142 4817 Belgicam,
1189 4731 1365 4797 nolui
1409 4729 1686 4796 ulterius
1730 4729 2011 4795 differre.
2098 4729 2282 4793 Deus

345 4827 411 4884 te
444 4820 636 4886 nobis
671 4818 783 4884 diu
818 4819 1209 4885 incolumem
1246 4823 1481 4883 servet.
1541 4815 1946 4901 Argentinae
1971 4817 2071 4880 23.
2095 4812 2278 4898 Sept.

516 5127 611 5194 12)
645 5127 769 5182 Ino
807 5126 1292 5196 Mombelqardiam
1327 5139 1385 5179 σε
1416 5124 1659 5180 contudit.

515 5196 610 5265 13)
642 5196 1038 5253 balbutientem.
1105 5193 1407 5263 (Brodeau,
1456 5194 1552 5248 rie
1582 5210 1635 5262 p.
1671 5189 1750 5259 5.)

515 5265 612 5334 14)
650 5263 1025 5321 amman.

2010 430 2173 493 1555
2216 425 2672 496 emim.

4198 439 4328 504 790

3240 616 3443 691 23⁰2.

2469 783 2963 852 PLACABDS
3018 771 3529 856 SEDITIEUX
3584 790 4046 859 RELAmS
4110 793 4238 861 ΑΠ’

2971 874 3338 957 PROGES
3381 892 3509 959 DE
3560 898 3742 960 1555.

2385 1073 2677 1138 (Archives
2729 1076 2798 1130 de
2849 1074 3070 1131 Geneve
3120 1077 3309 1133 Pisces
3359 1079 3554 1135 histori
3594 1098 3689 1135 ues
3741 1081 3809 1135 N.
3864 1079 4017 1136 1579.
4055 1111 4122 1122 —
4168 1078 4238 1137 N.
4272 1082 4324 1136 1.

2385 1142 2596 1196 Fenille
2639 1144 2875 1198 volante.
2946 1147 3033 1199 Au
3081 1163 3241 1200 verso
3288 1165 3359 1201 on
3405 1148 3497 1202 lit:
3609 1166 3677 1203 eu
3710 1165 3779 1205 en
3812 1150 4013 1206 semea
4056 1150 4106 1205 le
4139 1148 4223 1205 23.
4258 1150 4327 1207 de

2388 1209 2532 1279 Sept.
2579 1211 2735 1267 1555.
2792 1210 2885 1295 ,Ee
2925 1219 3007 1269 est
3046 1221 3154 1270 este
3198 1221 3387 1271 trouve
3429 1234 3507 1272 au
3555 1217 3718 1273 Rhea
3764 1234 3860 1273 sus
3901 1220 3977 1274 les
4017 1218 4328 1286 franchis&

2871 1283 2970 1337 ies.
3017 1311 3082 1322 —
3129 1284 3197 1337 N.
3239 1283 3293 1340 2.
3338 1300 3398 1338 se
3438 1292 3627 1342 nonve
3670 1289 3828 1342 auson·
3867 1303 3984 1342 aux
4029 1289 4205 1357 piem
4247 1287 4327 1344 du

2383 1350 2576 1418 proces
2607 1365 2739 1406 avec
2811 1366 2868 1405 es
2898 1354 3196 1407 camme.
3231 1381 3298 1392 —
3332 1353 3745 1489 3³.)31.)Affi01·6
3778 1373 3854 1411 au
3894 1356 4058 1425 pilion-
4090 1356 4158 1412 de
4193 1354 4326 1413 002·-

3215 1437 3404 1476 mma.

2594 1757 2730 1813 Ales
2761 1773 2897 1812 vous
2930 1774 2996 1812 en
3032 1776 3066 1812 a
3099 1760 3335 1815 Genefve
3371 1780 3404 1815 a
3438 1771 3584 1817 ceste
3619 1765 3786 1818 heure

2593 1826 2737 1881 'rant
2769 1827 2839 1880 de
2871 1827 3070 1881 mattin
3104 1845 3210 1898 que
3245 1829 3313 1884 de
3346 1846 3478 1902 soyr
3511 1850 3544 1885 a
3580 1838 3702 1887 tout
3733 1833 3901 1888 heure

2595 1894 2748 1949 Vous
2781 1901 3058 1950 troverres
3093 1914 3127 1950 a
3160 1898 3441 1954 meschans
3476 1902 3812 1973 controfayre

2595 1964 2649 2017 A
2682 1964 2930 2046 payndre
2962 1966 3158 2019 barhes
3192 1967 3261 2021 de
3295 1984 3480 2023 rou-es
3512 1987 3709 2040 noyres
3744 1970 3896 2041 fayre

2596 2033 2699 2098 Qm
2733 2050 2802 2087 en
2837 2040 2921 2087 est
2955 2043 3107 2102 ptest
3139 2034 3329 2107 Hanry
3365 2038 3575 2092 Aubert
3607 2039 3889 2110 sindicque

2597 2104 2708 2156 Son
2742 2102 3042 2156 lientenant
3076 2119 3182 2183 que
3214 2105 3327 2159 fort
3360 2107 3483 2160 bien
3519 2122 3547 2160 s
3617 2109 3904 2179 applicque

2597 2170 2678 2223 De
2713 2170 2870 2240 quior
2902 2172 3146 2224 medccm
3184 2172 3249 2226 sil
3285 2189 3344 2226 se
3379 2191 3518 2243 appe
3562 2191 3591 2227 e

2597 2239 2706 2293 Son
2743 2240 3012 2293 servitem·
3046 2239 3218 2293 Corne
3252 2243 3395 2295 tient
3430 2244 3484 2296 la
3517 2243 3837 2315 chandoylle

2598 2307 2679 2361 De
2713 2307 2881 2361 Iehan
2918 2308 3178 2361 Lambert
3210 2318 3531 2364 consentent
3564 2311 3604 2364 il
3641 2321 3725 2365 est

2598 2376 2706 2429 Par
2739 2377 2931 2430 Calvin
2963 2377 3166 2430 conseil
3201 2378 3379 2432 donne
3414 2396 3480 2433 en
3516 2389 3613 2435 est.
3631 2381 3685 2444 ²)

3337 2626 3392 2681 2.

2823 2752 2899 2817 F.
2948 2751 3346 2836 Comparent
3390 2776 3472 2819 au
3518 2776 3809 2837 passans.
3843 2757 3897 2840 ⁸)

2594 2906 2767 2976 Impia
2800 2904 3013 2959 Oalvini
3047 2906 3313 2960 meditare
3348 2915 3564 2977 patrata
3600 2915 3790 2978 vyator

2696 2975 2799 3044 Qui
2834 2973 3071 3043 demptis
3108 2975 3158 3028 .1
3183 3015 3194 3027 .
3231 2982 3335 3028 et1.
3355 2993 3389 3028 v
3412 3013 3424 3026 .
3461 2975 3658 3030 Oainus
3692 2979 3834 3032 alter
3867 2979 4038 3037 adest.

3199 3166 3528 3236 Darentage.

2593 3302 2752 3357 oms
2787 3318 2860 3355 un
2897 3303 2949 3355 ‚l
2972 3340 2983 3353 .
3020 3302 3478 3372 imprudemment
3510 3304 3729 3357 volente

2695 3369 2823 3439 Ung
2859 3407 2872 3420 .
2893 3389 2929 3423 v
2948 3411 2959 3423 .
2995 3378 3190 3425 ouvert
3223 3389 3257 3424 a
3288 3377 3412 3425 tous
3447 3388 3608 3425 maux
3644 3371 3713 3425 de
3748 3371 3935 3427 Calvia

2594 3438 2748 3492 Vous
2782 3445 3129 3508 cognoystres
3166 3457 3228 3494 sa
3262 3441 3409 3508 ngc
3444 3441 3682 3494 violente

2693 3508 2775 3561 La
2805 3515 3166 3577 cognoyssant
3198 3508 3249 3561 le
3275 3509 3494 3578 jugores
3531 3509 3680 3564 Cain.

3335 3753 3393 3811 3.

2847 3884 3105 3966 Epitafe
3149 3882 3229 3947 de
3273 3883 3509 3968 glande
3554 3885 3874 3954 Genesve.

2589 4038 2695 4093 Sur
2729 4042 2786 4091 ot
2819 4038 2965 4107 loyal
2998 4036 3084 4089 fus
3120 4053 3153 4089 a
3185 4053 3274 4090 ma
3311 4039 3629 4107 republique

2689 4106 2796 4176 Jay
2832 4121 2970 4174 pour
3003 4104 3251 4159 Genesve
3287 4108 3517 4160 endnres
3552 4108 3756 4176 grands
3792 4115 4026 4179 ennuytz

2589 4174 3175 4296 ”summu
3208 4174 3568 4298 ‘mum‘
3602 4177 3867 4298 εεῑέῗειθ
3882 4253 3939 4298 „t
3973 4262 4046 4298 „u

2688 4260 2867 4382 Outoy
2900 4317 3124 4379 pascant
3161 4260 3272 4382 {gy
3308 4330 3370 4365 ss
3403 4314 3496 4365 bas
3533 4260 3607 4366 ἔσθ
3625 4263 3894 4384 coiiduyts
4046 4250 4134 4316 W

2382 4586 2573 4641 2302.
2594 4584 2647 4653 1)
2686 4582 2872 4653 Gomp.
2912 4582 3127 4653 Galiffe,
3161 4585 3413 4655 quelques
3445 4599 3612 4654 paqes
3642 4602 3700 4653 p.
3737 4584 3852 4638 113,

2586 4653 2646 4720 2)
2695 4652 2811 4708 Une
2843 4659 3000 4708 autre
3019 4654 3172 4707 min
3192 4670 3232 4722 y
3252 4670 3288 4707 a
3324 4651 3535 4721 ajoutd:
3570 4651 3789 4707 Oomme
3823 4654 3911 4708 fllz
3946 4655 4013 4709 d·
4050 4656 4324 4725 perdition

2381 4730 2440 4778 et
2472 4722 2698 4778 mechan
2730 4723 3033 4792 heretique.

2585 4791 2648 4858 3)
2685 4792 2914 4846 L'autre
2962 4791 3287 4859 exemplaire
3345 4794 3499 4858 porte
3549 4791 3596 4844 le
3647 4796 3798 4845 utre:
3851 4792 3956 4845 Les
4006 4808 4199 4848 osv-res
4250 4795 4319 4849 de

2381 4862 2586 4927 Calvin,
2621 4867 2673 4916 et
2714 4864 2932 4928 con-⁸⁹90
2976 4860 3033 4913 la
3074 4861 3231 4925 faute
3264 4859 3330 4912 de
3366 4859 3626 4926 prosodia
3657 4861 3695 4914 ὰ
3729 4859 3784 4912 la
3819 4859 4045 4915 xeo-ode
4108 4863 4120 4874 ⁴
4251 4879 4321 4918 αι

2381 4936 2643 4986 vacuane
2685 4930 2733 4984 le
2773 4935 2912 4983 met.-
2957 4934 3029 4981 ot.
3079 4955 3141 4966 -
3192 4928 3248 4980 11
3286 4937 3443 4995 porte
3491 4927 3545 4980 la
3638 4925 3650 4939 ⁸
3760 4934 3880 4981 ture
3924 4929 3967 4981 1.
4005 4929 4066 4984 B.
4139 4969 4153 4983 .
4223 4931 4321 4987 Au

2382 5000 2484 5054 dos
2519 5015 2592 5054 σοι
2625 4999 2719 5053 lit:
2762 4999 2970 5068 Aporte
3006 5013 3073 5049 au
3108 4996 3311 5049 conseil
3344 4997 3394 5048 le
3427 4995 3597 5066 lundy
3631 4943 3715 5049 g.
3754 4996 3806 5048 d.
3844 4997 4027 5050 Iulliet
4065 4997 4215 5054 1555.
4253 5028 4318 5042 —

2382 5070 2460 5123 Le
2488 5067 2656 5138 jeudy
2687 5067 2926 5136 premier
2960 5065 3154 5186 dsffist
3192 5062 3328 5117 1555
3363 5065 3446 5117 En
3480 5065 3681 5118 con-eil
3729 5065 4017 5120 ordinaire.
4086 5067 4318 5125 Person·

2379 5138 2676 5192 nellement
2707 5137 3007 5190 constitnee
3106 5132 3243 5185 aude
3280 5133 3510 5186 Partene
3543 5134 3739 5186 femme
3772 5134 3841 5186 de
3874 5133 4040 5189 Iehsn
4067 5137 4317 5208 Baptista

2380 5206 2534 5275 Sept.
2585 5206 2660 5258 Et
2691 5206 2784 5275 luy
2807 5208 2988 5258 estant
3003 5208 3246 5255 monstre
3281 5202 3331 5254 le
3354 5209 3578 5270 present
3598 5203 3754 5255 billet
3788 5203 3892 5256 elle
3924 5203 3980 5257 la
4012 5220 4317 5277 recongneu

2380 5275 2577 5329 Disant
2609 5289 2716 5355 que
2748 5279 2866 5329 cest
2898 5271 2967 5324 de
3001 5271 3056 5324 la
3087 5270 3255 5322 lettre
3289 5269 3358 5323 de
3391 5287 3489 5324 son
3513 5287 3665 5341 mary
3701 5276 3759 5324 et
3783 5287 3889 5340 que
3922 5279 4039 5327 cest
4072 5274 4125 5328 10
4158 5276 4316 5331 bmet

2379 5344 2475 5414 qui
2510 5347 2676 5397 estoit
2706 5358 2776 5394 au
2807 5341 2985 5410 pilier.
3052 5338 3124 5392 M.
3159 5337 3344 5392 Boset.

3799 5422 3900 5478 ω.
