4850 6200
483 411 609 474 719

482 594 782 662 Fan-olum
836 615 1094 679 quoque
1149 595 1305 661 illuc
1340 595 1669 679 profectus
1686 597 1744 671 ⁴)
1788 594 2275 677 impetuositate
2316 616 2442 660 sua

480 689 747 747 tantum
795 703 925 747 non
971 682 1297 748 subvertit
1328 682 1567 759 omnia,
1608 680 1668 746 si
1714 702 1870 748 vera
1913 689 2069 747 sunt
2109 701 2274 764 quae
2316 702 2438 763 pu-

480 768 690 834 blicus
733 768 863 832 fert
906 788 1147 834 rumor.
1216 767 1362 851 Ego
1423 766 1876 851 peiora'longe
1917 774 2156 832 metuo.
2226 764 2439 832 Video

480 854 657 919 enim
702 853 1098 936 reipublicae
1120 853 1535 920 Genevensis
1578 861 1826 919 statum
1870 853 1983 918 vix
2018 852 2140 917 hac
2183 853 2439 918 ratione

480 940 836 1007 consistere
880 959 1069 1023 posse
1113 940 1239 1004 nisi
1264 940 1587 1005 Dominus
1629 938 2017 1004 mirabiliter
2058 938 2435 1023 opituletur.

488 1024 794 1095 Calvinus
847 1038 1022 1091 certe
1074 1023 1246 1108 apud
1304 1025 1451 1090 illos
1469 1027 1527 1098 ⁵)
1571 1046 1827 1108 quoque
1868 1024 2043 1090 male
2086 1025 2287 1101 audit,
2324 1025 2438 1107 qui

482 1111 803 1177 hactenus
848 1132 1107 1194 semper
1148 1111 1245 1176 illi
1281 1112 1570 1176 fautores
1606 1113 1937 1176 exstitere.
2018 1110 2293 1176 Parcius
2336 1110 2438 1175 illi

482 1198 697 1264 scribo
741 1219 919 1264 nunc
940 1206 1208 1281 propter
1251 1198 1514 1279 iniquas
1547 1197 1786 1280 quibus
1808 1217 2037 1262 omnes
2081 1218 2440 1281 gravamur

481 1284 903 1366 suspiciones,
969 1283 1206 1348 deinde
1270 1283 1443 1365 quod
1489 1303 1720 1365 parum
1787 1282 2070 1348 fideliter
2128 1291 2196 1349 et
2248 1294 2440 1349 caute

482 1367 631 1435 illos
676 1369 884 1435 literis
922 1369 1162 1435 nostris
1207 1369 1302 1432 uti
1346 1368 1558 1433 video.

655 1456 763 1520 Ex
805 1455 1069 1520 Basilea
1112 1476 1367 1537 quoque
1410 1476 1638 1519 vereor
1692 1475 1779 1519 ne
1822 1464 2117 1538 emergat
2160 1454 2440 1519 monstri

482 1540 747 1624 aliquid.
839 1542 987 1607 Scis
1038 1539 1193 1623 quid
1236 1539 1489 1606 Bellias
1531 1541 1884 1622 scripserit,
1929 1542 2069 1605 sive
2110 1541 2169 1606 is
2214 1541 2324 1623 qui
2368 1562 2439 1605 se

485 1627 607 1694 hoc
653 1630 917 1691 nomine
961 1626 1262 1703 occultat,
1309 1625 1463 1710 quid
1509 1627 1663 1691 item
1707 1625 2118 1709 responderit
2160 1625 2354 1691 Beza.
2383 1630 2438 1709 ⁶)

484 1715 801 1797 Agitatur
845 1714 1043 1777 ctiam
1087 1713 1231 1794 ipsa
1290 1732 1464 1777 nunc
1520 1713 1814 1795 quaestio
1859 1714 2032 1777 inter
2071 1712 2436 1778 ministros·

483 1819 567 1864 an
634 1799 950 1864 haeretici
994 1798 1198 1864 occidi
1244 1797 1568 1864 debeant?
1615 1798 1856 1864 Variae
1901 1810 2058 1863 sunt
2099 1799 2439 1881 opiniones

483 1885 715 1969 quibus
758 1884 1019 1967 quidem
1063 1883 1242 1950 Beza
1285 1882 1616 1949 satisfecit.
1704 1884 1994 1949 Nimiam
2054 1894 2271 1949 tamen
2333 1907 2436 1949 re-

481 1971 901 2054 prehendunt
924 1970 1365 2036 acrimoniam.
1416 1972 1630 2052 Atque
1666 1970 1758 2035 ita
1778 1991 2114 2053 nunquam
2136 1991 2438 2036 caremus

481 2056 1022 2133 contentionibus,
1042 2056 1200 2139 quin
1224 2077 1481 2138 semper
1495 2056 1625 2121 alia
1648 2077 1731 2121 ex
1754 2056 1885 2121 alia
1907 2066 2184 2121 texatur.
2211 2057 2434 2123 Unum

482 2142 669 2207 nobis
713 2143 834 2208 hoc
879 2156 977 2207 est
1001 2142 1328 2219 solatium,
1364 2142 1535 2225 quod
1579 2162 1698 2225 per
1720 2143 2125 2226 singularem
2147 2142 2434 2226 gratiam

482 2226 811 2293 Dominus
858 2228 1041 2293 nobis
1085 2227 1263 2294 dedit
1310 2228 1379 2292 in
1417 2227 1523 2293 his
1565 2229 2031 2295 controversiis
2073 2228 2249 2293 idem
2286 2250 2434 2293 sen-

481 2314 624 2378 tire.
671 2314 944 2379 Utinam
992 2335 1144 2379 vero
1185 2313 1308 2379 hoc
1352 2314 1439 2379 sit
1483 2314 1713 2380 stabile
1757 2325 1825 2380 et
1868 2321 2275 2398 perpetuum.
2344 2315 2437 2379 Et

481 2420 602 2482 pro
664 2400 783 2465 hoc
841 2411 910 2465 tu
956 2420 1211 2483 quoque
1255 2400 1470 2466 orabis
1500 2400 1889 2466 Dominum.
1974 2438 2055 2447 —-
2100 2434 2183 2446 -
2225 2437 2314 2448 —
2353 2437 2434 2448 -

482 2521 565 2534 —
609 2487 867 2551 Bernae
914 2492 970 2552 6.
1018 2486 1301 2569 Augusti
1355 2490 1535 2550 1555.

1954 2622 2041 2689 H.
2086 2630 2258 2689 tuus.

1360 3189 1561 3259 2264.

1037 3342 1404 3411 GHEGUS
1450 3342 1880 3410 GALVINO.

654 3513 763 3580 Ex
832 3515 1054 3590 Italia,
1121 3517 1302 3582 cadus
1367 3536 1509 3581 eum
1563 3516 1697 3581 iam
1761 3516 1974 3593 taedet,
2025 3513 2435 3582 Germaniam

479 3623 624 3667 mox
666 3603 986 3683 petiturus
1027 3602 1103 3667 de
1158 3607 1329 3667 statu
1385 3621 1603 3669 rerum
1647 3603 1716 3666 in
1761 3601 2006 3686 Anylia
2070 3602 2307 3682 scribit,
2373 3608 2435 3669 et

480 3690 758 3754 comitem
792 3687 1181 3769 Bedfordiae
1214 3688 1608 3754 commendat.

484 3859 595 3926 (Ex
641 3859 980 3930 autographo
1033 3859 1173 3914 Bibl.
1210 3859 1497 3982 uzlggnoilils
1533 3859 1874 3994 ligisisiensis,
1909 3857 2044 3913 Coll.
2078 3857 2276 3929 Dupuy
2312 3858 2433 3914 Vol.

1361 3969 1375 3995 ‚
1434 3944 1466 3982 o
1492 3965 1505 3979 .
1612 3969 1624 3982 .

651 4098 1046 4166 Doctissiino
1124 4097 1268 4163 viro
1326 4099 1411 4164 D.
1463 4099 1704 4165 Ioanni
1777 4097 2056 4166 calvino
2122 4098 2435 4166 ecclesiae

481 4187 895 4254 Genevensis
926 4185 1191 4268 pastori,
1228 4185 1436 4252 amico
1471 4207 1589 4252 suo
1629 4185 1992 4338 carissima.

1996 4291 2260 4338 enevae.

653 4443 746 4508 De
811 4451 1007 4527 partu
1062 4442 1363 4528 Reginae
1411 4451 1674 4509 nostrae
1732 4441 2014 4509 multum
2057 4450 2434 4528 exspectato

478 4539 546 4596 et
609 4529 968 4595 multorum
1036 4528 1378 4594 hominum
1457 4529 1869 4596 sermonibus
1949 4531 2127 4596 varie
2192 4529 2434 4597 iactato

682 4787 745 4851 4)
783 4785 1009 4841 Dotalo'
1048 4784 1878 4842 &incredita-damnabis
1923 4786 2433 4842 ἰιιιιοιιιὲιιιὼᾶιιο-

478 4869 582 4926 que
613 4856 690 4910 ad
724 4871 791 4909 ιιι.
826 4854 1056 4910 Iunium
1087 4869 1368 4910 recurrere
1401 4853 1536 4909 velie
1566 4855 1666 4910 ubi
1705 4870 1900 4911 revera
1938 4855 2010 4910 F.
2047 4852 2298 4910 Gamerae
2332 4854 2433 4910 ad·

478 4922 1775 5006 erat(N322300011.22317).Quaem.11a0'0
1820 4925 2060 4980 macta
2102 4926 2433 4991 tumea

477 5008 590 5074 ιιᾳιι
623 4995 738 5047 ιιιιι·
768 5009 835 5048 σε
869 4995 1044 5049 literis
1060 4994 1377 5060 amicorum,
1413 5007 1675 5049 moero
1707 4995 1827 5063 ipae
1854 5008 2120 5064 praecem
2146 4992 2434 5049 rescivisse

684 5127 997 5200 &Eam
1001 5128 1374 5197 .Zerkinum,

481 5196 643 5254 Febr.
682 5197 818 5253 1556
853 5146 1056 5254 datam·
1127 5170 1441 5265 (Hundesh.

685 5266 1565 5334 &salmacia-nadab&

476 5337 1307 5404 mmmm-sianum.

1418 5128 2216 5269 αάθῶιιαιυίᾶοοαῑυόιιίφ.
2254 5128 2432 5186 ἄ..21

1595 5200 2432 5339 {umalama-

1998 404 2525 472 EPISOEOLAE
2569 408 2738 471 2263
2748 407 2997 469 -2266

4368 411 4497 475 720

2541 593 2709 659 nihil
2752 593 2970 660 adhuc
3010 601 3266 659 certum
3310 594 3520 661 habeo
3552 593 3726 679 quod
3758 594 4059 662 scribam.
4090 597 4141 679 Ι)
4205 597 4494 663 Tantum

2540 701 2772 764 precor
2834 688 2910 744 ut
2965 679 3148 746 Deus
3208 679 3568 747 electorum
3631 700 3904 746 suorum
3969 684 4363 748 misereatur
4425 693 4496 752 et

2540 766 2702 832 velit
2733 766 3008 832 fractam
3045 767 3178 831 iam
3221 776 3291 832 et
3331 767 3404 832 in
3445 788 3673 833 omnes
3706 776 3930 850 partes
3951 776 4284 836 versatam
4325 769 4494 836 ecle-

2540 854 2706 919 siam
2767 854 3012 918 iuvare.
3105 850 3244 937 Ego
3310 854 3530 919 nescio
3593 853 3919 937 quomodo
3962 875 4258 921 meorum
4303 856 4496 921 fami-

2540 939 2807 1004 liarium
2850 949 2920 1003 et
2961 939 3322 1003 amicorum
3342 941 3651 1005 societate
3684 959 3924 1006 avoeor
3966 961 4008 1006 a
4040 941 4336 1020 Geneva,
4380 942 4496 1008 ubi

2539 1024 2994 1091 lubentissime
3027 1024 3257 1091 exsulo
3296 1034 3362 1089 et
3395 1026 3465 1090 in
3500 1026 3663 1093 alias
3689 1028 3934 1108 parteis
3956 1028 4354 1093 Germaniae
4379 1027 4493 1094 de·-

2540 1111 2770 1177 vehor.
2849 1110 3085 1176 Italiae
3126 1131 3236 1175 me
3277 1114 3410 1176 iam
3425 1121 3613 1178 tanta
3633 1113 3903 1179 satietas
3927 1115 4104 1197 cepit
4125 1122 4199 1179 ut
4239 1113 4494 1180 oderim

2541 1218 2769 1263 omnes
2812 1197 2954 1263 eius
2995 1199 3260 1281 parteis,
3306 1219 3442 1263 non
3484 1197 3676 1263 modo
3709 1207 3979 1282 propter
4019 1198 4494 1281 δεισιδαιμονίαν

2543 1304 2708 1367 quae
2773 1284 2843 1348 in
2908 1284 3145 1349 auibus
3210 1284 3451 1349 vetulis
3515 1292 3585 1350 et
3626 1284 3853 1351 deliris
3896 1287 4086 1363 inest,
4132 1285 4248 1351 sed
4290 1287 4490 1351 etiam

2544 1378 2812 1454 propter
2868 1367 3165 1452 ἀσέβειαν,
3223 1390 3352 1453 qua
3416 1369 3754 1436 abundare
3798 1392 3929 1436 non
3969 1370 4161 1437 modo
4204 1373 4492 1456 plebeios

2542 1456 2658 1522 sed
2699 1456 2901 1521 etiam
2935 1456 3246 1521 ecclesiae
3288 1456 3617 1557 prin-cipes
3659 1456 3872 1522 video.

2715 1542 2908 1609 Nunc
2971 1554 3189 1607 autem
3254 1562 3374 1608 cur
3428 1544 3606 1608 inter
3669 1552 3930 1608 caetera
3974 1544 4058 1608 ad
4101 1551 4168 1609 te
4211 1544 4494 1611 scribam

2540 1629 2841 1712 inprimis
2905 1637 3005 1693 est
3069 1627 3242 1712 quod
3299 1648 3516 1695 comes
3569 1629 3972 1711 Bedfordiae,
3990 1633 4049 1705 ²)
4105 1630 4212 1695 vir
4251 1651 4494 1715 magna

2540 1714 2882 1780 nobilitate
2946 1723 3016 1778 et
3077 1716 3444 1781 constantia
3507 1716 3842 1800 religionis
3904 1737 4037 1781 non
4103 1717 4240 1782 suis
4299 1715 4492 1783 modo

2539 1801 2655 1867 sed
2698 1801 2897 1866 etiam
2923 1800 3167 1866 exteris
3201 1814 3417 1878 notus
3443 1801 3787 1867 Genevam
3810 1811 3962 1867 avet
3980 1801 4225 1882 videre,
4270 1810 4492 1869 tecum

2541 1887 2837 1969 colloqui,
2884 1886 3195 1952 ecclesiae
3240 1899 3496 1953 vestrae
3534 1885 4038 1971 descriptionem
4081 1898 4279 1971 atque
4320 1890 4495 1955 ordi-

2542 1994 2692 2038 nem
2731 1972 2970 2038 videre.
3050 1973 3121 2038 Is
3179 1995 3310 2037 non
3356 1972 3546 2039 modo
3587 1994 3734 2039 mea
3775 1974 4340 2041 commendatione
4374 1975 4492 2041 sed

2540 2081 2660 2125 sua
2707 2060 2959 2123 virtute
3016 2069 3083 2123 et
3138 2059 3519 2143 integritate
3574 2058 3815 2143 dignus
3879 2072 3980 2126 est
4022 2081 4215 2142 quem
4259 2083 4492 2127 omnes

2540 2145 2787 2210 honore
2830 2154 3324 2228 prosequantur.
3382 2146 3556 2211 Eum
3578 2165 3807 2228 precor
3830 2146 3998 2211 tanti
4040 2147 4240 2212 facias
4281 2167 4490 2231 quan-

2539 2242 2681 2297 tum
2741 2231 3110 2297 constantia
3152 2231 3282 2296 fide
3321 2232 3635 2314 religione
3684 2248 3991 2312 meretur,
4035 2241 4116 2297 ut
4157 2235 4238 2299 ab
4275 2236 4490 2299 omni-

2541 2319 2664 2383 bus
2706 2320 2840 2382 fiat.
2932 2317 3117 2382 Haec
3161 2339 3421 2382 summa
3461 2338 3647 2382 meae
3691 2319 4022 2401 petitionis
4065 2330 4183 2384 est.
4271 2321 4491 2386 'Duum

2540 2424 2699 2487 erga
2758 2403 3169 2468 Christianos
3213 2402 3504 2469 studium
3547 2423 3865 2489 cognosco
3908 2414 4103 2488 atque
4148 2405 4308 2472 adeo
4341 2407 4490 2488 plu-

2540 2490 2723 2555 ribus
2759 2498 2979 2555 tecum
3021 2510 3157 2554 non
3202 2510 3345 2573 ago.

2713 2577 2890 2642 Mira
2955 2584 3055 2640 est
3119 2577 3492 2659 Anglorum
3535 2577 3606 2641 in
3665 2576 3981 2661 religione
4037 2576 4290 2643 Christi
4340 2598 4497 2643 con·

2542 2663 2805 2728 stantia.
2895 2661 3106 2726 Nemo
3171 2683 3254 2727 ex
3317 2660 3620 2727 omnibus
3685 2673 3787 2726 est
3852 2662 4066 2729 adhuc
4124 2663 4204 2729 de
4257 2662 4496 2746 quibus

2540 2769 2661 2832 ego
2706 2748 2919 2828 audie,
2955 2748 3067 2830 qui
3090 2751 3296 2830 possit
3332 2750 3476 2832 cogi
3509 2747 3883 2813 παλινωδεΐν.
3949 2748 4151 2814 Multi
4193 2749 4498 2816 lubentes

2539 2844 2736 2918 atque
2789 2834 3038 2900 alacres
3097 2856 3166 2898 se
3232 2835 3516 2899 offerunt
3582 2833 3664 2898 ad
3714 2844 3995 2899 mortem
4039 2835 4254 2917 potius
4296 2856 4497 2918 quam

2541 2918 2625 2985 ad
2693 2921 3012 2986 vomitum
3068 2928 3510 2985 revertantur.
3588 2919 3847 2986 Indocti
3910 2922 4178 3003 rapiunt
4241 2922 4498 2987 coelum

2540 3020 2609 3071 et
2629 3007 3003 3073 constantia
3024 3005 3246 3072 doctos
3290 3016 3624 3090 superant,
3668 3006 3779 3089 qui
3802 3006 3958 3090 quid
4003 3007 4215 3073 dicere
4258 3007 4500 3074 debent

2543 3093 2794 3170 vident,
2839 3091 3012 3177 quod
3055 3090 3289 3158 vident
3340 3093 3515 3159 tueri
3555 3114 3689 3159 non
3733 3092 3998 3159 audent.

2714 3180 2861 3263 Ego
2917 3200 3091 3244 nunc
3146 3181 3521 3263 Augustam
3574 3180 3811 3264 cogito,
3880 3178 4113 3245 deinde
4157 3180 4497 3246 ⁴Viennam

2541 3266 2873 3331 Austriae.
2960 3265 3086 3330 Ubi
3140 3265 3566 3330 hiemandum
3631 3266 3717 3330 sit
3760 3265 3978 3332 adhuc
4010 3267 4336 3332 incertum
4378 3280 4496 3333 est.

2539 3350 2885 3426 Dominus,
2931 3351 3119 3417 cuius
3162 3372 3282 3435 ego
3317 3351 3735 3436 providentia
3773 3374 3983 3437 regor,
4031 3351 4143 3418 det
4184 3355 4320 3420 suis
4363 3354 4497 3436 spi-

2539 3438 2741 3502 ritum
2807 3438 3213 3502 constantiae
3268 3447 3334 3504 et
3391 3437 3813 3518 fortitudinis,
3878 3448 3957 3504 ut
4011 3460 4118 3506 res
4182 3437 4498 3507 adversas

2538 3543 2672 3588 non
2715 3522 2907 3589 modo
2952 3544 3159 3607 aequo
3201 3524 3422 3589 animo
3460 3534 3727 3608 propter
3746 3525 4110 3604 Christum,
4153 3526 4272 3591 sed
4292 3525 4498 3591 etiam

2537 3609 2789 3675 lubenti
2855 3609 3279 3693 perferamus.
3368 3609 3636 3694 Optime
3691 3611 3918 3678 valeas
3960 3621 4030 3677 et
4084 3611 4365 3678 salutem
4407 3613 4494 3678 D.

2541 3695 2994 3774 Normandiaa
3038 3696 3123 3762 D.
3162 3695 3449 3777 Budaeo,
3492 3697 3683 3762 fratri
3744 3708 3857 3763 tuo
3900 3698 4295 3782 reliquisque
4331 3699 4498 3765 ami-

2538 3782 2633 3848 cis
2683 3782 2848 3848 meis
2894 3782 3071 3848 dicas
3115 3804 3372 3865 quaeso,
3469 3788 3651 3848 1555.
3741 3784 4049 3851 Veronae
4085 3788 4142 3849 7.
4186 3786 4499 3870 Augusti.

3623 3922 3753 3988 rl'ui
3790 3921 4309 3989 studiosissimus

3666 4010 3952 4076 Ioannes
3985 4007 4263 4076 Ohecus.

2539 4301 2806 4368 2264.1)
2847 4301 2925 4357 Ee
2958 4299 3177 4371 quidem
3203 4301 3406 4354 merito.
3472 4299 3633 4355 Vana
3665 4305 3788 4355 erat
3819 4302 3964 4354 euim
3997 4302 4345 4370 exspectatio,
4381 4301 4496 4355 iam

2538 4388 2610 4425 ιιι.
2647 4370 2810 4426 Maio
2845 4374 3058 4425 ortaet
3160 4374 3438 4425 mame
3481 4369 3736 4437 ριόσῶιιε
3891 4369 4015 4424 lieu
4048 4375 4100 4424 et
4128 4372 4496 4495 prm

2538 4441 2641 4496 bus
2674 4441 2960 4496 celebrata.
3261 4437 3562 4506 Swtembn'
3602 4453 3703 4492 rex
3790 4438 3895 4494 ha

2540 4511 2680 4564 decta
2715 4510 2976 4577 Διιᾳῑιαιιι
3009 4508 3243 4578 reliqna.
3261 4437 3542 4576 Str-ype(,
3582 4506 3801 4562 Oranm
3840 4453 4037 4562 m
4066 4454 4343 4572 {rm
4183 4523 4241 4576 p.
4275 4440 4496 4576 526.)

2744 4576 2805 4644 2)
2847 4576 3090 4633 Francis
3129 4576 3355 4642 Russel,
3605 4591 3673 4630 ιω
3707 4591 3902 4644 comes,
3949 4591 4106 4632 cum
4137 4546 4308 4647 ’ματα
4343 4577 4499 4645 (lora

2532 4648 2700 4718 μήν-ν
2737 4646 2873 4714 scal)
2909 4662 3060 4703 αιιιιο
3095 4652 3378 4715 superiore
3410 4646 3634 4701 obierat.
