4850 6200
489 409 622 474 855

494 592 838 661 tinationis
887 594 1229 680 negotium
1289 596 1386 662 ita
1437 616 1764 681 proponas
1811 603 1888 661 ut
1929 595 2052 660 toti
2094 594 2275 678 operi
2320 614 2463 661 om-

491 701 649 748 nem
708 682 972 748 auferas
1025 681 1313 766 gratiam
1367 688 1436 748 et
1491 690 1557 748 te
1617 704 1727 748 ma
1779 681 1791 695 '
1893 681 2182 748 invisum
2226 679 2464 746 reddas

495 787 699 851 quam
741 776 942 832 antea
982 787 1291 851 unquam.
1378 766 1704 835 Abstinen
1754 788 1866 833 um
1909 769 2131 851 itaque
2173 774 2334 850 puto
2378 766 2463 832 ab

495 851 875 920 huiusmodi
899 852 1422 936 loquutionibus:
1463 852 1794 920 Adamum
1838 854 1933 919 ita
1957 874 2100 919 esse
2122 853 2462 920 conditum

495 947 577 1004 ut
613 959 749 1005 non
792 940 1081 1021 potuerit
1121 960 1255 1006 non
1299 959 1599 1023 peccare:
1668 938 1803 1022 Qui
1838 949 2129 1023 peccant,
2166 960 2277 1005 eos
2319 960 2461 1004 om-

493 1025 660 1091 nino
706 1045 790 1091 ex
837 1024 1164 1091 destinato
1208 1027 1338 1092 Dei
1380 1026 1653 1093 consilio
1687 1046 1976 1110 peccare.
2052 1025 2461 1091 Placuerunt

493 1110 663 1176 mihi
721 1111 1010 1177 maxime
1065 1132 1233 1194 quae
1288 1111 1638 1196 aliquando
1691 1111 2019 1179 scribebas
2075 1122 2303 1178 contra
2339 1111 2459 1175 Li-

494 1196 806 1273 bertinos,
854 1218 1152 1264 asserens
1177 1198 1396 1265 Deum
1420 1220 1552 1263 non
1597 1218 1741 1265 esse
1772 1198 2095 1263 malorum
2130 1204 2456 1262 autorem:

493 1283 768 1349 stoicam
847 1284 1303 1349 necessitatem
1383 1304 1682 1368 pugnare
1759 1305 1910 1350 cum
1976 1282 2458 1367 praedicatione

494 1368 898 1452 evangelica.
967 1368 1114 1436 Scis
1171 1371 1370 1435 etiam
1407 1391 1574 1453 quae
1618 1370 1953 1454 scripserit
1995 1368 2082 1433 D.
2131 1368 2457 1434 Melanch·

489 1452 632 1521 then
679 1453 760 1521 de
804 1455 928 1520 hac
970 1476 1186 1522 causa.
1219 1458 1301 1535 ¹⁴)
1379 1458 1526 1540 Ego
1572 1453 1760 1524 video
1802 1463 2008 1520 totam
2053 1462 2458 1521 vetustatem

498 1540 571 1605 in
606 1540 731 1607 hac
774 1562 992 1619 causa,
1037 1542 1132 1606 ita
1170 1551 1245 1608 ut
1289 1543 1361 1607 in
1406 1542 1593 1607 nulla
1635 1542 1764 1607 alia
1797 1542 2029 1626 magis,
2067 1540 2454 1607 concordem

490 1625 742 1703 docere,
801 1628 1020 1693 Deum
1087 1648 1222 1693 non
1279 1649 1421 1693 esse
1465 1639 1760 1693 autorem
1805 1626 2054 1711 peccati
2095 1627 2205 1693 vel
2249 1627 2453 1691 malo-

489 1732 668 1777 rum:
722 1720 990 1795 peccata
1037 1714 1197 1779 oriri
1240 1734 1322 1779 ex
1367 1713 1647 1794 homine,
1684 1713 1869 1778 nulla
1910 1713 2301 1779 necessitate
2336 1708 2454 1777 sed

487 1797 858 1864 voluntate:
903 1799 1365 1882 promissiones
1409 1799 1638 1865 salutis
1673 1820 1815 1865 esse
1849 1799 2279 1877 universales,
2317 1819 2453 1863 non

490 1883 574 1948 ad
635 1904 880 1966 paucos
936 1884 1447 1950 contrahendas:
1516 1885 1765 1950 salvari
1829 1885 2044 1970 gratia
2105 1905 2289 1949 mera
2321 1882 2454 1949 Dei

486 1968 861 2035 credentes:
920 1990 1057 2034 non
1114 1970 1451 2037 credentes
1509 1991 1629 2037 sua
1671 1971 1862 2054 culpa
1897 1991 2031 2036 non
2075 1971 2339 2036 credere
2384 1979 2452 2035 et

487 2054 790 2121 damnari
815 2063 936 2121 etc.
1004 2056 1188 2121 Haec
1211 2078 1341 2122 non
1365 2067 1441 2122 ut
1474 2065 1542 2122 te
1564 2057 1832 2123 doceam
1854 2076 2308 2135 commemoro,
2333 2055 2450 2122 sed

487 2140 845 2216 admoneo,
905 2141 1372 2227 circumspecte
1426 2143 1496 2209 in
1546 2144 1671 2210 hac
1728 2163 1925 2210 causa
1984 2144 2297 2221 verseris,
2364 2164 2450 2208 ne

487 2228 704 2292 maius
747 2228 1001 2293 oriatur
1043 2229 1419 2295 incendium
1465 2249 1549 2295 ex
1594 2228 2191 2314 praedestinatione
2250 2248 2449 2311 quam

486 2332 572 2378 ex
617 2312 1035 2379 eucharistia.

661 2398 881 2483 Oogor
913 2400 1045 2464 iam
1069 2401 1460 2482 abrumpere
1483 2402 1802 2483 scriptum
1846 2401 1970 2467 hoc
1992 2421 2235 2479 meum,
2271 2398 2449 2483 quod

485 2485 773 2569 benigne
838 2506 877 2550 a
921 2486 1019 2550 tui
1064 2485 1543 2553 studiosissimo
1587 2488 1868 2571 accipias
1925 2508 2054 2553 or0.
2144 2485 2284 2552 Ora
2326 2506 2447 2569 pro

486 2571 677 2638 nobis
736 2571 1119 2637 Dominum.
1203 2571 1368 2638 Vive
1425 2581 1491 2638 et
1537 2572 1686 2638 vale
1727 2584 2067 2639 aeternum
2111 2593 2259 2639 cum
2305 2594 2444 2637 om-

485 2657 684 2723 nibus
750 2659 913 2736 tuis,
971 2657 1105 2722 imo
1168 2660 1432 2724 nostris.
1523 2659 1661 2725 Mei
1726 2660 1969 2742 generi,
2036 2668 2444 2743 symmystae

485 2764 714 2809 omnes
769 2752 834 2808 te
889 2743 1184 2811 salutant
1225 2754 1294 2809 et
1338 2743 1860 2811 benedictionem
1904 2766 1944 2811 a
1984 2744 2272 2811 Domino
2315 2745 2444 2808 im-

481 2838 858 2913 precantur.
945 2829 1057 2896 Sis
1093 2830 1451 2914 tranquillo
1488 2831 1727 2908 animo,
1772 2832 1991 2898 frater.
2071 2832 2264 2896 Licet
2295 2830 2444 2914 plu-

482 2936 593 2981 res
637 2916 771 2982 sint
806 2916 996 2981 nobis
1040 2917 1278 2995 hostes,
1315 2939 1492 2984 unus
1525 2925 1750 2983 tamen
1786 2938 1905 3001 pro
1950 2917 2255 2983 omnibus
2294 2937 2443 2982 mu-

482 3001 801 3068 nimentis
842 3009 913 3067 et
958 3003 1556 3087 propugnatoribus
1599 3004 1785 3070 Deus
1818 3012 1936 3070 est.
2023 3003 2158 3069 Hic
2197 3011 2265 3068 te
2304 3024 2444 3069 ser-

481 3094 616 3157 vet.
705 3087 938 3174 Tiguri
982 3091 1043 3156 2.
1089 3089 1259 3157 NoV.
1312 3092 1497 3156 1555.

1834 3227 2016 3293 'Puus
2057 3226 2267 3293 EB.

656 3430 806 3498 Iam
863 3452 1043 3499 nunc
1099 3432 1297 3499 rediit
1352 3432 1737 3519 Lymanini
1777 3432 2083 3500 minister
2124 3452 2210 3499 ex
2245 3432 2443 3499 Polo-

481 3520 616 3597 nia,
682 3517 893 3585 literis
955 3525 1250 3585 onustus.
1337 3519 1520 3587 Dicit
1581 3540 1653 3586 se
1718 3519 1974 3586 adferre
2035 3519 2268 3587 fausta.
2345 3518 2446 3583 Hi

483 3604 724 3690 quibus
789 3603 987 3672 hasce
1051 3603 1202 3672 dedi
1248 3606 1608 3673 noluerunt
1665 3615 2046 3692 exspectare
2090 3605 2297 3672 donec
2330 3604 2445 3671 ille

483 3713 558 3758 se
600 3689 959 3773 expediret.
1025 3689 1420 3777 Propediem
1462 3691 1545 3758 de
1588 3691 1690 3759 his
1727 3694 2103 3778 copiosiora.
2183 3691 2445 3758 Iterum

484 3776 654 3844 vale.
735 3777 1064 3843 Audimus
1116 3779 1250 3843 iam
1321 3800 1550 3863 pacem
1612 3799 1653 3845 a
1687 3799 1844 3864 rege
1878 3797 2254 3846 concessam
2297 3798 2444 3843 esse

487 3863 871 3930 Germanis:
918 3863 1043 3929 hoc
1086 3862 1519 3931 confidentius
1554 3864 2135 3931 tumultuabuntur
2168 3863 2284 3931 isti
2318 3872 2442 3929 etc.

485 3947 626 4017 Sed
669 3947 856 4016 Deus
897 3948 1081 4016 videt
1113 3957 1183 4016 et
1223 3971 1377 4018 suos
1411 3958 1618 4018 curat.

1364 4460 1563 4534 2841.

943 4615 1414 4684 GRIBALDI
1457 4614 2001 4685 OONFESSIO.
2089 4673 2100 4684 .

489 4787 582 4854 (In
617 4786 817 4842 Oodice
851 4787 1015 4842 Goth.
1212 4788 1303 4842 fol.
1338 4786 1444 4842 621
1480 4794 1661 4843 exstat
1694 4788 1879 4842 brevis
1896 4786 2143 4843 Gribaldi
2176 4790 2444 4846 confessio

485 4873 651 4911 manu
688 4857 842 4913 Hier.
877 4857 1105 4910 Zanchii
1178 4858 1429 4927 ascripta,
1475 4862 1534 4911 et
1568 4863 1630 4910 ut
1665 4858 1885 4911 videtur
1930 4858 2189 4912 ecclesiae
2227 4861 2445 4914 italicae

488 4925 799 4980 Geuevensi
832 4925 1121 4979 destinata.
1191 4925 1348 4979 Diem
1386 4931 1444 4980 et
1489 4943 1690 4981 anuum
1775 4926 1968 4981 raebet
2000 4926 2339 4983 Trechselius
2374 4929 2445 4983 11.

486 4993 591 5046 461
640 4995 823 5049 nescio
865 4995 1010 5049 unde
1056 4994 1401 5064 desumptos:
1453 4993 1484 5046 ⁷
1530 4995 1658 5051 Idus
1755 5013 1841 5051 ov.
1882 4993 2097 5063 1555.²)
2134 5026 2200 5038 —
2232 4997 2299 5052 In
2339 4998 2445 5052 Ar·

485 5197 759 5334 anulii
789 5198 881 5324 gri
918 5200 1022 5325 35.
1035 5199 1398 5326 1ῗᾶἐῷεὲἒὼ
1410 5199 1606 5326 Ἥὰε
1650 5272 1981 5342 meamus,
2025 5274 2274 5342 primm
2307 5280 2447 5344 quta

485 5335 1614 5412 mmmmm,
1657 5348 1773 5399 tun·
1817 5345 1953 5414 quaa
1996 5342 2129 5400 haee
2171 5344 2445 5413 oonfmio

2011 405 2540 475 EPISTOLAE
2583 408 3010 473 2340-2343

4388 409 4514 473 856

2564 594 2738 648 chivis
2772 592 2957 649 Turio.
2991 595 3134 650 Plut.
3170 594 3321 649 vm.
3358 593 3485 648 vol.
3520 591 3607 659 45,
3652 593 3784 649 olim
3818 595 3885 648 B.
3918 592 4007 664 43,
4055 594 4147 648 fol.
4182 591 4288 648 685
4320 594 4515 650 similis

2564 663 2834 718 confessio
2870 665 3071 733 legitur
3106 665 3365 745 eiusdem,
3411 664 3593 718 nescio
3628 663 3772 717 unde
3804 664 4000 745 petita,
4084 681 4212 744 uam
4246 664 4318 719 ob
4353 681 4514 734 argu·

2838 735 3009 787 menti
3043 733 3453 788 similitudmem
3489 733 3663 802 priori
3696 734 4025 803 subiungere
4102 732 4240 799 bet.)

2732 902 2819 970 D.
2879 903 3290 970 Maximiano
3360 904 3785 990 Martinengo
3849 904 4074 971 comiti
4135 904 4379 970 illustri
4442 910 4514 969 et

2558 989 2752 1057 fratri
2792 988 3191 1057 honorando.

4008 1076 4338 1142 Genevae.

3193 1248 3392 1315 Fides
3437 1247 3521 1311 D.
3569 1246 3892 1315 Gribaldi.

2728 1385 2913 1453 Haec
2967 1394 3071 1452 est
3133 1386 3298 1452 fides
3363 1405 3509 1451 mea
3551 1406 3710 1452 vera
3745 1394 3813 1450 et
3845 1392 4164 1468 perpetua
4205 1405 4404 1468 quam
4437 1385 4514 1450 in

2557 1480 2910 1555 conspectu
2967 1474 3208 1537 summi
3261 1472 3388 1537 Dei
3431 1479 3500 1538 et
3534 1480 3795 1538 sanctae
3835 1473 3975 1537 eius
4019 1471 4330 1537 ecclesiae
4367 1477 4512 1536 toto

2557 1557 2751 1623 corde
2806 1558 3142 1641 professus
3198 1579 3344 1623 sum
3390 1578 3649 1641 semper
3692 1566 3759 1622 et
3791 1558 4107 1641 profiteri,
4152 1558 4299 1623 Deo
4343 1558 4513 1623 bene

2551 1644 2833 1722 favente,
2871 1666 3004 1709 non
3041 1644 3354 1710 desinam.

2725 1729 3046 1795 Firmiter
3102 1729 3296 1797 credo
3351 1735 3420 1794 et
3460 1731 3777 1796 confiteor
3819 1750 4026 1794 unum
4072 1726 4294 1793 Deum
4337 1730 4511 1813 opti-

2554 1836 2736 1881 mum
2793 1818 3178 1897 maximum,
3237 1836 3476 1900 nempe
3520 1826 3776 1899 patrem
3818 1815 4011 1880 illum
4056 1823 4397 1880 aeternum
4441 1822 4511 1881 et

2555 1902 3095 1985 omnipotentem,
3164 1903 3455 1987 primum
3536 1912 3832 1968 autorem
3909 1903 4202 1966 omnium
4277 1922 4508 1967 eorum

2553 2008 2719 2071 quae
2762 1997 2934 2066 sunt,
2980 1989 3343 2053 visibilium
3390 1998 3457 2053 et
3498 1988 3945 2059 invisibilium,
3991 1987 4101 2070 qui
4147 1988 4507 2053 secundum

2552 2075 3027 2156 beneplacitum
3065 2096 3222 2140 suae
3245 2073 3610 2140 voluntatis
3654 2074 3864 2140 filium
3900 2073 4024 2139 sibi
4062 2073 4313 2157 genuit,
4350 2093 4507 2139 suae

2550 2161 2876 2225 maiestati
2921 2181 3040 2243 per
3082 2161 3304 2225 omnia
3326 2161 3627 2239 similem,
3673 2181 3791 2244 per
3834 2181 4027 2243 quem
4072 2169 4331 2225 caetera
4365 2181 4507 2224 om-

2549 2248 2662 2311 nia
2718 2245 3025 2326 condidit,
3082 2268 3276 2329 quem
3336 2256 3561 2329 postea
3605 2245 3874 2311 definito
3917 2256 4210 2327 tempore
4244 2247 4317 2309 in
4362 2254 4505 2311 ute·

2549 2352 2702 2397 rum
2744 2333 3026 2417 virginis
3070 2332 3267 2409 misit,
3312 2343 3388 2397 ut
3428 2331 3521 2397 ibi
3564 2333 3632 2396 in
3677 2353 3877 2398 carne
3913 2353 4263 2397 renascens
4309 2353 4504 2397 verus

2550 2420 2744 2484 homo
2784 2420 2975 2484 fieret
3013 2429 3080 2483 et
3122 2417 3492 2483 humanum
3536 2439 3745 2502 genus
3789 2416 4095 2501 patiendo
4133 2417 4501 2483 redimeret.

2719 2504 3038 2569 Firmiter
3094 2504 3287 2570 oredo
3345 2514 3411 2569 et
3466 2506 3780 2569 confiteor
3839 2525 4047 2568 unum
4107 2502 4238 2568 Dei
4291 2505 4505 2569 filium

2548 2589 2911 2657 Dominum
2984 2590 3206 2656 Iesum
3261 2590 3640 2668 Christum,
3713 2589 3993 2655 verbum
4063 2591 4502 2667 incarnatum,

2549 2678 2767 2742 Deum
2802 2675 2884 2742 de
2926 2677 3091 2755 Deo,
3136 2676 3363 2741 lumen
3408 2676 3488 2741 de
3538 2675 3805 2753 lumine,
3866 2675 4083 2741 Deum
4129 2696 4364 2742 verum
4422 2675 4506 2741 de

2547 2763 2688 2828 Deo
2744 2784 2920 2843 vero,
2978 2762 3605 2828 consubstantialem
3649 2763 3838 2846 patri,
3884 2782 4002 2845 per
4043 2783 4238 2844 quem
4282 2763 4506 2827 omnia

2546 2848 2902 2914 mandante
2960 2856 3146 2932 patre
3203 2855 3271 2915 et
3314 2849 3487 2915 facta
3530 2854 3596 2912 et
3636 2848 3945 2913 restituta
3987 2858 4161 2927 sunt,
4206 2849 4277 2911 in
4317 2848 4507 2913 cuius

2548 2937 2812 3001 nomine
2870 2942 3129 3000 tantum
3188 2933 3470 3000 salutem
3520 2942 3588 2998 et
3644 2933 3852 3002 vitam
3898 2937 4238 2999 aeternam
4281 2955 4504 3017 spera·

2547 3043 2715 3088 mus.

2717 3108 3036 3174 Firmiter
3068 3107 3262 3174 credo
3298 3113 3366 3173 et
3386 3108 3700 3173 confiteor
3718 3127 3924 3172 uuum
3949 3104 4276 3191 Spiritum
4313 3128 4504 3173 sanc-

2545 3200 2714 3274 tum,
2766 3194 3194 3278 paracletum,
3252 3193 3334 3259 ab
3390 3194 3552 3277 ipsis
3614 3192 3752 3258 filio
3812 3198 3881 3257 et
3921 3202 4109 3276 patre
4144 3192 4504 3275 proceden-

2546 3289 2700 3359 tem,
2766 3302 2886 3364 per
2932 3301 3126 3363 quem
3190 3278 3418 3346 fideles
3469 3300 3697 3345 omnes
3739 3285 3809 3344 et
3850 3278 4041 3344 electi
4084 3278 4505 3344 illustrantur

2546 3375 2889 3452 unguntur
2945 3373 3015 3431 et
3065 3367 3583 3445 sanctificantur,
3639 3364 3748 3449 qui
3803 3384 3954 3429 cum
4004 3372 4189 3449 patre
4240 3373 4308 3431 et
4364 3365 4504 3431 filio

2544 3453 2713 3523 vivit
2756 3460 2825 3518 et
2867 3461 3102 3537 regnat
3142 3452 3218 3517 in
3261 3452 3662 3534 sempiterna
3704 3451 3981 3517 saecula.

2718 3538 3016 3605 Tandem
3068 3559 3227 3605 vere
3272 3548 3338 3603 et
3392 3538 3675 3602 firmiter
3732 3544 4010 3603 attestor
4062 3559 4171 3602 me
4229 3538 4500 3605 omuino

2545 3623 2810 3692 credere
2853 3626 3146 3709 recipere
3189 3632 3258 3691 et
3299 3625 3601 3690 confiteri
3651 3621 3967 3707 quidquid
4010 3624 4084 3687 in
4128 3644 4502 3690 sacrosanc-

2544 3713 2632 3778 tis
2693 3711 2935 3778 veteris
2979 3720 3045 3776 et
3088 3711 3247 3778 novi
3285 3711 3664 3777 testamenti
3708 3710 4049 3793 scripturis
4093 3731 4214 3776 nec
4258 3732 4389 3775 non
4435 3717 4501 3776 et

2543 3799 2617 3862 in
2659 3797 2993 3883 symbolis,
3019 3797 3395 3882 Apostolico
3439 3807 3508 3863 et
3540 3797 3605 3861 Ν
3607 3799 3812 3874 iceu0,
3858 3793 4221 3861 secundum
4263 3817 4499 3861 verum

2545 3893 2614 3949 et
2668 3882 3123 3968 evangelicum
3185 3905 3455 3950 sensum
3511 3883 3904 3950 continetur.
3991 3882 4100 3947 Ita
4154 3903 4262 3947 me
4315 3884 4497 3948 Deus

2545 3969 2816 4038 adiuvet
2877 3976 2946 4034 et
3007 3968 3283 4036 iudicet:
3349 3969 3463 4053 qui
3528 3976 3630 4035 est
3692 3966 4060 4034 laudandus
4115 3968 4188 4032 in
4221 3969 4497 4035 saecula.

2545 4060 2783 4123 Amen.

3150 4398 3507 4484 Exemplar
3552 4400 3902 4469 faucense.

2717 4573 2900 4639 Pura
2931 4592 3094 4637 vera
3131 4580 3197 4638 et
3218 4572 3502 4672 simplex
3536 4592 3724 4638 meae
3765 4572 3920 4640 fidei
3939 4572 4264 4672 confessio
4304 4591 4499 4655 quam

2544 4658 2810 4829 2153}ss1
2811 4657 3133 4810 ”ma
3179 4657 3546 4810 {2¹5²}ssss
3606 4658 4320 4812 ffiffissffiffsss.
4345 4679 4499 4809 ‘'12¹3'AE

2545 4831 2740 5001 (831ρέἒέ
2732 4831 3089 4983 taprofiteor
3131 4837 3200 4896 et
3241 4851 3542 4916 agnosco,
3597 4851 3801 4897 manu
3843 4833 4108 4918 propria
4149 4832 4395 4915 scripta
4435 4837 4499 4895 et

2545 5205 2983 5290 orthoaoaeaoeg,
3028 5206 3564 5263 Benaco-oded·
3705 5210 4498 5294 mmpon‘efditaloqyo‘-

2543 5274 3508 5401 mBullmmml.1m1
3616 5279 4500 5349 >quummaxhibuoese
