4850 6200
470 427 595 492 108

468 613 748 682 Accedit
789 613 989 680 etiam
1033 610 1351 676 autoritas
1405 608 1535 673 ista
1578 613 1716 681 tna,
1773 626 1907 689 qua
1958 604 2127 670 mihi
2170 604 2426 671 obtrec-

470 708 690 766 tantes
745 718 879 765 non
932 697 1142 764 solum
1198 694 1488 760 refutare
1501 744 1516 767 ‚
1575 712 1810 758 verum
1868 691 2068 757 etiam
2126 690 2428 757 cohibere

472 786 713 870 possis:
773 784 949 868 quod
1001 803 1122 867 ego
1165 791 1231 847 et
1281 779 1405 845 feci
1451 788 1648 844 antea
1688 799 1809 860 pro
1854 775 2036 843 vobis
2079 786 2429 860 vestraque

470 871 761 948 ecclesia,
807 880 875 935 et
916 889 1064 934 sum
1106 866 1409 949 deinceps
1448 865 1758 931 faomrus.
1847 862 2035 928 Vale.
2125 861 2429 929 Basileae

482 962 663 1023 1554.
690 958 745 1039 ⁸)

1359 1479 1546 1551 1939.

980 1635 1444 1703 INOERTUS
1489 1630 1918 1700 INOERTO.

648 1809 959 1893 Apoloyia
1005 1805 1257 1874 calvini
1314 1806 1394 1871 ab
1448 1805 1663 1888 aliquo
1717 1805 1883 1869 satis
1937 1806 2247 1870 moderato
2286 1807 2425 1871 viro

476 1898 717 1980 scripta
756 1895 844 1960 ad
885 1893 1158 1976 aliquem
1207 1892 1379 1958 verbi
1434 1891 1644 1956 divini
1694 1892 2074 1970 ministrum,
2133 1891 2246 1972 qui
2302 1910 2425 1957 non

472 1984 569 2047 ita
600 1981 853 2064 pridem
894 2000 970 2045 ea:
1001 1977 1366 2045 monachatu
1399 1998 1464 2042 se
1496 1976 1584 2041 ad
1615 1975 1998 2060 evanqelium
2029 1980 2423 2055 converterat,

473 2073 530 2132 ct
614 2087 777 2133 nunc
862 2070 1074 2131 contra
1155 2064 1495 2130 antistitem
1583 2062 1992 2127 Genevensem
2077 2063 2425 2127 doctrinam

474 2152 728 2219 Bozeeci
768 2151 1123 2233 defenderat
1165 2155 1222 2215 et
1247 2148 1561 2215 Servatum
1594 2149 1902 2214 immerito
1943 2149 2143 2230 capite
2167 2147 2424 2230 ptem
2458 2135 2473 2151 ⁸

470 2241 830 2322 scripserat.

474 2410 701 2477 (Exstat
743 2411 846 2465 hoc
897 2410 1275 2463 documentum
1326 2408 1384 2461 in
1429 2407 1559 2461 Ood.
1608 2407 1813 2462 Genev.
1863 2404 1983 2475 108,
2034 2406 2126 2461 sol.
2162 2407 2214 2475 ὁ,
2260 2424 2423 2461 manu

475 2496 678 2533 coaeva
710 2480 1002 2549 scriptum
1057 2477 1246 2530 charta
1288 2478 1346 2530 in
1381 2477 1644 2546 epistolae
1690 2475 1917 2529 sormam
1960 2476 2282 2545 complicata
2326 2477 2421 2530 sed

1125 2548 1330 2614 absque
1367 2545 1760 2611 inscriptione.)

646 2719 867 2802 Quum
924 2719 1368 2801 superioribus
1419 2715 1650 2782 diebus
1708 2716 2073 2800 aliquorum
2119 2737 2420 2782 sermone

472 2806 1026 2872 intellexissemus
1080 2816 1145 2868 te
1203 2804 1349 2870 istic
1414 2803 1623 2869 divini
1687 2802 1873 2869 verbi
1941 2802 2194 2869 semina
2256 2825 2419 2885 pure

476 2904 617 2959 tum
663 2894 892 2968 iacere,
955 2902 1093 2955 tum
1139 2911 1304 2971 quae
1362 2891 1492 2954 iam
1536 2890 1692 2953 olim
1736 2890 1910 2954 iacta
1951 2889 2214 2953 fuerant
2256 2910 2420 2971 pure

470 2980 770 3064 irrigare,
814 2997 948 3042 non
969 2974 1384 3040 mediocriter
1406 2974 1672 3057 quidem
1699 2984 1777 3037 ut
1796 2994 1916 3056 par
1941 2983 2086 3038 erat
2118 2974 2421 3040 delectati

471 3086 718 3141 sumus,
765 3060 1156 3143 coelestique
1177 3060 1351 3145 patri
1392 3081 1537 3125 eam
1582 3060 1661 3124 ob
1685 3078 1828 3125 rem
1871 3059 2119 3144 gratias
2164 3061 2420 3145 egimus

473 3149 647 3235 quod
692 3148 939 3214 vicinos
983 3157 1241 3212 nostros
1262 3152 1310 3228 ¹)
1371 3145 1761 3229 eosdemque
1815 3146 2055 3211 amicos
2098 3167 2231 3211 non
2272 3147 2418 3212 vul-

473 3257 666 3321 gares
723 3232 1050 3318 spirituali
1105 3232 1228 3297 hac
1294 3232 1742 3298 benedictione
1798 3252 2028 3297 rursus
2084 3233 2420 3310 inviseret,

473 3321 707 3405 quibus
760 3318 1016 3403 fulgore
1066 3339 1184 3384 suo
1226 3319 1359 3383 iam
1404 3317 1748 3402 aliquoties
1787 3318 2128 3384 illuxisset.
2217 3320 2421 3402 Atqui

470 3428 676 3491 quum
709 3417 857 3490 post
891 3405 1137 3487 aliquot
1158 3407 1194 3440 ⁴*
1230 3406 1541 3487 temporis
1575 3404 1991 3470 intervallum
2022 3424 2061 3469 a
2093 3403 2420 3489 plerisque

474 3494 752 3560 relatum
798 3490 985 3557 nobis
1028 3500 1217 3571 esset,
1275 3502 1340 3557 te
1396 3492 1704 3573 privatim
1748 3512 1823 3556 ao
1868 3490 2122 3572 publice
2172 3489 2422 3561 calvini

472 3600 716 3646 nomen
772 3577 1157 3662 suggillare,
1217 3575 1343 3641 dici
1401 3598 1532 3642 non
1588 3587 1802 3659 potest
1854 3598 2048 3659 quam
2103 3598 2298 3661 aegre
2351 3575 2421 3642 id

473 3667 740 3732 omnino
806 3664 1180 3741 tulerimus,
1251 3685 1383 3728 non
1451 3672 1590 3727 tam
1648 3662 1908 3745 quidem
1977 3664 2234 3747 privato
2291 3665 2420 3730 viri

473 3752 653 3817 illius
697 3751 962 3815 nomine
1008 3750 1340 3832 (quamvis
1383 3757 1452 3815 et
1483 3748 1551 3813 id
1593 3748 1881 3832 quoque)
1924 3769 2120 3832 quam
2162 3748 2419 3832 publico

472 3839 673 3902 totius
701 3836 1027 3911 ecclesiae,
1072 3856 1237 3918 quae
1264 3857 1419 3900 sane
1441 3835 1751 3899 aculeatis
1775 3836 1917 3899 istis
1941 3835 2264 3901 morsibus
2286 3855 2418 3901 non

471 3935 688 4008 potest
730 3942 1183 4006 perversorum
1230 3922 1589 4000 hominum,
1650 3921 1989 3987 atheorum
2043 3922 2308 4006 inquam
2353 3931 2420 3987 et

472 4009 983 4095 hypocritarum,
1029 4009 1281 4084 saunis,
1341 4028 1470 4072 non
1512 4017 1754 4090 patere.
1844 4006 1938 4073 Ut
1978 4008 2241 4072 interim
2286 4028 2420 4074 non

475 4098 683 4163 dicam
750 4093 1140 4159 eiuscemodi
1205 4092 1491 4158 dissidiis
1562 4093 1873 4176 pietatem
1944 4113 2418 4176 nonnunquam

558 4181 831 4247 riclitari
868 4179 1041 4262 apud
1078 4181 1486 4257 infirmiores,
1530 4195 1804 4261 quorum
1840 4187 2064 4244 tamen
2100 4180 2420 4246 rationem

562 4268 717 4335 bere
759 4266 1121 4333 christiana
1162 4266 1400 4332 caritas
1444 4264 1693 4331 suadet.
1767 4262 1947 4331 Satis
1991 4285 2149 4330 vero
2193 4287 2419 4348 super-

472 4376 600 4440 que
634 4354 718 4419 ab
753 4353 836 4417 iis
879 4353 989 4435 qui
1026 4352 1404 4416 manifestos
1447 4372 1518 4416 se
1561 4353 1951 4435 profitentur
1992 4349 2419 4430 adversarios,

474 4443 583 4525 pia
639 4439 939 4506 doctrina
955 4441 1010 4514 2)
1068 4438 1197 4503 iam
1259 4437 1635 4520 patiebatur
1689 4438 2104 4515 incommodi,
2163 4437 2421 4503 etiamsi

473 4527 557 4594 ab
601 4526 729 4592 illis
769 4525 879 4609 qui
924 4544 994 4588 se
1034 4524 1277 4589 amicos
1319 4522 1714 4607 praedicant,
1771 4523 1869 4587 illi
1911 4523 2039 4609 ipsi
2080 4524 2421 4607 negotium

477 4634 610 4681 non
667 4610 1115 4678 exhiberetur.
1228 4608 1322 4674 Ea
1366 4609 1651 4692 profecto
1708 4609 2014 4687 vulnera,
2079 4628 2245 4691 quae
2305 4615 2423 4673 aut

474 4708 751 4764 mortem
795 4706 912 4762 aut
965 4694 1353 4761 diuturnum
1397 4697 1684 4760 afferunt
1725 4694 2137 4779 languorem,
2200 4693 2421 4759 inimi-

476 4807 699 4851 corum
743 4781 1070 4850 censenda
1111 4792 1288 4860 sunt,
1333 4781 1416 4847 ab
1453 4780 1680 4848 amicis
1712 4781 1924 4865 infligi
1958 4801 2089 4845 non
2125 4789 2419 4863 possunt.

477 4870 645 4952 Quis
672 4887 913 4954 quaeso
950 4876 1438 4951 praeposterum
1460 4867 1649 4933 illum
1672 4866 1904 4946 zelum,
1938 4864 2107 4949 quod
2144 4866 2423 4931 monstri

682 5143 743 5208 5)
794 5142 895 5195 Ver
993 5147 1046 5225 με
1079 5142 1293 5224 Manto
1335 5148 1441 5224 ωε(
1483 5142 1703 5197 mu
1740 5139 1927 5209 Aproi
1958 5142 2219 5211 sarepta»
2250 5143 2427 5207 moe

474 5157 1155 5350 &effla
1186 5226 1471 5282 '‘w-”⁰
1506 5208 1581 5266 Ν·
1625 5206 1777 5263 ¹⁹⁴²·

682 5350 744 5418 2)
781 5350 852 5406 de
1144 5352 1155 5364 ‘

2001 415 2530 484 EPISTOLAE
2582 418 3001 481 1938—1989

4362 414 4482 479 104

2529 604 2620 668 sit
2658 605 2899 680 instar,
2958 613 3091 666 non
3145 621 3415 685 prorsus
3458 603 3738 680 reiiciat,
3801 601 3911 668 ubi
4004 601 4108 668 uis
4149 602 4368 668 verbis
4410 621 4484 667 se

2529 690 2750 753 favere
2803 687 3133 767 venditat,
3189 708 3263 751 re
3316 687 3462 769 ipsa
3507 685 3741 755 nocet?
3829 689 3972 754 Istu
4075 686 4341 752 demum
4383 700 4488 753 est

2530 773 2967 857 praevaricari
3030 783 3098 838 et
3161 772 3635 855 quodammodo
3688 795 3841 840 cum
3916 774 4214 841 hostibus
4277 772 4506 861 aeliu-0

2533 860 2706 938 dere,
2767 881 2899 924 non
2959 859 3360 944 reipublicae
3412 859 3753 925 consulere
3797 860 4016 925 saluti.
4101 857 4484 943 Simplicius

2533 966 2691 1011 sane
2734 966 2811 1011 ac
2852 947 3080 1028 purius
3124 956 3224 1011 est
3244 944 3766 1012 Christianorum
3803 947 4134 1030 ingenium
4167 966 4369 1029 quam
4404 952 4486 1011 ut

2531 1040 2778 1096 temere
2822 1030 2985 1096 tales
3029 1032 3211 1097 fucos
3255 1030 3579 1096 admittat.

2704 1116 2839 1183 Sed
2893 1129 3113 1182 tamen
3174 1116 3553 1200 priusquam
3613 1117 3792 1184 aliud
3846 1137 4036 1201 agam
4094 1118 4366 1201 propius
4409 1140 4483 1184 es

2530 1201 2699 1267 mihi
2755 1201 3260 1269 conveniendus.
3346 1202 3490 1266 Iam
3546 1204 3718 1286 quod
3767 1202 4121 1277 Calvinum,
4182 1212 4258 1268 ut
4309 1205 4481 1268 mul·

2531 1301 2751 1354 torum
2795 1289 3128 1354 auditione
3172 1291 3409 1370 accepi,
3468 1289 3655 1371 quasi
3713 1309 3901 1354 reum
3943 1289 4016 1353 in
4057 1289 4164 1354 ius
4204 1289 4484 1355 subinde

2530 1394 2765 1440 vocare
2817 1372 3016 1449 soles',
3077 1374 3134 1440 si
3192 1374 3649 1458 respondeam,
3723 1383 3791 1440 te
3846 1394 3970 1440 nec
4019 1373 4304 1458 ingenue
4361 1395 4484 1444 nec

2534 1458 2910 1525 humaniter
2974 1480 3200 1544 agere,
3275 1461 3388 1543 qui
3449 1459 3787 1526 absentem
3852 1460 4221 1527 crimineris
4289 1472 4483 1544 teque

2530 1544 2829 1629 legitima
2866 1566 3027 1611 exce
3075 1548 3253 1611 tione
3295 1548 3529 1611 merito
3562 1545 4030 1631 repellendum,
4074 1547 4248 1629 quod
4291 1559 4485 1614 extra

2530 1653 2722 1698 suum
2763 1632 2978 1697 forum
3070 1633 3272 1697 omini
3327 1631 3511 1698 litem
3555 1631 3879 1711 intendas,
3925 1633 4073 1716 quis
4116 1632 4182 1698 id
4220 1653 4483 1700 mecum

2525 1718 2670 1782 iure
2715 1739 2847 1783 non
2891 1716 3219 1783 fateatur?
3308 1716 3562 1803 Demus
3624 1739 3775 1784 vero
3827 1720 3899 1783 in
3959 1718 4297 1785 nonnullis
4355 1722 4481 1784 im·

2529 1805 2787 1887 pegisse
2814 1803 3148 1869 Calvinum
3184 1813 3253 1869 et
3286 1804 3556 1870 humani
3592 1802 3836 1889 aliquid
3873 1824 4138 1888 passum
4170 1805 4401 1872 fuisse:
4423 1808 4479 1893 ⁸)

2530 1910 2617 1954 an
2650 1887 2796 1954 ideo
2829 1899 3056 1956 tantae
3091 1890 3210 1954 tibi
3249 1889 3619 1973 tragoediae
3659 1891 3762 1957 bis
3796 1891 3869 1956 in
3904 1890 4061 1957 locis
4096 1891 4460 1957 excitanda«

2530 1975 2764 2040 erant?
2838 1996 2925 2040 an
2996 1977 3197 2041 etiam
3256 1977 3338 2041 de
3393 1977 3790 2043 christianae
3849 1975 4205 2043 modestiae
4268 1978 4476 2061 gradu

2530 2062 2646 2127 tibi
2695 2059 3172 2127 decidendum?
3261 2062 3454 2144 Quod
3512 2065 3571 2128 si
3626 2083 3703 2128 ea
3760 2063 3879 2128 tibi
3936 2062 4174 2147 dignus
4217 2064 4484 2128 videtur

2527 2148 2924 2213 contumelia
2963 2147 3283 2225 Calvinae,
3327 2158 3397 2213 at
3430 2149 3490 2212 ei
3524 2148 3924 2231 parcendum
3964 2160 4109 2213 erat
4150 2149 4481 2229 ecclesiae,

2528 2234 2595 2297 in
2638 2254 2766 2316 qua
2813 2233 3131 2300 Dominus
3188 2236 3533 2318 magnifice
3591 2254 3745 2300 suas
3799 2234 4090 2318 quotidie
4150 2236 4319 2300 vires
4362 2257 4480 2300 ex·

2528 2321 2706 2395 serit,
2752 2341 3080 2403 quamque
3121 2330 3260 2385 tam
3315 2319 3670 2402 praeclaris
3721 2320 3981 2387 dotibus
4039 2321 4338 2397 illustrat,
4401 2332 4475 2386 ut

2527 2406 2597 2470 in
2638 2405 2742 2471 1118
2777 2406 3191 2489 ignorantiae
3225 2425 3300 2471 ac
3322 2407 3862 2489 superstitionum
3899 2407 4204 2485 tenebris,
4242 2406 4480 2491 quibus

2526 2491 2719 2556 effusi
2757 2492 3047 2575 plerique
3085 2492 3380 2557 homines
3414 2493 3652 2558 misere
3694 2492 4058 2557 etiamnum
4087 2496 4478 2571 caecutiunt,

2526 2577 2713 2642 velut
2745 2578 3025 2662 insignis
3061 2576 3377 2661 quaedam
3414 2578 3666 2660 lampas
3707 2578 4087 2662 evangelico
4129 2578 4481 2663 splendore

2524 2664 2667 2729 orbi
2724 2663 3114 2743 christiano,
3175 2663 3422 2729 nedum
3467 2664 3592 2748 ipsi
3648 2663 3930 2740 Galliae,
3985 2666 4242 2730 eminus
4293 2687 4481 2749 prae-

2524 2749 2755 2816 luceat.
2864 2749 2955 2816 Ut
3009 2750 3310 2815 omittam
3378 2749 3549 2833 quod
3604 2750 3971 2817 innumeris
4025 2750 4178 2816 Iesu
4227 2750 4479 2818 Christi

2525 2836 2735 2900 servis
2778 2835 3088 2902 adversus
3134 2839 3509 2921 tyrannicos
3552 2837 3838 2902 insultus
3893 2835 4150 2901 nullum
4192 2838 4327 2902 iam
4370 2852 4478 2902 tu·

2524 2924 2654 2988 tius
2711 2921 2968 3008 asylum
3028 2923 3236 3004 possit
3292 2922 3532 2988 offerri.
3623 2920 3816 3003 Quod
3871 2923 3927 2986 si
3981 2923 4152 2987 forte
4210 2923 4476 3006 quidam

2521 3007 2659 3074 illic
2703 3007 2879 3072 haud
2923 3009 3081 3074 satis
3124 3006 3205 3073 de
3249 3018 3317 3070 te
3359 3010 3525 3073 bene
3569 3008 3785 3072 meriti
3841 3018 4016 3083 sunt,
4033 3010 4090 3089 ⁴)
4149 3029 4233 3072 an
4278 3029 4397 3092 pro

2522 3105 2706 3158 terea
2750 3094 2913 3161 haec
2965 3093 3214 3160 invidia
3266 3093 3335 3159 in
3390 3097 3771 3161 universum
3826 3116 4060 3179 corpus
4115 3093 4387 3161 derivau

2525 3179 2715 3246 erat?
2804 3181 2906 3245 Tu
2960 3193 3182 3245 tamen
3235 3181 3434 3245 istaec
3501 3201 3694 3263 quam
3756 3180 3943 3246 nihili
4016 3181 4294 3263 pendas,
4368 3203 4477 3246 res

2525 3267 2669 3349 ipsa
2710 3268 2870 3331 satis
2915 3265 3221 3332 declarat.

2692 3351 2942 3417 Verum
2987 3352 3176 3434 cupio
3204 3350 3322 3416 abs
3356 3361 3422 3417 te
3449 3353 3816 3437 intelligere
3881 3352 3994 3418 uid
4017 3367 4090 3417 tu
4114 3352 4377 3418 tandem
4404 3356 4476 3418 in

2531 3436 2788 3504 Calvino
2841 3456 3106 3502 censeas
3171 3438 3696 3520 improbandum.
3799 3373 4109 3504 1111010800
4173 3461 4254 3505 an
4324 3440 4475 3505 doc-

2526 3523 2812 3589 trinam?
2859 3545 2944 3589 an
2988 3524 3182 3589 etiam
3231 3523 3631 3608 utrumque?
3700 3523 3846 3589 Iam
3890 3526 3945 3590 si
3988 3545 4248 3590 morum
4293 3526 4477 3593 illius

2524 3630 2862 3677 censorem
2908 3610 3067 3694 agis,
3112 3629 3325 3692 neque
3369 3610 3567 3688 locus,
3615 3631 3825 3693 neque
3870 3621 4150 3694 tempus,
4197 3631 4317 3676 nec
4361 3611 4473 3678 de·

2524 3698 2722 3779 nique
2765 3694 3167 3761 consuetudo
3203 3705 3337 3760 tam
3376 3694 3629 3762 acidam
3671 3717 3943 3778 eamque
3986 3709 4474 3779 praeposteram

2524 3781 3096 3866 reprehensionem
3140 3779 3513 3848 admittunt.
3575 3783 3678 3847 De
3716 3782 3855 3848 loco
3891 3792 3960 3848 et
4001 3792 4295 3866 tempore
4339 3785 4476 3850 iam

2523 3866 2826 3933 nonnihil
2869 3867 3174 3951 superius
3219 3869 3428 3952 attigi,
3485 3879 3553 3933 et
3604 3876 3830 3951 postea
3872 3867 4039 3933 forte
4082 3869 4331 3952 aliquid
4375 3869 4474 3934 di·

2522 3953 2803 4020 cendum
2846 3954 2984 4019 erit.
3056 3950 3396 4033 Quantum
3433 3953 3517 4020 ad
3556 3964 3961 4037 postremum
3998 3955 4252 4034 attinet,
4298 3957 4475 4038 quod

2522 4038 2631 4104 hic
2676 4040 2817 4123 agis
2862 4038 3186 4105 maiorum
3243 4039 3564 4106 institutis
3618 4048 4126 4106 consentaneum
4171 4061 4307 4106 non
4352 4054 4473 4107 est.

2522 4124 2628 4191 De
2687 4124 2997 4208 apostolis
3057 4137 3126 4189 et
3170 4126 3540 4210 apostolicis
3587 4128 3750 4192 viris
3802 4126 4048 4209 loquor,
4104 4129 4213 4209 qui
4262 4125 4472 4193 domi-

2527 4212 2654 4276 nici
2699 4210 2990 4275 mandati
3050 4231 3390 4291 memores,
3457 4210 3568 4276 ubi
3624 4215 3772 4295 quis
3817 4212 4038 4295 lapsus
4092 4223 4293 4292 esset,
4339 4214 4473 4277 fra-

2524 4306 2715 4362 terna
2736 4298 3007 4363 caritate
3043 4297 3375 4362 hominem
3410 4296 3849 4364 admonebant
3882 4318 4009 4381 quo
4044 4300 4472 4383 resipisceret.

2525 4382 2716 4464 Quod
2785 4384 2840 4448 si
2916 4383 3419 4468 pertinaciorem
3481 4380 3907 4449 offendissent
3974 4404 4171 4468 quam
4232 4398 4304 4451 ut
4367 4387 4474 4469 pia

2523 4468 2979 4534 exhortatione
3014 4468 3097 4534 ad
3130 4469 3466 4535 meliorem
3501 4468 3761 4555 frugem
3797 4489 3869 4536 80
3902 4470 4239 4553 reciperet,
4281 4491 4475 4555 prae-

2525 4554 2843 4638 scriptum
2910 4575 2950 4618 a
3001 4553 3289 4620 Domino
3351 4556 3647 4622 ordinem
3711 4556 4276 4640 persequebantur
4341 4579 4475 4624 non

2525 4638 2957 4724 erumpebant
3021 4642 3321 4724 protinus
3387 4642 3458 4707 in
3522 4642 3819 4708 convicia
3888 4650 3954 4707 et
4024 4644 4471 4710 contumelias.

2524 4726 2620 4793 Ut
2673 4735 2926 4792 taceam
2982 4724 3154 4810 quod
3207 4726 3403 4812 longe
3446 4728 3576 4793 alia
3620 4728 3869 4793 ratione
3911 4746 4060 4794 cum
4104 4731 4476 4813 pastoribus

2528 4833 2603 4879 ac
2661 4812 2846 4878 verbi
2900 4812 3219 4878 ministris
3275 4814 3560 4898 agebant
3614 4814 3706 4897 pii
3764 4813 3864 4878 illi
3918 4825 4171 4897 patres,
4235 4818 4476 4900 quippe

2524 4898 2638 4983 qui
2680 4899 2950 4983 spiritus
2995 4897 3205 4965 edocti
3247 4900 3643 4985 magisterio,
3688 4907 3764 4966 ut
3797 4920 3931 4966 non
3975 4908 4219 4966 temere
4263 4922 4478 4987 neque

2714 5139 2790 5222 .3)
2828 5140 3126 5210 Apoloqcta
3157 5148 3341 5198 noem
3377 5156 3488 5195 non
3532 5143 3676 5195 &uer
3707 5141 3929 5195 minos
3965 5139 4187 5196 calvini
4214 5157 4476 5211 quaera—

2525 5208 2632 5264 m
2664 5208 3365 5416 ”wagan-amque»
3398 5278 3656 5334 mntem
3687 5278 3805 5346 epu
3837 5294 3950 5334 non
3984 5279 4251 5335 immo
4285 5279 4476 5334 aeae-
