<?xml version="1.0" encoding="UTF-8"?>
<!DOCTYPE html PUBLIC "-//W3C//DTD XHTML 1.0 Transitional//EN"
    "http://www.w3.org/TR/xhtml1/DTD/xhtml1-transitional.dtd">
<html xmlns="http://www.w3.org/1999/xhtml" xml:lang="en" lang="en">
 <head>
  <title>
</title>
<meta http-equiv="Content-Type" content="text/html;charset=utf-8" />
  <meta name='ocr-system' content='tesseract 3.04.00' />
  <meta name='ocr-capabilities' content='ocr_page ocr_carea ocr_par ocr_line ocrx_word'/>
</head>
<body>
  <div class='ocr_page' id='page_1' title='image "./ioanniscalvinio09unkngoog_0436.png"; bbox 0 0 4850 6200; ppageno 0'>
   <div class='ocr_carea' id='block_1_1' title="bbox 482 441 611 502">
    <p class='ocr_par' dir='ltr' id='par_1_1' title="bbox 482 441 611 502">
     <span class='ocr_line' id='line_1_1' title="bbox 482 441 611 502; baseline 0.008 -1"><span class='ocrx_word' id='word_1_1' title='bbox 482 441 611 502; x_wconf 83' lang='lat'>839</span> 
     </span>
    </p>
   </div>
   <div class='ocr_carea' id='block_1_2' title="bbox 472 620 2442 5093">
    <p class='ocr_par' dir='ltr' id='par_1_2' title="bbox 472 620 2442 2944">
     <span class='ocr_line' id='line_1_2' title="bbox 482 620 2440 708; baseline -0.004 -17"><span class='ocrx_word' id='word_1_2' title='bbox 482 624 732 691; x_wconf 77' lang='lat' dir='ltr'>Filium</span> <span class='ocrx_word' id='word_1_3' title='bbox 778 623 1103 708; x_wconf 85' lang='lat' dir='ltr'>Spiritum</span> <span class='ocrx_word' id='word_1_4' title='bbox 1163 632 1462 689; x_wconf 89' lang='lat' dir='ltr'>sanctum</span> <span class='ocrx_word' id='word_1_5' title='bbox 1508 623 1930 706; x_wconf 75' lang='lat' dir='ltr'>discerpatur.</span> <span class='ocrx_word' id='word_1_6' title='bbox 2017 622 2124 687; x_wconf 84' lang='lat' dir='ltr'>Ex</span> <span class='ocrx_word' id='word_1_7' title='bbox 2168 642 2294 704; x_wconf 90' lang='lat' dir='ltr'>quo</span> <span class='ocrx_word' id='word_1_8' title='bbox 2339 620 2440 684; x_wconf 92' lang='lat' dir='ltr'>di-</span> 
     </span>
     <span class='ocr_line' id='line_1_3' title="bbox 484 707 2439 793; baseline -0.003 -16"><span class='ocrx_word' id='word_1_9' title='bbox 484 721 657 777; x_wconf 83' lang='lat' dir='ltr'>serte</span> <span class='ocrx_word' id='word_1_10' title='bbox 716 711 964 793; x_wconf 83' lang='lat' dir='ltr'><strong>colligit</strong></span> <span class='ocrx_word' id='word_1_11' title='bbox 1009 732 1138 773; x_wconf 91' lang='lat' dir='ltr'>non</span> <span class='ocrx_word' id='word_1_12' title='bbox 1191 710 1401 793; x_wconf 81' lang='lat' dir='ltr'>magis</span> <span class='ocrx_word' id='word_1_13' title='bbox 1457 709 1810 774; x_wconf 89' lang='lat' dir='ltr'>absurdum</span> <span class='ocrx_word' id='word_1_14' title='bbox 1857 731 1998 773; x_wconf 88' lang='lat' dir='ltr'>esse</span> <span class='ocrx_word' id='word_1_15' title='bbox 2043 707 2259 772; x_wconf 89' lang='lat' dir='ltr'>dicere</span> <span class='ocrx_word' id='word_1_16' title='bbox 2303 716 2439 771; x_wconf 88' lang='lat' dir='ltr'>tres</span> 
     </span>
     <span class='ocr_line' id='line_1_4' title="bbox 485 793 2442 880; baseline -0.004 -17"><span class='ocrx_word' id='word_1_17' title='bbox 485 818 629 863; x_wconf 88' lang='grc'>6886</span> <span class='ocrx_word' id='word_1_18' title='bbox 674 797 826 861; x_wconf 90' lang='lat' dir='ltr'>deos</span> <span class='ocrx_word' id='word_1_19' title='bbox 871 817 1064 880; x_wconf 86' lang='lat' dir='ltr'>quam</span> <span class='ocrx_word' id='word_1_20' title='bbox 1111 807 1245 859; x_wconf 88' lang='lat' dir='ltr'>tres</span> <span class='ocrx_word' id='word_1_21' title='bbox 1288 818 1430 860; x_wconf 90' lang='lat' dir='ltr'>esse</span> <span class='ocrx_word' id='word_1_22' title='bbox 1475 795 1791 873; x_wconf 89' lang='lat' dir='ltr'>homines,</span> <span class='ocrx_word' id='word_1_23' title='bbox 1837 796 2135 877; x_wconf 86' lang='lat' dir='ltr'>quamvis</span> <span class='ocrx_word' id='word_1_24' title='bbox 2171 814 2308 857; x_wconf 89' lang='lat' dir='ltr'>una</span> <span class='ocrx_word' id='word_1_25' title='bbox 2352 793 2442 857; x_wconf 89' lang='lat' dir='ltr'>sit</span> 
     </span>
     <span class='ocr_line' id='line_1_5' title="bbox 483 879 2441 949; baseline -0.004 0"><span class='ocrx_word' id='word_1_26' title='bbox 483 883 615 949; x_wconf 91' lang='lat' dir='ltr'>Dei</span> <span class='ocrx_word' id='word_1_27' title='bbox 681 885 849 947; x_wconf 91' lang='lat' dir='ltr'>sicut</span> <span class='ocrx_word' id='word_1_28' title='bbox 918 883 1071 945; x_wconf 89' lang='lat' dir='ltr'>item</span> <span class='ocrx_word' id='word_1_29' title='bbox 1141 881 1428 946; x_wconf 91' lang='lat' dir='ltr'>hominis</span> <span class='ocrx_word' id='word_1_30' title='bbox 1496 894 1750 946; x_wconf 87' lang='lat' dir='ltr'>natura.</span> <span class='ocrx_word' id='word_1_31' title='bbox 1861 880 2119 946; x_wconf 78' lang='lat' dir='ltr'>Deinde</span> <span class='ocrx_word' id='word_1_32' title='bbox 2182 879 2441 944; x_wconf 77' lang='lat' dir='ltr'>Christi</span> 
     </span>
     <span class='ocr_line' id='line_1_6' title="bbox 484 966 2440 1046; baseline -0.003 -12"><span class='ocrx_word' id='word_1_33' title='bbox 484 980 758 1035; x_wconf 85' lang='lat' dir='ltr'>naturas</span> <span class='ocrx_word' id='word_1_34' title='bbox 793 972 886 1033; x_wconf 91' lang='lat' dir='ltr'>ita</span> <span class='ocrx_word' id='word_1_35' title='bbox 921 967 1265 1033; x_wconf 87' lang='lat' dir='ltr'>confundit</span> <span class='ocrx_word' id='word_1_36' title='bbox 1301 978 1375 1032; x_wconf 91' lang='lat' dir='ltr'>ut</span> <span class='ocrx_word' id='word_1_37' title='bbox 1412 966 1756 1046; x_wconf 77' lang='grc' dir='ltr'><strong><em>ἰδιωμάτων</em></strong></span> <span class='ocrx_word' id='word_1_38' title='bbox 1791 968 2440 1032; x_wconf 78' lang='lat' dir='ltr'>communicationem</span> 
     </span>
     <span class='ocr_line' id='line_1_7' title="bbox 482 1052 2439 1137; baseline -0.002 -18"><span class='ocrx_word' id='word_1_39' title='bbox 482 1076 620 1120; x_wconf 84' lang='lat' dir='ltr'>non</span> <span class='ocrx_word' id='word_1_40' title='bbox 655 1062 1001 1119; x_wconf 89' lang='lat' dir='ltr'>contentus</span> <span class='ocrx_word' id='word_1_41' title='bbox 1036 1053 1515 1137; x_wconf 81' lang='lat' dir='ltr'>reprehendere</span> <span class='ocrx_word' id='word_1_42' title='bbox 1549 1055 1747 1118; x_wconf 92' lang='lat' dir='ltr'>etiam</span> <span class='ocrx_word' id='word_1_43' title='bbox 1785 1053 2093 1120; x_wconf 86' lang='lat' dir='ltr'>conviciis</span> <span class='ocrx_word' id='word_1_44' title='bbox 2128 1052 2439 1134; x_wconf 78' lang='lat' dir='ltr'>exagitet.</span> 
     </span>
     <span class='ocr_line' id='line_1_8' title="bbox 488 1138 2441 1222; baseline -0.003 -17"><span class='ocrx_word' id='word_1_45' title='bbox 488 1140 668 1222; x_wconf 80' lang='lat' dir='ltr'>Quid</span> <span class='ocrx_word' id='word_1_46' title='bbox 714 1152 930 1205; x_wconf 92' lang='lat' dir='ltr'>autem</span> <span class='ocrx_word' id='word_1_47' title='bbox 969 1150 1071 1205; x_wconf 90' lang='lat' dir='ltr'>est</span> <span class='ocrx_word' id='word_1_48' title='bbox 1126 1141 1327 1222; x_wconf 88' lang='lat' dir='ltr'>impie</span> <span class='ocrx_word' id='word_1_49' title='bbox 1385 1140 1631 1205; x_wconf 87' lang='lat' dir='ltr'>sentire</span> <span class='ocrx_word' id='word_1_50' title='bbox 1673 1148 1742 1204; x_wconf 92' lang='lat' dir='ltr'>et</span> <span class='ocrx_word' id='word_1_51' title='bbox 1793 1139 1968 1220; x_wconf 91' lang='lat' dir='ltr'>loqui</span> <span class='ocrx_word' id='word_1_52' title='bbox 2026 1139 2080 1202; x_wconf 92' lang='lat' dir='ltr'>si</span> <span class='ocrx_word' id='word_1_53' title='bbox 2137 1138 2260 1201; x_wconf 92' lang='lat' dir='ltr'>hoc</span> <span class='ocrx_word' id='word_1_54' title='bbox 2305 1158 2441 1201; x_wconf 88' lang='grc'>666</span> 
     </span>
     <span class='ocr_line' id='line_1_9' title="bbox 487 1224 2440 1308; baseline -0.003 -16"><span class='ocrx_word' id='word_1_55' title='bbox 487 1226 635 1293; x_wconf 79' lang='lat' dir='ltr'>est?</span> <span class='ocrx_word' id='word_1_56' title='bbox 726 1227 892 1291; x_wconf 91' lang='lat' dir='ltr'>Nam</span> <span class='ocrx_word' id='word_1_57' title='bbox 952 1227 1063 1307; x_wconf 92' lang='lat' dir='ltr'>qui</span> <span class='ocrx_word' id='word_1_58' title='bbox 1124 1226 1278 1290; x_wconf 91' lang='lat' dir='ltr'>deos</span> <span class='ocrx_word' id='word_1_59' title='bbox 1336 1226 1554 1308; x_wconf 88' lang='lat' dir='ltr'>plures</span> <span class='ocrx_word' id='word_1_60' title='bbox 1615 1225 1801 1300; x_wconf 88' lang='lat' dir='ltr'>facit,</span> <span class='ocrx_word' id='word_1_61' title='bbox 1854 1233 2029 1290; x_wconf 89' lang='lat' dir='ltr'>certe</span> <span class='ocrx_word' id='word_1_62' title='bbox 2089 1224 2305 1288; x_wconf 91' lang='lat' dir='ltr'>Deum</span> <span class='ocrx_word' id='word_1_63' title='bbox 2366 1244 2440 1287; x_wconf 91' lang='lat' dir='ltr'>re</span> 
     </span>
     <span class='ocr_line' id='line_1_10' title="bbox 483 1308 2440 1395; baseline -0.002 -17"><span class='ocrx_word' id='word_1_64' title='bbox 483 1314 629 1395; x_wconf 90' lang='lat' dir='ltr'>ipsa</span> <span class='ocrx_word' id='word_1_65' title='bbox 673 1313 845 1377; x_wconf 92' lang='lat' dir='ltr'>tollit</span> <span class='ocrx_word' id='word_1_66' title='bbox 888 1333 925 1376; x_wconf 92' lang='grc'>6</span> <span class='ocrx_word' id='word_1_67' title='bbox 967 1313 1201 1388; x_wconf 80' lang='lat' dir='ltr'>medio,</span> <span class='ocrx_word' id='word_1_68' title='bbox 1248 1322 1314 1375; x_wconf 90' lang='lat' dir='ltr'>et</span> <span class='ocrx_word' id='word_1_69' title='bbox 1358 1312 1470 1394; x_wconf 93' lang='lat' dir='ltr'>qui</span> <span class='ocrx_word' id='word_1_70' title='bbox 1515 1310 1769 1376; x_wconf 79' lang='lat' dir='ltr'>Christi</span> <span class='ocrx_word' id='word_1_71' title='bbox 1812 1320 2082 1375; x_wconf 88' lang='lat' dir='ltr'>naturas</span> <span class='ocrx_word' id='word_1_72' title='bbox 2127 1330 2264 1374; x_wconf 89' lang='lat' dir='ltr'>non</span> <span class='ocrx_word' id='word_1_73' title='bbox 2305 1308 2440 1374; x_wconf 89' lang='lat' dir='ltr'>dis-</span> 
     </span>
     <span class='ocr_line' id='line_1_11' title="bbox 484 1393 2436 1483; baseline -0.004 -19"><span class='ocrx_word' id='word_1_74' title='bbox 484 1399 747 1483; x_wconf 82' lang='lat' dir='ltr'>tinguit,</span> <span class='ocrx_word' id='word_1_75' title='bbox 794 1419 989 1482; x_wconf 90' lang='lat' dir='ltr'>quam</span> <span class='ocrx_word' id='word_1_76' title='bbox 1031 1398 1296 1462; x_wconf 88' lang='lat' dir='ltr'>tandem</span> <span class='ocrx_word' id='word_1_77' title='bbox 1340 1398 1528 1462; x_wconf 89' lang='lat' dir='ltr'>nobis</span> <span class='ocrx_word' id='word_1_78' title='bbox 1574 1418 1758 1480; x_wconf 91' lang='lat' dir='ltr'>spem</span> <span class='ocrx_word' id='word_1_79' title='bbox 1803 1397 2033 1461; x_wconf 90' lang='lat' dir='ltr'>salutis</span> <span class='ocrx_word' id='word_1_80' title='bbox 2077 1393 2436 1478; x_wconf 82' lang='lat' dir='ltr'>relinquit?</span> 
     </span>
     <span class='ocr_line' id='line_1_12' title="bbox 486 1481 2438 1568; baseline -0.003 -18"><span class='ocrx_word' id='word_1_81' title='bbox 486 1485 865 1568; x_wconf 85' lang='lat' dir='ltr'>Respondet</span> <span class='ocrx_word' id='word_1_82' title='bbox 923 1484 1271 1567; x_wconf 71' lang='lat' dir='ltr'>Verqerius,</span> <span class='ocrx_word' id='word_1_83' title='bbox 1332 1484 1518 1548; x_wconf 92' lang='lat' dir='ltr'>illum</span> <span class='ocrx_word' id='word_1_84' title='bbox 1577 1494 1926 1566; x_wconf 85' lang='lat' dir='ltr'>antequam</span> <span class='ocrx_word' id='word_1_85' title='bbox 1973 1504 2012 1547; x_wconf 89' lang='lat' dir='ltr'>a</span> <span class='ocrx_word' id='word_1_86' title='bbox 2051 1482 2243 1546; x_wconf 83' lang='lat' dir='ltr'>vobis</span> <span class='ocrx_word' id='word_1_87' title='bbox 2305 1481 2438 1546; x_wconf 87' lang='lat' dir='ltr'>dis·</span> 
     </span>
     <span class='ocr_line' id='line_1_13' title="bbox 486 1569 2437 1653; baseline -0.004 -15"><span class='ocrx_word' id='word_1_88' title='bbox 486 1571 748 1638; x_wconf 88' lang='lat' dir='ltr'>cederet</span> <span class='ocrx_word' id='word_1_89' title='bbox 791 1570 910 1635; x_wconf 91' lang='lat' dir='ltr'>tibi</span> <span class='ocrx_word' id='word_1_90' title='bbox 955 1591 1153 1653; x_wconf 88' lang='lat' dir='ltr'>super</span> <span class='ocrx_word' id='word_1_91' title='bbox 1198 1570 1302 1634; x_wconf 91' lang='lat' dir='ltr'>his</span> <span class='ocrx_word' id='word_1_92' title='bbox 1349 1570 1767 1647; x_wconf 77' lang='lat' dir='ltr'>satisfecisse,</span> <span class='ocrx_word' id='word_1_93' title='bbox 1828 1578 1894 1632; x_wconf 92' lang='lat' dir='ltr'>et</span> <span class='ocrx_word' id='word_1_94' title='bbox 1937 1588 2191 1633; x_wconf 92' lang='lat' dir='ltr'>mecum</span> <span class='ocrx_word' id='word_1_95' title='bbox 2238 1569 2437 1632; x_wconf 90' lang='lat' dir='ltr'>etiam</span> 
     </span>
     <span class='ocr_line' id='line_1_14' title="bbox 488 1655 2437 1739; baseline -0.003 -17"><span class='ocrx_word' id='word_1_96' title='bbox 488 1658 864 1739; x_wconf 81' lang='lat' dir='ltr'>expostulat</span> <span class='ocrx_word' id='word_1_97' title='bbox 917 1656 1084 1737; x_wconf 87' lang='lat' dir='ltr'>quod</span> <span class='ocrx_word' id='word_1_98' title='bbox 1146 1656 1216 1718; x_wconf 89' lang='lat' dir='ltr'>in</span> <span class='ocrx_word' id='word_1_99' title='bbox 1275 1655 1514 1721; x_wconf 91' lang='lat' dir='ltr'>bonum</span> <span class='ocrx_word' id='word_1_100' title='bbox 1561 1657 1778 1719; x_wconf 84' lang='lat' dir='ltr'>virum</span> <span class='ocrx_word' id='word_1_101' title='bbox 1839 1665 1972 1720; x_wconf 90' lang='lat' dir='ltr'>tam</span> <span class='ocrx_word' id='word_1_102' title='bbox 2018 1656 2256 1720; x_wconf 88' lang='lat' dir='ltr'>acriter</span> <span class='ocrx_word' id='word_1_103' title='bbox 2312 1655 2437 1718; x_wconf 88' lang='lat' dir='ltr'>sim</span> 
     </span>
     <span class='ocr_line' id='line_1_15' title="bbox 487 1740 2435 1824; baseline -0.001 -16"><span class='ocrx_word' id='word_1_104' title='bbox 487 1744 804 1808; x_wconf 82' lang='lat' dir='ltr'>invectus.</span> <span class='ocrx_word' id='word_1_105' title='bbox 895 1743 1042 1808; x_wconf 90' lang='lat' dir='ltr'>Hoc</span> <span class='ocrx_word' id='word_1_106' title='bbox 1099 1763 1252 1805; x_wconf 89' lang='lat' dir='ltr'>vero</span> <span class='ocrx_word' id='word_1_107' title='bbox 1310 1741 1465 1824; x_wconf 90' lang='lat' dir='ltr'>quid</span> <span class='ocrx_word' id='word_1_108' title='bbox 1524 1741 1610 1805; x_wconf 91' lang='lat' dir='ltr'>sit</span> <span class='ocrx_word' id='word_1_109' title='bbox 1669 1743 1836 1805; x_wconf 90' lang='lat' dir='ltr'>scire</span> <span class='ocrx_word' id='word_1_110' title='bbox 1880 1764 1962 1806; x_wconf 92' lang='lat' dir='ltr'>ex</span> <span class='ocrx_word' id='word_1_111' title='bbox 2009 1750 2073 1806; x_wconf 92' lang='lat' dir='ltr'>te</span> <span class='ocrx_word' id='word_1_112' title='bbox 2120 1740 2435 1806; x_wconf 79' lang='lat' dir='ltr'>desidero,</span> 
     </span>
     <span class='ocr_line' id='line_1_16' title="bbox 489 1827 2437 1917; baseline -0.002 -23"><span class='ocrx_word' id='word_1_113' title='bbox 489 1830 662 1894; x_wconf 89' lang='lat' dir='ltr'>Nam</span> <span class='ocrx_word' id='word_1_114' title='bbox 707 1832 757 1891; x_wconf 92' lang='lat' dir='ltr'>si</span> <span class='ocrx_word' id='word_1_115' title='bbox 807 1830 921 1894; x_wconf 92' lang='lat' dir='ltr'>tibi</span> <span class='ocrx_word' id='word_1_116' title='bbox 968 1828 1280 1893; x_wconf 72' lang='lat' dir='ltr'>satisfecit</span> <span class='ocrx_word' id='word_1_117' title='bbox 1324 1849 1480 1892; x_wconf 90' lang='lat' dir='ltr'>sane</span> <span class='ocrx_word' id='word_1_118' title='bbox 1522 1828 1837 1911; x_wconf 84' lang='lat' dir='ltr'>gaudebO,</span> <span class='ocrx_word' id='word_1_119' title='bbox 1867 1836 1951 1917; x_wconf 29' lang='lat' dir='ltr'>&#39;et</span> <span class='ocrx_word' id='word_1_120' title='bbox 1993 1827 2107 1891; x_wconf 91' lang='lat' dir='ltr'>tibi</span> <span class='ocrx_word' id='word_1_121' title='bbox 2147 1828 2437 1910; x_wconf 83' lang='lat' dir='ltr'>gratula-</span> 
     </span>
     <span class='ocr_line' id='line_1_17' title="bbox 486 1914 2434 1990; baseline -0.002 -10"><span class='ocrx_word' id='word_1_122' title='bbox 486 1916 606 1981; x_wconf 90' lang='lat' dir='ltr'>bor</span> <span class='ocrx_word' id='word_1_123' title='bbox 651 1915 980 1979; x_wconf 89' lang='lat' dir='ltr'>hominem</span> <span class='ocrx_word' id='word_1_124' title='bbox 1028 1935 1067 1977; x_wconf 90' lang='lat' dir='ltr'>a</span> <span class='ocrx_word' id='word_1_125' title='bbox 1110 1923 1174 1978; x_wconf 88' lang='lat' dir='ltr'>te</span> <span class='ocrx_word' id='word_1_126' title='bbox 1230 1914 1294 1976; x_wconf 89' lang='lat' dir='ltr'>in</span> <span class='ocrx_word' id='word_1_127' title='bbox 1345 1915 1520 1978; x_wconf 86' lang='lat' dir='ltr'>viam</span> <span class='ocrx_word' id='word_1_128' title='bbox 1579 1926 1987 1979; x_wconf 82' lang='lat' dir='ltr'>revocatum:</span> <span class='ocrx_word' id='word_1_129' title='bbox 2047 1914 2150 1977; x_wconf 90' lang='lat' dir='ltr'>sin</span> <span class='ocrx_word' id='word_1_130' title='bbox 2196 1916 2434 1990; x_wconf 90' lang='lat' dir='ltr'>minus,</span> 
     </span>
     <span class='ocr_line' id='line_1_18' title="bbox 482 1999 2436 2083; baseline -0.003 -16"><span class='ocrx_word' id='word_1_131' title='bbox 482 2023 615 2067; x_wconf 91' lang='lat' dir='ltr'>non</span> <span class='ocrx_word' id='word_1_132' title='bbox 686 2002 980 2064; x_wconf 76' lang='lat' dir='ltr'>desinam</span> <span class='ocrx_word' id='word_1_133' title='bbox 1049 2020 1168 2083; x_wconf 85' lang='lat' dir='ltr'>ego</span> <span class='ocrx_word' id='word_1_134' title='bbox 1239 1999 1601 2081; x_wconf 71' lang='lat' dir='ltr'>Veryerium</span> <span class='ocrx_word' id='word_1_135' title='bbox 1659 2021 1923 2065; x_wconf 89' lang='lat' dir='ltr'>monere</span> <span class='ocrx_word' id='word_1_136' title='bbox 1986 2012 2060 2062; x_wconf 88' lang='lat' dir='ltr'>ut</span> <span class='ocrx_word' id='word_1_137' title='bbox 2126 1999 2436 2063; x_wconf 89' lang='lat' dir='ltr'>ecclesiae</span> 
     </span>
     <span class='ocr_line' id='line_1_19' title="bbox 481 2082 2436 2168; baseline -0.003 -15"><span class='ocrx_word' id='word_1_138' title='bbox 481 2088 610 2153; x_wconf 92' lang='lat' dir='ltr'>Dei</span> <span class='ocrx_word' id='word_1_139' title='bbox 650 2087 886 2150; x_wconf 88' lang='lat' dir='ltr'>melius</span> <span class='ocrx_word' id='word_1_140' title='bbox 921 2087 1232 2152; x_wconf 90' lang='lat' dir='ltr'>consulat.</span> <span class='ocrx_word' id='word_1_141' title='bbox 1304 2085 1439 2150; x_wconf 79' lang='lat' dir='ltr'>Sed</span> <span class='ocrx_word' id='word_1_142' title='bbox 1478 2108 1608 2150; x_wconf 88' lang='lat' dir='ltr'>non</span> <span class='ocrx_word' id='word_1_143' title='bbox 1645 2086 1760 2150; x_wconf 90' lang='lat' dir='ltr'>abs</span> <span class='ocrx_word' id='word_1_144' title='bbox 1797 2107 1868 2149; x_wconf 87' lang='lat' dir='ltr'>re</span> <span class='ocrx_word' id='word_1_145' title='bbox 1904 2086 2217 2168; x_wconf 89' lang='lat' dir='ltr'>suspicor,</span> <span class='ocrx_word' id='word_1_146' title='bbox 2263 2082 2436 2166; x_wconf 91' lang='lat' dir='ltr'>quod</span> 
     </span>
     <span class='ocr_line' id='line_1_20' title="bbox 479 2170 2435 2253; baseline -0.002 -16"><span class='ocrx_word' id='word_1_147' title='bbox 479 2175 734 2237; x_wconf 88' lang='lat' dir='ltr'>utinam</span> <span class='ocrx_word' id='word_1_148' title='bbox 781 2193 929 2235; x_wconf 88' lang='lat' dir='ltr'>mea</span> <span class='ocrx_word' id='word_1_149' title='bbox 971 2194 1076 2236; x_wconf 89' lang='lat' dir='ltr'>me</span> <span class='ocrx_word' id='word_1_150' title='bbox 1121 2172 1402 2253; x_wconf 78' lang='lat' dir='ltr'>suspicio</span> <span class='ocrx_word' id='word_1_151' title='bbox 1448 2172 1649 2247; x_wconf 89' lang='lat' dir='ltr'>fallat,</span> <span class='ocrx_word' id='word_1_152' title='bbox 1696 2171 2030 2236; x_wconf 90' lang='lat' dir='ltr'>hominem</span> <span class='ocrx_word' id='word_1_153' title='bbox 2077 2170 2227 2253; x_wconf 91' lang='lat' dir='ltr'>plus</span> <span class='ocrx_word' id='word_1_154' title='bbox 2272 2171 2435 2234; x_wconf 90' lang='lat' dir='ltr'>satis</span> 
     </span>
     <span class='ocr_line' id='line_1_21' title="bbox 480 2256 2432 2340; baseline -0.002 -16"><span class='ocrx_word' id='word_1_155' title='bbox 480 2268 791 2333; x_wconf 88' lang='lat' dir='ltr'>astutum,</span> <span class='ocrx_word' id='word_1_156' title='bbox 833 2268 907 2322; x_wconf 90' lang='lat' dir='ltr'>ut</span> <span class='ocrx_word' id='word_1_157' title='bbox 943 2258 1132 2323; x_wconf 89' lang='lat' dir='ltr'>rebus</span> <span class='ocrx_word' id='word_1_158' title='bbox 1169 2259 1307 2322; x_wconf 91' lang='lat' dir='ltr'>suis</span> <span class='ocrx_word' id='word_1_159' title='bbox 1345 2258 1730 2331; x_wconf 85' lang='lat' dir='ltr'>consuleret,</span> <span class='ocrx_word' id='word_1_160' title='bbox 1769 2256 2012 2340; x_wconf 89' lang='lat' dir='ltr'>aliquid</span> <span class='ocrx_word' id='word_1_161' title='bbox 2050 2256 2132 2321; x_wconf 90' lang='lat' dir='ltr'>ad</span> <span class='ocrx_word' id='word_1_162' title='bbox 2171 2267 2432 2339; x_wconf 92' lang='lat' dir='ltr'>tempus</span> 
     </span>
     <span class='ocr_line' id='line_1_22' title="bbox 480 2344 2432 2427; baseline -0.002 -17"><span class='ocrx_word' id='word_1_163' title='bbox 480 2345 839 2410; x_wconf 86' lang='lat' dir='ltr'>simulasse.</span> <span class='ocrx_word' id='word_1_164' title='bbox 929 2345 1096 2408; x_wconf 89' lang='lat' dir='ltr'>Nam</span> <span class='ocrx_word' id='word_1_165' title='bbox 1160 2345 1282 2408; x_wconf 89' lang='lat' dir='ltr'>nisi</span> <span class='ocrx_word' id='word_1_166' title='bbox 1343 2368 1421 2408; x_wconf 84' lang='lat' dir='ltr'>ex</span> <span class='ocrx_word' id='word_1_167' title='bbox 1478 2365 1605 2427; x_wconf 93' lang='lat' dir='ltr'>quo</span> <span class='ocrx_word' id='word_1_168' title='bbox 1652 2344 2073 2410; x_wconf 77' lang='lat' dir='ltr'>Hotomanum</span> <span class='ocrx_word' id='word_1_169' title='bbox 2127 2352 2432 2408; x_wconf 87' lang='lat' dir='ltr'>nostrum</span> 
     </span>
     <span class='ocr_line' id='line_1_23' title="bbox 478 2429 2434 2513; baseline -0.002 -17"><span class='ocrx_word' id='word_1_170' title='bbox 478 2430 702 2496; x_wconf 82' lang='lat' dir='ltr'>vidisti</span> <span class='ocrx_word' id='word_1_171' title='bbox 764 2432 885 2493; x_wconf 89' lang='lat' dir='ltr'>iste</span> <span class='ocrx_word' id='word_1_172' title='bbox 945 2432 1062 2495; x_wconf 92' lang='lat' dir='ltr'>tibi</span> <span class='ocrx_word' id='word_1_173' title='bbox 1123 2430 1467 2503; x_wconf 89' lang='lat' dir='ltr'>satisfecit,</span> <span class='ocrx_word' id='word_1_174' title='bbox 1531 2432 1584 2493; x_wconf 90' lang='lat' dir='ltr'>is</span> <span class='ocrx_word' id='word_1_175' title='bbox 1630 2439 1728 2495; x_wconf 91' lang='lat' dir='ltr'>est</span> <span class='ocrx_word' id='word_1_176' title='bbox 1786 2431 1893 2513; x_wconf 91' lang='lat' dir='ltr'>qui</span> <span class='ocrx_word' id='word_1_177' title='bbox 1941 2429 2096 2493; x_wconf 92' lang='lat' dir='ltr'>olim</span> <span class='ocrx_word' id='word_1_178' title='bbox 2140 2430 2294 2505; x_wconf 89' lang='lat' dir='ltr'>fuit,</span> <span class='ocrx_word' id='word_1_179' title='bbox 2357 2437 2434 2493; x_wconf 88' lang='lat' dir='ltr'>ut</span> 
     </span>
     <span class='ocr_line' id='line_1_24' title="bbox 479 2515 2432 2599; baseline -0.001 -20"><span class='ocrx_word' id='word_1_180' title='bbox 479 2518 590 2599; x_wconf 91' lang='lat' dir='ltr'>qui</span> <span class='ocrx_word' id='word_1_181' title='bbox 632 2537 708 2581; x_wconf 92' lang='lat' dir='ltr'>eo</span> <span class='ocrx_word' id='word_1_182' title='bbox 755 2519 891 2598; x_wconf 86' lang='lat' dir='ltr'>ipso</span> <span class='ocrx_word' id='word_1_183' title='bbox 938 2528 1229 2599; x_wconf 89' lang='lat' dir='ltr'>tempore</span> <span class='ocrx_word' id='word_1_184' title='bbox 1276 2538 1471 2598; x_wconf 87' lang='lat' dir='ltr'>quum</span> <span class='ocrx_word' id='word_1_185' title='bbox 1521 2517 1644 2580; x_wconf 84' lang='lat' dir='ltr'>hac</span> <span class='ocrx_word' id='word_1_186' title='bbox 1698 2517 1824 2580; x_wconf 92' lang='lat' dir='ltr'>iter</span> <span class='ocrx_word' id='word_1_187' title='bbox 1866 2517 2112 2580; x_wconf 90' lang='lat' dir='ltr'>faceret</span> <span class='ocrx_word' id='word_1_188' title='bbox 2155 2515 2432 2579; x_wconf 90' lang='lat' dir='ltr'>eandem</span> 
     </span>
     <span class='ocr_line' id='line_1_25' title="bbox 479 2602 2433 2685; baseline 0 -19"><span class='ocrx_word' id='word_1_189' title='bbox 479 2603 879 2685; x_wconf 86' lang='lat' dir='ltr'>impietatem</span> <span class='ocrx_word' id='word_1_190' title='bbox 945 2623 1202 2667; x_wconf 86' lang='lat' dir='ltr'>summa</span> <span class='ocrx_word' id='word_1_191' title='bbox 1260 2624 1407 2667; x_wconf 88' lang='lat' dir='ltr'>cum</span> <span class='ocrx_word' id='word_1_192' title='bbox 1469 2602 1880 2685; x_wconf 89' lang='lat' dir='ltr'>impudentia</span> <span class='ocrx_word' id='word_1_193' title='bbox 1936 2612 2002 2666; x_wconf 91' lang='lat' dir='ltr'>et</span> <span class='ocrx_word' id='word_1_194' title='bbox 2063 2602 2433 2684; x_wconf 69' lang='lat' dir='ltr'>praefracta</span> 
     </span>
     <span class='ocr_line' id='line_1_26' title="bbox 479 2689 2432 2771; baseline -0.001 -18"><span class='ocrx_word' id='word_1_195' title='bbox 479 2694 884 2754; x_wconf 89' lang='lat' dir='ltr'>contumacia</span> <span class='ocrx_word' id='word_1_196' title='bbox 919 2690 1134 2771; x_wconf 82' lang='lat' dir='ltr'>palam</span> <span class='ocrx_word' id='word_1_197' title='bbox 1174 2690 1594 2753; x_wconf 88' lang='lat' dir='ltr'>confirmarit.</span> <span class='ocrx_word' id='word_1_198' title='bbox 1663 2689 1973 2754; x_wconf 89' lang='lat' dir='ltr'>Hominis</span> <span class='ocrx_word' id='word_1_199' title='bbox 2015 2709 2249 2751; x_wconf 92' lang='lat' dir='ltr'>nomen</span> <span class='ocrx_word' id='word_1_200' title='bbox 2298 2709 2432 2751; x_wconf 91' lang='lat' dir='ltr'>non</span> 
     </span>
     <span class='ocr_line' id='line_1_27' title="bbox 477 2774 2429 2847; baseline 0 -9"><span class='ocrx_word' id='word_1_201' title='bbox 477 2774 617 2839; x_wconf 90' lang='lat' dir='ltr'>edo.</span> <span class='ocrx_word' id='word_1_202' title='bbox 706 2774 1220 2839; x_wconf 78' lang='lat' dir='ltr'>Iurisconsultus</span> <span class='ocrx_word' id='word_1_203' title='bbox 1280 2783 1411 2847; x_wconf 86' lang='lat' dir='ltr'>est,</span> <span class='ocrx_word' id='word_1_204' title='bbox 1471 2777 1728 2839; x_wconf 87' lang='lat' dir='ltr'>utinam</span> <span class='ocrx_word' id='word_1_205' title='bbox 1788 2776 1950 2840; x_wconf 86' lang='lat' dir='ltr'>iuris</span> <span class='ocrx_word' id='word_1_206' title='bbox 2009 2774 2214 2837; x_wconf 86' lang='lat' dir='ltr'>divini</span> <span class='ocrx_word' id='word_1_207' title='bbox 2269 2775 2429 2838; x_wconf 90' lang='lat' dir='ltr'>satis</span> 
     </span>
     <span class='ocr_line' id='line_1_28' title="bbox 472 2863 743 2944; baseline 0.004 -19"><span class='ocrx_word' id='word_1_208' title='bbox 472 2863 743 2944; x_wconf 87' lang='lat' dir='ltr'>peritus.</span> 
     </span>
    </p>

    <p class='ocr_par' dir='ltr' id='par_1_3' title="bbox 476 2946 2438 5093">
     <span class='ocr_line' id='line_1_29' title="bbox 561 2946 2427 3033; baseline 0 -23"><span class='ocrx_word' id='word_1_209' title='bbox 561 2994 566 3001; x_wconf 23' lang='grc' dir='ltr'><em>Α</em></span> <span class='ocrx_word' id='word_1_210' title='bbox 649 2947 732 3010; x_wconf 90' lang='grc' dir='ltr'>Ι6</span> <span class='ocrx_word' id='word_1_211' title='bbox 769 2946 992 3012; x_wconf 85' lang='lat' dir='ltr'>Gallia</span> <span class='ocrx_word' id='word_1_212' title='bbox 1026 2948 1187 3010; x_wconf 90' lang='lat' dir='ltr'>furit</span> <span class='ocrx_word' id='word_1_213' title='bbox 1223 2947 1484 3012; x_wconf 83' lang='lat' dir='ltr'>Pharao</span> <span class='ocrx_word' id='word_1_214' title='bbox 1523 2948 1710 3011; x_wconf 82' lang='lat' dir='ltr'>novis</span> <span class='ocrx_word' id='word_1_215' title='bbox 1748 2947 2153 3011; x_wconf 77' lang='lat' dir='ltr'>successibus</span> <span class='ocrx_word' id='word_1_216' title='bbox 2197 2946 2427 3033; x_wconf 78' lang='lat' dir='ltr'>elatus.</span> 
     </span>
     <span class='ocr_line' id='line_1_30' title="bbox 479 3032 2428 3110; baseline -0.001 -14"><span class='ocrx_word' id='word_1_217' title='bbox 479 3032 698 3097; x_wconf 90' lang='lat' dir='ltr'>Huius</span> <span class='ocrx_word' id='word_1_218' title='bbox 743 3036 989 3097; x_wconf 81' lang='lat' dir='ltr'>mensis</span> <span class='ocrx_word' id='word_1_219' title='bbox 1036 3034 1141 3095; x_wconf 86' lang='lat' dir='ltr'>dic</span> <span class='ocrx_word' id='word_1_220' title='bbox 1200 3038 1286 3097; x_wconf 79' lang='lat'>12.</span> <span class='ocrx_word' id='word_1_221' title='bbox 1337 3033 1442 3098; x_wconf 89' lang='lat' dir='ltr'>hic</span> <span class='ocrx_word' id='word_1_222' title='bbox 1489 3036 1552 3097; x_wconf 93' lang='lat' dir='ltr'>in</span> <span class='ocrx_word' id='word_1_223' title='bbox 1601 3043 1828 3097; x_wconf 88' lang='lat' dir='ltr'>nostra</span> <span class='ocrx_word' id='word_1_224' title='bbox 1871 3033 2132 3110; x_wconf 84' lang='lat' dir='ltr'>vicinia,</span> <span class='ocrx_word' id='word_1_225' title='bbox 2192 3033 2428 3096; x_wconf 82' lang='lat' dir='ltr'>Game-</span> 
     </span>
     <span class='ocr_line' id='line_1_31' title="bbox 483 3120 2428 3202; baseline -0.001 -18"><span class='ocrx_word' id='word_1_226' title='bbox 483 3120 612 3184; x_wconf 91' lang='lat' dir='ltr'>raci</span> <span class='ocrx_word' id='word_1_227' title='bbox 654 3121 916 3197; x_wconf 87' lang='lat' dir='ltr'>scilicet,</span> <span class='ocrx_word' id='word_1_228' title='bbox 978 3121 1279 3202; x_wconf 85' lang='lat' dir='ltr'>suspensi</span> <span class='ocrx_word' id='word_1_229' title='bbox 1326 3132 1391 3183; x_wconf 89' lang='lat' dir='ltr'>et</span> <span class='ocrx_word' id='word_1_230' title='bbox 1445 3121 1711 3185; x_wconf 87' lang='lat' dir='ltr'>cremati</span> <span class='ocrx_word' id='word_1_231' title='bbox 1771 3129 1930 3183; x_wconf 91' lang='lat' dir='ltr'>sunt</span> <span class='ocrx_word' id='word_1_232' title='bbox 1986 3120 2270 3201; x_wconf 92' lang='lat' dir='ltr'>quinque</span> <span class='ocrx_word' id='word_1_233' title='bbox 2313 3141 2428 3202; x_wconf 91' lang='lat' dir='ltr'>op-</span> 
     </span>
     <span class='ocr_line' id='line_1_32' title="bbox 477 3205 2428 3288; baseline 0 -20"><span class='ocrx_word' id='word_1_234' title='bbox 477 3206 619 3268; x_wconf 90' lang='lat' dir='ltr'>timi</span> <span class='ocrx_word' id='word_1_235' title='bbox 666 3207 922 3274; x_wconf 87' lang='lat' dir='ltr'>fratres.</span> <span class='ocrx_word' id='word_1_236' title='bbox 953 3208 1036 3284; x_wconf 84' lang='lat'>¹¹)</span> <span class='ocrx_word' id='word_1_237' title='bbox 1082 3227 1162 3269; x_wconf 85' lang='lat' dir='ltr'>ex</span> <span class='ocrx_word' id='word_1_238' title='bbox 1210 3207 1444 3288; x_wconf 89' lang='lat' dir='ltr'>quibus</span> <span class='ocrx_word' id='word_1_239' title='bbox 1491 3205 1618 3270; x_wconf 89' lang='lat' dir='ltr'>duo</span> <span class='ocrx_word' id='word_1_240' title='bbox 1675 3216 1865 3270; x_wconf 90' lang='lat' dir='ltr'>erant</span> <span class='ocrx_word' id='word_1_241' title='bbox 1925 3205 2245 3286; x_wconf 79' lang='lat' dir='ltr'>singulari</span> <span class='ocrx_word' id='word_1_242' title='bbox 2292 3206 2428 3287; x_wconf 92' lang='lat' dir='ltr'>pie-</span> 
     </span>
     <span class='ocr_line' id='line_1_33' title="bbox 479 3290 2431 3374; baseline -0.001 -19"><span class='ocrx_word' id='word_1_243' title='bbox 479 3299 614 3355; x_wconf 84' lang='lat' dir='ltr'>tate</span> <span class='ocrx_word' id='word_1_244' title='bbox 659 3302 725 3355; x_wconf 92' lang='lat' dir='ltr'>et</span> <span class='ocrx_word' id='word_1_245' title='bbox 767 3290 1133 3356; x_wconf 86' lang='lat' dir='ltr'>eruditione</span> <span class='ocrx_word' id='word_1_246' title='bbox 1179 3314 1307 3355; x_wconf 92' lang='lat' dir='ltr'>non</span> <span class='ocrx_word' id='word_1_247' title='bbox 1359 3292 1633 3374; x_wconf 86' lang='lat' dir='ltr'>vulgari.</span> <span class='ocrx_word' id='word_1_248' title='bbox 1723 3292 2246 3356; x_wconf 86' lang='lat' dir='ltr'>Intercesserunt</span> <span class='ocrx_word' id='word_1_249' title='bbox 2291 3291 2431 3373; x_wconf 91' lang='lat' dir='ltr'>qui-</span> 
     </span>
     <span class='ocr_line' id='line_1_34' title="bbox 481 3376 2431 3460; baseline -0.001 -19"><span class='ocrx_word' id='word_1_250' title='bbox 481 3377 629 3441; x_wconf 91' lang='lat' dir='ltr'>dem</span> <span class='ocrx_word' id='word_1_251' title='bbox 695 3380 902 3441; x_wconf 87' lang='lat' dir='ltr'>nostri</span> <span class='ocrx_word' id='word_1_252' title='bbox 971 3378 1330 3460; x_wconf 85' lang='lat' dir='ltr'>principes,</span> <span class='ocrx_word' id='word_1_253' title='bbox 1394 3378 1508 3441; x_wconf 89' lang='lat' dir='ltr'>sed</span> <span class='ocrx_word' id='word_1_254' title='bbox 1575 3379 1838 3441; x_wconf 87' lang='lat' dir='ltr'>frustra.</span> <span class='ocrx_word' id='word_1_255' title='bbox 1955 3376 2198 3440; x_wconf 88' lang='lat' dir='ltr'>Verum</span> <span class='ocrx_word' id='word_1_256' title='bbox 2265 3378 2431 3440; x_wconf 88' lang='lat' dir='ltr'>bene</span> 
     </span>
     <span class='ocr_line' id='line_1_35' title="bbox 481 3463 2431 3545; baseline -0.001 -18"><span class='ocrx_word' id='word_1_257' title='bbox 481 3463 679 3527; x_wconf 83' lang='lat' dir='ltr'>habet</span> <span class='ocrx_word' id='word_1_258' title='bbox 723 3465 891 3545; x_wconf 80' lang='lat' dir='ltr'>quod</span> <span class='ocrx_word' id='word_1_259' title='bbox 952 3463 1045 3526; x_wconf 92' lang='lat' dir='ltr'>illi</span> <span class='ocrx_word' id='word_1_260' title='bbox 1092 3466 1618 3528; x_wconf 80' lang='lat' dir='ltr'>constantissime</span> <span class='ocrx_word' id='word_1_261' title='bbox 1665 3463 1747 3528; x_wconf 91' lang='lat' dir='ltr'>ad</span> <span class='ocrx_word' id='word_1_262' title='bbox 1806 3473 2176 3527; x_wconf 87' lang='lat' dir='ltr'>extremum</span> <span class='ocrx_word' id='word_1_263' title='bbox 2221 3483 2431 3543; x_wconf 89' lang='lat' dir='ltr'>usque</span> 
     </span>
     <span class='ocr_line' id='line_1_36' title="bbox 478 3548 2428 3632; baseline -0.002 -18"><span class='ocrx_word' id='word_1_264' title='bbox 478 3550 782 3632; x_wconf 91' lang='lat' dir='ltr'>spiritum</span> <span class='ocrx_word' id='word_1_265' title='bbox 823 3551 956 3612; x_wconf 90' lang='lat' dir='ltr'>siut</span> <span class='ocrx_word' id='word_1_266' title='bbox 979 3549 1321 3616; x_wconf 82' lang='lat' dir='ltr'>Christum</span> <span class='ocrx_word' id='word_1_267' title='bbox 1359 3550 1649 3632; x_wconf 87' lang='lat' dir='ltr'>professi,</span> <span class='ocrx_word' id='word_1_268' title='bbox 1696 3548 1856 3614; x_wconf 89' lang='lat' dir='ltr'>adeo</span> <span class='ocrx_word' id='word_1_269' title='bbox 1896 3559 1967 3613; x_wconf 92' lang='lat' dir='ltr'>ut</span> <span class='ocrx_word' id='word_1_270' title='bbox 2003 3549 2184 3631; x_wconf 90' lang='lat' dir='ltr'>plebs</span> <span class='ocrx_word' id='word_1_271' title='bbox 2230 3549 2428 3612; x_wconf 85' lang='lat' dir='ltr'>etiam</span> 
     </span>
     <span class='ocr_line' id='line_1_37' title="bbox 476 3634 2431 3716; baseline -0.001 -19"><span class='ocrx_word' id='word_1_272' title='bbox 476 3635 548 3698; x_wconf 89' lang='lat' dir='ltr'>in</span> <span class='ocrx_word' id='word_1_273' title='bbox 596 3634 840 3698; x_wconf 85' lang='lat' dir='ltr'>iudices</span> <span class='ocrx_word' id='word_1_274' title='bbox 885 3635 1208 3700; x_wconf 82' lang='lat' dir='ltr'>fremeret.</span> <span class='ocrx_word' id='word_1_275' title='bbox 1300 3635 1434 3700; x_wconf 72' lang='lat' dir='ltr'>sed</span> <span class='ocrx_word' id='word_1_276' title='bbox 1480 3635 1630 3700; x_wconf 88' lang='lat' dir='ltr'>audi</span> <span class='ocrx_word' id='word_1_277' title='bbox 1676 3634 1848 3716; x_wconf 86' lang='lat' dir='ltr'>quod</span> <span class='ocrx_word' id='word_1_278' title='bbox 1893 3636 1960 3700; x_wconf 92' lang='lat' dir='ltr'>in</span> <span class='ocrx_word' id='word_1_279' title='bbox 2006 3637 2134 3700; x_wconf 88' lang='lat' dir='ltr'>ista</span> <span class='ocrx_word' id='word_1_280' title='bbox 2177 3645 2431 3715; x_wconf 89' lang='lat' dir='ltr'>tempo·</span> 
     </span>
     <span class='ocr_line' id='line_1_38' title="bbox 477 3720 2433 3803; baseline -0.001 -18"><span class='ocrx_word' id='word_1_281' title='bbox 477 3742 625 3785; x_wconf 89' lang='lat' dir='ltr'>rum</span> <span class='ocrx_word' id='word_1_282' title='bbox 694 3722 1042 3803; x_wconf 83' lang='lat' dir='ltr'>asperitate</span> <span class='ocrx_word' id='word_1_283' title='bbox 1099 3724 1329 3786; x_wconf 87' lang='lat' dir='ltr'>merito</span> <span class='ocrx_word' id='word_1_284' title='bbox 1388 3733 1453 3787; x_wconf 91' lang='lat' dir='ltr'>te</span> <span class='ocrx_word' id='word_1_285' title='bbox 1519 3720 1931 3786; x_wconf 83' lang='lat' dir='ltr'>exhilarabit.</span> <span class='ocrx_word' id='word_1_286' title='bbox 2029 3720 2293 3798; x_wconf 84' lang='lat' dir='ltr'>Gallus,</span> <span class='ocrx_word' id='word_1_287' title='bbox 2355 3728 2433 3784; x_wconf 87' lang='lat' dir='ltr'>ut</span> 
     </span>
     <span class='ocr_line' id='line_1_39' title="bbox 477 3806 2429 3890; baseline -0.001 -19"><span class='ocrx_word' id='word_1_288' title='bbox 477 3806 644 3871; x_wconf 91' lang='lat' dir='ltr'>nihil</span> <span class='ocrx_word' id='word_1_289' title='bbox 689 3807 813 3870; x_wconf 92' lang='lat' dir='ltr'>sibi</span> <span class='ocrx_word' id='word_1_290' title='bbox 861 3807 1093 3890; x_wconf 88' lang='lat' dir='ltr'>reliqui</span> <span class='ocrx_word' id='word_1_291' title='bbox 1139 3809 1381 3873; x_wconf 87' lang='lat' dir='ltr'>faceret</span> <span class='ocrx_word' id='word_1_292' title='bbox 1422 3808 1502 3872; x_wconf 86' lang='lat' dir='ltr'>ad</span> <span class='ocrx_word' id='word_1_293' title='bbox 1548 3821 1913 3872; x_wconf 80' lang='lat' dir='ltr'>extremam</span> <span class='ocrx_word' id='word_1_294' title='bbox 1956 3806 2429 3883; x_wconf 86' lang='lat' dir='ltr'>crudelitatem,</span> 
     </span>
     <span class='ocr_line' id='line_1_40' title="bbox 479 3892 2434 3976; baseline -0.001 -19"><span class='ocrx_word' id='word_1_295' title='bbox 479 3892 803 3958; x_wconf 89' lang='lat' dir='ltr'>monacho</span> <span class='ocrx_word' id='word_1_296' title='bbox 837 3893 1115 3972; x_wconf 86' lang='lat' dir='ltr'>cuidam,</span> <span class='ocrx_word' id='word_1_297' title='bbox 1161 3915 1279 3957; x_wconf 90' lang='lat' dir='ltr'>sua</span> <span class='ocrx_word' id='word_1_298' title='bbox 1314 3894 1441 3957; x_wconf 90' lang='lat' dir='ltr'>iam</span> <span class='ocrx_word' id='word_1_299' title='bbox 1479 3895 1633 3958; x_wconf 91' lang='lat' dir='ltr'>olim</span> <span class='ocrx_word' id='word_1_300' title='bbox 1682 3895 2095 3976; x_wconf 85' lang='lat' dir='ltr'>improbitate</span> <span class='ocrx_word' id='word_1_301' title='bbox 2130 3893 2434 3957; x_wconf 91' lang='lat' dir='ltr'>omnibus</span> 
     </span>
     <span class='ocr_line' id='line_1_41' title="bbox 484 3979 2432 4063; baseline -0.001 -20"><span class='ocrx_word' id='word_1_302' title='bbox 484 3991 667 4050; x_wconf 85' lang='lat' dir='ltr'>note,</span> <span class='ocrx_word' id='word_1_303' title='bbox 723 3979 1234 4043; x_wconf 85' lang='lat' dir='ltr'>iurisdictionem</span> <span class='ocrx_word' id='word_1_304' title='bbox 1283 3981 1581 4044; x_wconf 87' lang='lat' dir='ltr'>attribuit</span> <span class='ocrx_word' id='word_1_305' title='bbox 1625 3980 1962 4063; x_wconf 87' lang='lat' dir='ltr'>Hispanae</span> <span class='ocrx_word' id='word_1_306' title='bbox 2014 3980 2112 4044; x_wconf 92' lang='lat' dir='ltr'>illi</span> <span class='ocrx_word' id='word_1_307' title='bbox 2165 3980 2432 4062; x_wconf 89' lang='lat' dir='ltr'>inquisi-</span> 
     </span>
     <span class='ocr_line' id='line_1_42' title="bbox 486 4065 2433 4147; baseline 0 -19"><span class='ocrx_word' id='word_1_308' title='bbox 486 4066 646 4129; x_wconf 90' lang='lat' dir='ltr'>tioni</span> <span class='ocrx_word' id='word_1_309' title='bbox 692 4066 1110 4147; x_wconf 84' lang='lat' dir='ltr'>persimilem.</span> <span class='ocrx_word' id='word_1_310' title='bbox 1140 4070 1217 4135; x_wconf 74' lang='lat'>¹⁴²)</span> <span class='ocrx_word' id='word_1_311' title='bbox 1301 4067 1368 4130; x_wconf 92' lang='lat' dir='ltr'>Is</span> <span class='ocrx_word' id='word_1_312' title='bbox 1412 4088 1608 4147; x_wconf 90' lang='lat' dir='ltr'>quum</span> <span class='ocrx_word' id='word_1_313' title='bbox 1654 4067 1733 4130; x_wconf 91' lang='lat' dir='ltr'>de</span> <span class='ocrx_word' id='word_1_314' title='bbox 1779 4088 1957 4131; x_wconf 90' lang='lat' dir='ltr'>more</span> <span class='ocrx_word' id='word_1_315' title='bbox 2002 4065 2085 4130; x_wconf 88' lang='lat' dir='ltr'>ad</span> <span class='ocrx_word' id='word_1_316' title='bbox 2130 4075 2433 4131; x_wconf 89' lang='lat' dir='ltr'>senatum</span> 
     </span>
     <span class='ocr_line' id='line_1_43' title="bbox 487 4151 2434 4236; baseline -0.001 -19"><span class='ocrx_word' id='word_1_317' title='bbox 487 4151 928 4217; x_wconf 76' lang='lat' dir='ltr'>Parisiensem</span> <span class='ocrx_word' id='word_1_318' title='bbox 974 4152 1254 4217; x_wconf 89' lang='lat' dir='ltr'>edictum</span> <span class='ocrx_word' id='word_1_319' title='bbox 1303 4153 1555 4236; x_wconf 85' lang='lat' dir='ltr'>regium</span> <span class='ocrx_word' id='word_1_320' title='bbox 1611 4152 1938 4218; x_wconf 83' lang='lat' dir='ltr'>attulisset</span> <span class='ocrx_word' id='word_1_321' title='bbox 1980 4154 2049 4217; x_wconf 89' lang='lat' dir='ltr'>in</span> <span class='ocrx_word' id='word_1_322' title='bbox 2094 4173 2239 4216; x_wconf 91' lang='lat' dir='ltr'>eam</span> <span class='ocrx_word' id='word_1_323' title='bbox 2282 4172 2434 4217; x_wconf 91' lang='lat' dir='ltr'>sen-</span> 
     </span>
     <span class='ocr_line' id='line_1_44' title="bbox 486 4237 2435 4321; baseline 0 -21"><span class='ocrx_word' id='word_1_324' title='bbox 486 4239 762 4301; x_wconf 87' lang='lat' dir='ltr'>tentiam</span> <span class='ocrx_word' id='word_1_325' title='bbox 830 4240 1293 4321; x_wconf 87' lang='lat' dir='ltr'>perscriptum,</span> <span class='ocrx_word' id='word_1_326' title='bbox 1362 4249 1438 4302; x_wconf 92' lang='lat' dir='ltr'>ut</span> <span class='ocrx_word' id='word_1_327' title='bbox 1501 4239 1746 4303; x_wconf 88' lang='lat' dir='ltr'>scilicet</span> <span class='ocrx_word' id='word_1_328' title='bbox 1808 4251 2072 4304; x_wconf 89' lang='lat' dir='ltr'>senatus</span> <span class='ocrx_word' id='word_1_329' title='bbox 2138 4237 2435 4304; x_wconf 89' lang='lat' dir='ltr'>consulto</span> 
     </span>
     <span class='ocr_line' id='line_1_45' title="bbox 485 4324 2435 4408; baseline -0.001 -19"><span class='ocrx_word' id='word_1_330' title='bbox 485 4325 1000 4398; x_wconf 85' lang='lat' dir='ltr'>confirmaretur,</span> <span class='ocrx_word' id='word_1_331' title='bbox 1049 4324 1389 4406; x_wconf 88' lang='lat' dir='ltr'>respondit</span> <span class='ocrx_word' id='word_1_332' title='bbox 1431 4333 1714 4400; x_wconf 90' lang='lat' dir='ltr'>senatus,</span> <span class='ocrx_word' id='word_1_333' title='bbox 1759 4326 2012 4408; x_wconf 81' lang='lat' dir='ltr'>Regem</span> <span class='ocrx_word' id='word_1_334' title='bbox 2058 4324 2178 4389; x_wconf 86' lang='lat' dir='ltr'>sibi</span> <span class='ocrx_word' id='word_1_335' title='bbox 2225 4324 2435 4388; x_wconf 82' lang='lat' dir='ltr'>videri</span> 
     </span>
     <span class='ocr_line' id='line_1_46' title="bbox 489 4407 2436 4495; baseline 0.001 -23"><span class='ocrx_word' id='word_1_336' title='bbox 489 4407 635 4472; x_wconf 90' lang='lat' dir='ltr'>dolo</span> <span class='ocrx_word' id='word_1_337' title='bbox 678 4411 1221 4487; x_wconf 86' lang='lat' dir='ltr'>circumventum,</span> <span class='ocrx_word' id='word_1_338' title='bbox 1283 4432 1351 4474; x_wconf 89' lang='lat' dir='ltr'>se</span> <span class='ocrx_word' id='word_1_339' title='bbox 1393 4431 1550 4475; x_wconf 84' lang='lat' dir='ltr'>vero</span> <span class='ocrx_word' id='word_1_340' title='bbox 1612 4433 1730 4476; x_wconf 90' lang='lat' dir='ltr'>nec</span> <span class='ocrx_word' id='word_1_341' title='bbox 1789 4433 1975 4495; x_wconf 90' lang='lat' dir='ltr'>posse</span> <span class='ocrx_word' id='word_1_342' title='bbox 2023 4432 2140 4476; x_wconf 93' lang='lat' dir='ltr'>nec</span> <span class='ocrx_word' id='word_1_343' title='bbox 2198 4408 2436 4474; x_wconf 90' lang='lat' dir='ltr'>debere</span> 
     </span>
     <span class='ocr_line' id='line_1_47' title="bbox 487 4494 2435 4562; baseline -0.001 -2"><span class='ocrx_word' id='word_1_344' title='bbox 487 4494 807 4560; x_wconf 89' lang='lat' dir='ltr'>eiusmodi</span> <span class='ocrx_word' id='word_1_345' title='bbox 852 4495 1062 4559; x_wconf 85' lang='lat' dir='ltr'>edicta</span> <span class='ocrx_word' id='word_1_346' title='bbox 1107 4497 1455 4560; x_wconf 82' lang='lat' dir='ltr'>autoritate</span> <span class='ocrx_word' id='word_1_347' title='bbox 1499 4517 1619 4561; x_wconf 88' lang='lat' dir='ltr'>sua</span> <span class='ocrx_word' id='word_1_348' title='bbox 1662 4500 2064 4561; x_wconf 88' lang='lat' dir='ltr'>confirmare.</span> <span class='ocrx_word' id='word_1_349' title='bbox 2151 4497 2435 4562; x_wconf 84' lang='lat' dir='ltr'>Mittun-</span> 
     </span>
     <span class='ocr_line' id='line_1_48' title="bbox 484 4581 2436 4664; baseline 0.001 -20"><span class='ocrx_word' id='word_1_350' title='bbox 484 4592 597 4644; x_wconf 88' lang='lat' dir='ltr'>tur</span> <span class='ocrx_word' id='word_1_351' title='bbox 633 4581 972 4645; x_wconf 87' lang='lat' dir='ltr'>Lutetiam</span> <span class='ocrx_word' id='word_1_352' title='bbox 1011 4581 1373 4647; x_wconf 89' lang='lat' dir='ltr'>cardinales</span> <span class='ocrx_word' id='word_1_353' title='bbox 1416 4594 1697 4664; x_wconf 84' lang='lat' dir='ltr'>quatuor</span> <span class='ocrx_word' id='word_1_354' title='bbox 1740 4584 1847 4664; x_wconf 92' lang='lat' dir='ltr'>qui</span> <span class='ocrx_word' id='word_1_355' title='bbox 1895 4583 2090 4648; x_wconf 91' lang='lat' dir='ltr'>huius</span> <span class='ocrx_word' id='word_1_356' title='bbox 2134 4583 2436 4664; x_wconf 88' lang='lat' dir='ltr'>repulsae</span> 
     </span>
     <span class='ocr_line' id='line_1_49' title="bbox 485 4668 2436 4753; baseline 0.001 -22"><span class='ocrx_word' id='word_1_357' title='bbox 485 4686 720 4732; x_wconf 86' lang='lat' dir='ltr'>causas</span> <span class='ocrx_word' id='word_1_358' title='bbox 762 4668 1154 4752; x_wconf 81' lang='lat' dir='ltr'>intelligant.</span> <span class='ocrx_word' id='word_1_359' title='bbox 1222 4668 1368 4742; x_wconf 80' lang='lat' dir='ltr'>Hie,</span> <span class='ocrx_word' id='word_1_360' title='bbox 1413 4670 1580 4734; x_wconf 88' lang='lat' dir='ltr'>sicut</span> <span class='ocrx_word' id='word_1_361' title='bbox 1602 4691 1685 4733; x_wconf 84' lang='lat' dir='ltr'>ex</span> <span class='ocrx_word' id='word_1_362' title='bbox 1721 4668 1953 4735; x_wconf 91' lang='lat' dir='ltr'>idoneo</span> <span class='ocrx_word' id='word_1_363' title='bbox 1995 4679 2161 4734; x_wconf 88' lang='lat' dir='ltr'>teste</span> <span class='ocrx_word' id='word_1_364' title='bbox 2195 4689 2436 4753; x_wconf 90' lang='lat' dir='ltr'>cogno-</span> 
     </span>
     <span class='ocr_line' id='line_1_50' title="bbox 483 4754 2438 4838; baseline 0 -21"><span class='ocrx_word' id='word_1_365' title='bbox 483 4754 723 4828; x_wconf 81' lang='lat' dir='ltr'>vimus,</span> <span class='ocrx_word' id='word_1_366' title='bbox 780 4754 872 4817; x_wconf 89' lang='lat' dir='ltr'>ita</span> <span class='ocrx_word' id='word_1_367' title='bbox 923 4754 1178 4818; x_wconf 87' lang='lat' dir='ltr'>fortiter</span> <span class='ocrx_word' id='word_1_368' title='bbox 1220 4765 1285 4816; x_wconf 91' lang='lat' dir='ltr'>et</span> <span class='ocrx_word' id='word_1_369' title='bbox 1342 4756 1436 4819; x_wconf 89' lang='lat' dir='ltr'>ita</span> <span class='ocrx_word' id='word_1_370' title='bbox 1489 4754 1849 4837; x_wconf 84' lang='lat' dir='ltr'>prudenter</span> <span class='ocrx_word' id='word_1_371' title='bbox 1902 4776 2289 4838; x_wconf 86' lang='lat' dir='ltr'>responsum</span> <span class='ocrx_word' id='word_1_372' title='bbox 2336 4760 2438 4820; x_wconf 87' lang='lat' dir='ltr'>est</span> 
     </span>
     <span class='ocr_line' id='line_1_51' title="bbox 486 4838 2436 4921; baseline 0.002 -19"><span class='ocrx_word' id='word_1_373' title='bbox 486 4848 566 4903; x_wconf 90' lang='lat' dir='ltr'>ut</span> <span class='ocrx_word' id='word_1_374' title='bbox 610 4859 741 4902; x_wconf 89' lang='lat' dir='ltr'>non</span> <span class='ocrx_word' id='word_1_375' title='bbox 791 4838 1106 4903; x_wconf 81' lang='lat' dir='ltr'>haberent</span> <span class='ocrx_word' id='word_1_376' title='bbox 1150 4839 1323 4921; x_wconf 84' lang='lat' dir='ltr'>quod</span> <span class='ocrx_word' id='word_1_377' title='bbox 1378 4852 1604 4904; x_wconf 88' lang='lat' dir='ltr'>contra</span> <span class='ocrx_word' id='word_1_378' title='bbox 1649 4839 2016 4906; x_wconf 90' lang='lat' dir='ltr'>obiicerent.</span> <span class='ocrx_word' id='word_1_379' title='bbox 2115 4841 2436 4906; x_wconf 76' lang='lat' dir='ltr'>Audimus</span> 
     </span>
     <span class='ocr_line' id='line_1_52' title="bbox 488 4925 2435 5010; baseline 0.002 -22"><span class='ocrx_word' id='word_1_380' title='bbox 488 4933 707 4989; x_wconf 89' lang='lat' dir='ltr'>autem</span> <span class='ocrx_word' id='word_1_381' title='bbox 775 4925 947 4989; x_wconf 90' lang='lat' dir='ltr'>inter</span> <span class='ocrx_word' id='word_1_382' title='bbox 1011 4939 1268 4990; x_wconf 88' lang='lat' dir='ltr'>caetera</span> <span class='ocrx_word' id='word_1_383' title='bbox 1333 4926 1496 4992; x_wconf 88' lang='lat' dir='ltr'>duos</span> <span class='ocrx_word' id='word_1_384' title='bbox 1561 4927 1927 5010; x_wconf 89' lang='lat' dir='ltr'>praesides,</span> <span class='ocrx_word' id='word_1_385' title='bbox 1994 4929 2105 5009; x_wconf 91' lang='lat' dir='ltr'>qui</span> <span class='ocrx_word' id='word_1_386' title='bbox 2168 4939 2435 4992; x_wconf 89' lang='lat' dir='ltr'>senatus</span> 
     </span>
     <span class='ocr_line' id='line_1_53' title="bbox 486 5011 2434 5093; baseline 0.003 -21"><span class='ocrx_word' id='word_1_387' title='bbox 486 5012 751 5075; x_wconf 87' lang='lat' dir='ltr'>nomine</span> <span class='ocrx_word' id='word_1_388' title='bbox 812 5011 1258 5093; x_wconf 88' lang='lat' dir='ltr'>loquebantur,</span> <span class='ocrx_word' id='word_1_389' title='bbox 1325 5012 1446 5079; x_wconf 92' lang='lat' dir='ltr'>hoc</span> <span class='ocrx_word' id='word_1_390' title='bbox 1503 5014 1700 5078; x_wconf 89' lang='lat' dir='ltr'>etiam</span> <span class='ocrx_word' id='word_1_391' title='bbox 1746 5013 2090 5092; x_wconf 90' lang='lat' dir='ltr'>addidisse,</span> <span class='ocrx_word' id='word_1_392' title='bbox 2151 5013 2276 5078; x_wconf 91' lang='lat' dir='ltr'>sibi</span> <span class='ocrx_word' id='word_1_393' title='bbox 2322 5012 2434 5077; x_wconf 90' lang='lat' dir='ltr'>de-</span> 
     </span>
    </p>
   </div>
   <div class='ocr_carea' id='block_1_3' title="bbox 485 5145 894 5158">
    <p class='ocr_par' dir='ltr' id='par_1_4' title="bbox 485 5145 894 5158">
     <span class='ocr_line' id='line_1_54' title="bbox 485 5145 894 5158; baseline 0 1042"><span class='ocrx_word' id='word_1_394' title='bbox 485 5145 894 5158; x_wconf 95' lang='lat' dir='ltr'> </span> 
     </span>
    </p>
   </div>
   <div class='ocr_carea' id='block_1_4' title="bbox 480 5232 2435 5441">
    <p class='ocr_par' dir='ltr' id='par_1_5' title="bbox 480 5232 2435 5441">
     <span class='ocr_line' id='line_1_55' title="bbox 661 5232 2387 5306; baseline 0.002 -24"><span class='ocrx_word' id='word_1_395' title='bbox 661 5232 748 5292; x_wconf 87' lang='grc'>11)</span> <span class='ocrx_word' id='word_1_396' title='bbox 787 5232 946 5287; x_wconf 73' lang='lat' dir='ltr'>Diem</span> <span class='ocrx_word' id='word_1_397' title='bbox 984 5233 1277 5302; x_wconf 71' lang='lat' dir='ltr'>Crispinus</span> <span class='ocrx_word' id='word_1_398' title='bbox 1311 5236 1371 5288; x_wconf 78' lang='lat' dir='ltr'>in</span> <span class='ocrx_word' id='word_1_399' title='bbox 1411 5236 1666 5290; x_wconf 73' lang='lat' dir='ltr'>Historia</span> <span class='ocrx_word' id='word_1_400' title='bbox 1702 5243 2001 5306; x_wconf 69' lang='lat' dir='ltr'>martyrum</span> <span class='ocrx_word' id='word_1_401' title='bbox 2036 5252 2148 5289; x_wconf 72' lang='lat' dir='ltr'>non</span> <span class='ocrx_word' id='word_1_402' title='bbox 2184 5235 2387 5301; x_wconf 68' lang='lat' dir='ltr'>definit.</span> 
     </span>
     <span class='ocr_line' id='line_1_56' title="bbox 661 5300 2435 5375; baseline 0.005 -23"><span class='ocrx_word' id='word_1_403' title='bbox 661 5300 750 5367; x_wconf 77' lang='lat'>12)</span> <span class='ocrx_word' id='word_1_404' title='bbox 789 5301 949 5356; x_wconf 75' lang='lat' dir='ltr'>Sleid.</span> <span class='ocrx_word' id='word_1_405' title='bbox 997 5303 1089 5356; x_wconf 89' lang='lat'>111.</span> <span class='ocrx_word' id='word_1_406' title='bbox 1136 5303 1252 5357; x_wconf 76' lang='lat'>510.</span> <span class='ocrx_word' id='word_1_407' title='bbox 1337 5305 1547 5360; x_wconf 68' lang='lat' dir='ltr'>Thumi.</span> <span class='ocrx_word' id='word_1_408' title='bbox 1599 5305 1664 5360; x_wconf 88' lang='lat'>11.</span> <span class='ocrx_word' id='word_1_409' title='bbox 1698 5304 1806 5359; x_wconf 81' lang='lat'>3⁷5</span> <span class='ocrx_word' id='word_1_410' title='bbox 1840 5307 1921 5360; x_wconf 78' lang='lat' dir='ltr'>ed.</span> <span class='ocrx_word' id='word_1_411' title='bbox 1966 5306 2095 5375; x_wconf 70' lang='lat'>9011.</span> <span class='ocrx_word' id='word_1_412' title='bbox 2133 5333 2194 5344; x_wconf 91' lang='lat'>—</span> <span class='ocrx_word' id='word_1_413' title='bbox 2239 5303 2435 5360; x_wconf 79' lang='lat' dir='ltr'>Parla-</span> 
     </span>
     <span class='ocr_line' id='line_1_57' title="bbox 480 5372 1791 5441; baseline 0.001 -17"><span class='ocrx_word' id='word_1_414' title='bbox 480 5373 652 5424; x_wconf 65' lang='grc' dir='ltr'>Μὴ·</span> <span class='ocrx_word' id='word_1_415' title='bbox 687 5375 1068 5426; x_wconf 65' lang='lat' dir='ltr'>remos-stratio</span> <span class='ocrx_word' id='word_1_416' title='bbox 1103 5375 1179 5426; x_wconf 78' lang='lat' dir='ltr'>ad</span> <span class='ocrx_word' id='word_1_417' title='bbox 1215 5372 1298 5427; x_wconf 90' lang='grc'>16.</span> <span class='ocrx_word' id='word_1_418' title='bbox 1341 5373 1453 5429; x_wconf 78' lang='lat' dir='ltr'>Oct.</span> <span class='ocrx_word' id='word_1_419' title='bbox 1486 5375 1791 5441; x_wconf 74' lang='lat' dir='ltr'>referenda.</span> 
     </span>
    </p>
   </div>
   <div class='ocr_carea' id='block_1_5' title="bbox 1992 430 2994 523">
    <p class='ocr_par' dir='ltr' id='par_1_6' title="bbox 1992 430 2994 523">
     <span class='ocr_line' id='line_1_58' title="bbox 1992 430 2994 523; baseline -0.006 -26"><span class='ocrx_word' id='word_1_420' title='bbox 1992 430 2520 523; x_wconf 69' lang='lat' dir='ltr'>EPISTOLAE</span> <span class='ocrx_word' id='word_1_421' title='bbox 2568 431 2994 493; x_wconf 82' lang='lat'><strong>2331—2333</strong></span> 
     </span>
    </p>
   </div>
   <div class='ocr_carea' id='block_1_6' title="bbox 2479 619 2497 5408">
    <p class='ocr_par' dir='ltr' id='par_1_7' title="bbox 2479 619 2497 5408">
     <span class='ocr_line' id='line_1_59' title="bbox 2479 619 2497 5408; baseline 0 0"><span class='ocrx_word' id='word_1_422' title='bbox 2479 619 2497 5408; x_wconf 95' lang='lat' dir='ltr'> </span> 
     </span>
    </p>
   </div>
   <div class='ocr_carea' id='block_1_7' title="bbox 4371 431 4502 492">
    <p class='ocr_par' dir='ltr' id='par_1_8' title="bbox 4371 431 4502 492">
     <span class='ocr_line' id='line_1_60' title="bbox 4371 431 4502 492; baseline 0.015 -2"><span class='ocrx_word' id='word_1_423' title='bbox 4371 431 4502 492; x_wconf 83' lang='lat'>840</span> 
     </span>
    </p>
   </div>
   <div class='ocr_carea' id='block_1_8' title="bbox 2532 612 4501 5440">
    <p class='ocr_par' dir='ltr' id='par_1_9' title="bbox 2536 612 4501 2579">
     <span class='ocr_line' id='line_1_61' title="bbox 2546 612 4500 699; baseline 0 -17"><span class='ocrx_word' id='word_1_424' title='bbox 2546 628 2798 683; x_wconf 90' lang='lat' dir='ltr'>cretum</span> <span class='ocrx_word' id='word_1_425' title='bbox 2842 637 2984 682; x_wconf 89' lang='lat' dir='ltr'>esse</span> <span class='ocrx_word' id='word_1_426' title='bbox 3041 612 3257 699; x_wconf 73' lang='lat' dir='ltr'>&#39;potius</span> <span class='ocrx_word' id='word_1_427' title='bbox 3315 620 3641 684; x_wconf 89' lang='lat' dir='ltr'>senatorio</span> <span class='ocrx_word' id='word_1_428' title='bbox 3684 619 3942 683; x_wconf 88' lang='lat' dir='ltr'>muneri</span> <span class='ocrx_word' id='word_1_429' title='bbox 3999 617 4198 682; x_wconf 88' lang='lat' dir='ltr'>semel</span> <span class='ocrx_word' id='word_1_430' title='bbox 4255 639 4500 682; x_wconf 89' lang='lat' dir='ltr'>renun-</span> 
     </span>
     <span class='ocr_line' id='line_1_62' title="bbox 2545 702 4500 786; baseline 0.002 -19"><span class='ocrx_word' id='word_1_431' title='bbox 2545 706 2719 767; x_wconf 90' lang='lat' dir='ltr'>ciare</span> <span class='ocrx_word' id='word_1_432' title='bbox 2762 723 2959 786; x_wconf 90' lang='lat' dir='ltr'>quam</span> <span class='ocrx_word' id='word_1_433' title='bbox 3007 715 3083 767; x_wconf 89' lang='lat' dir='ltr'>ut</span> <span class='ocrx_word' id='word_1_434' title='bbox 3126 706 3452 786; x_wconf 86' lang='lat' dir='ltr'>pontificis</span> <span class='ocrx_word' id='word_1_435' title='bbox 3497 702 3866 769; x_wconf 83' lang='lat' dir='ltr'>crudelitati</span> <span class='ocrx_word' id='word_1_436' title='bbox 3923 705 4235 781; x_wconf 85' lang='lat' dir='ltr'>serviant,</span> <span class='ocrx_word' id='word_1_437' title='bbox 4296 725 4500 786; x_wconf 91' lang='lat' dir='ltr'>seque</span> 
     </span>
     <span class='ocr_line' id='line_1_63' title="bbox 2544 789 4501 871; baseline 0.002 -18"><span class='ocrx_word' id='word_1_438' title='bbox 2544 789 2848 871; x_wconf 90' lang='lat' dir='ltr'>deinceps</span> <span class='ocrx_word' id='word_1_439' title='bbox 2883 790 3305 855; x_wconf 90' lang='lat' dir='ltr'>constituisse</span> <span class='ocrx_word' id='word_1_440' title='bbox 3340 791 3546 855; x_wconf 86' lang='lat' dir='ltr'>multo</span> <span class='ocrx_word' id='word_1_441' title='bbox 3590 791 4065 856; x_wconf 87' lang='lat' dir='ltr'>consideratius</span> <span class='ocrx_word' id='word_1_442' title='bbox 4101 790 4182 854; x_wconf 90' lang='lat' dir='ltr'>de</span> <span class='ocrx_word' id='word_1_443' title='bbox 4224 791 4501 856; x_wconf 90' lang='lat' dir='ltr'>crimine</span> 
     </span>
     <span class='ocr_line' id='line_1_64' title="bbox 2545 876 4498 960; baseline 0.002 -20"><span class='ocrx_word' id='word_1_444' title='bbox 2545 876 2888 940; x_wconf 89' lang='lat' dir='ltr'>haereseos</span> <span class='ocrx_word' id='word_1_445' title='bbox 2932 897 3339 958; x_wconf 84' lang='lat' dir='ltr'>cognoscere,</span> <span class='ocrx_word' id='word_1_446' title='bbox 3384 899 3588 960; x_wconf 91' lang='lat' dir='ltr'>quum</span> <span class='ocrx_word' id='word_1_447' title='bbox 3625 878 3917 960; x_wconf 91' lang='lat' dir='ltr'>plerique</span> <span class='ocrx_word' id='word_1_448' title='bbox 3955 898 4180 942; x_wconf 87' lang='lat' dir='ltr'>eorum</span> <span class='ocrx_word' id='word_1_449' title='bbox 4218 877 4331 960; x_wconf 93' lang='lat' dir='ltr'>qui</span> <span class='ocrx_word' id='word_1_450' title='bbox 4375 876 4498 943; x_wconf 90' lang='lat' dir='ltr'>hoc</span> 
     </span>
     <span class='ocr_line' id='line_1_65' title="bbox 2544 962 4498 1029; baseline 0.001 -4"><span class='ocrx_word' id='word_1_451' title='bbox 2544 962 2809 1026; x_wconf 91' lang='lat' dir='ltr'>nomine</span> <span class='ocrx_word' id='word_1_452' title='bbox 2845 972 3237 1026; x_wconf 87' lang='lat' dir='ltr'>accusantur</span> <span class='ocrx_word' id='word_1_453' title='bbox 3270 985 3392 1029; x_wconf 92' lang='grc'>666</span> <span class='ocrx_word' id='word_1_454' title='bbox 3437 962 3727 1028; x_wconf 89' lang='lat' dir='ltr'>seditiosi</span> <span class='ocrx_word' id='word_1_455' title='bbox 3773 965 3907 1028; x_wconf 90' lang='lat' dir='ltr'>sint</span> <span class='ocrx_word' id='word_1_456' title='bbox 3941 986 4062 1028; x_wconf 90' lang='grc'>666</span> <span class='ocrx_word' id='word_1_457' title='bbox 4098 963 4251 1029; x_wconf 90' lang='lat' dir='ltr'>ullis</span> <span class='ocrx_word' id='word_1_458' title='bbox 4295 962 4498 1029; x_wconf 89' lang='lat' dir='ltr'>scele-</span> 
     </span>
     <span class='ocr_line' id='line_1_66' title="bbox 2544 1047 4499 1132; baseline 0.001 -20"><span class='ocrx_word' id='word_1_459' title='bbox 2544 1047 2724 1113; x_wconf 89' lang='lat' dir='ltr'>ribus</span> <span class='ocrx_word' id='word_1_460' title='bbox 2769 1048 3212 1113; x_wconf 88' lang='lat' dir='ltr'>contaminati.</span> <span class='ocrx_word' id='word_1_461' title='bbox 3280 1049 3343 1113; x_wconf 92' lang='lat' dir='ltr'>N</span> <span class='ocrx_word' id='word_1_462' title='bbox 3348 1071 3473 1116; x_wconf 90' lang='grc'>666</span> <span class='ocrx_word' id='word_1_463' title='bbox 3518 1060 3944 1132; x_wconf 80' lang='lat' dir='ltr'>exspectatur</span> <span class='ocrx_word' id='word_1_464' title='bbox 3988 1050 4187 1115; x_wconf 90' lang='lat' dir='ltr'>huius</span> <span class='ocrx_word' id='word_1_465' title='bbox 4231 1062 4499 1115; x_wconf 87' lang='lat' dir='ltr'>conten-</span> 
     </span>
     <span class='ocr_line' id='line_1_67' title="bbox 2545 1134 4497 1219; baseline 0.001 -21"><span class='ocrx_word' id='word_1_466' title='bbox 2545 1135 2743 1199; x_wconf 86' lang='lat' dir='ltr'>tionis</span> <span class='ocrx_word' id='word_1_467' title='bbox 2787 1146 3082 1200; x_wconf 87' lang='lat' dir='ltr'>eventus.</span> <span class='ocrx_word' id='word_1_468' title='bbox 3172 1134 3321 1201; x_wconf 93' lang='lat' dir='ltr'>Hoc</span> <span class='ocrx_word' id='word_1_469' title='bbox 3365 1135 3626 1218; x_wconf 90' lang='lat' dir='ltr'>quidem</span> <span class='ocrx_word' id='word_1_470' title='bbox 3672 1138 3792 1202; x_wconf 88' lang='lat' dir='ltr'>tibi</span> <span class='ocrx_word' id='word_1_471' title='bbox 3835 1136 4165 1201; x_wconf 87' lang='lat' dir='ltr'>affirmare</span> <span class='ocrx_word' id='word_1_472' title='bbox 4209 1157 4497 1219; x_wconf 90' lang='lat' dir='ltr'>possum,</span> 
     </span>
     <span class='ocr_line' id='line_1_68' title="bbox 2546 1219 4497 1307; baseline 0.001 -22"><span class='ocrx_word' id='word_1_473' title='bbox 2546 1222 2656 1285; x_wconf 89' lang='lat' dir='ltr'>vix</span> <span class='ocrx_word' id='word_1_474' title='bbox 2716 1219 2923 1284; x_wconf 89' lang='lat' dir='ltr'>ullum</span> <span class='ocrx_word' id='word_1_475' title='bbox 2986 1242 3166 1287; x_wconf 89' lang='grc'>6666</span> <span class='ocrx_word' id='word_1_476' title='bbox 3225 1244 3368 1287; x_wconf 89' lang='grc'>6886</span> <span class='ocrx_word' id='word_1_477' title='bbox 3415 1222 3663 1287; x_wconf 87' lang='lat' dir='ltr'>Galliae</span> <span class='ocrx_word' id='word_1_478' title='bbox 3729 1244 3971 1307; x_wconf 86' lang='lat' dir='ltr'>pagum</span> <span class='ocrx_word' id='word_1_479' title='bbox 4038 1224 4110 1286; x_wconf 94' lang='lat' dir='ltr'>in</span> <span class='ocrx_word' id='word_1_480' title='bbox 4165 1243 4296 1306; x_wconf 90' lang='lat' dir='ltr'>quo</span> <span class='ocrx_word' id='word_1_481' title='bbox 4361 1242 4497 1286; x_wconf 90' lang='lat' dir='ltr'>non</span> 
     </span>
     <span class='ocr_line' id='line_1_69' title="bbox 2543 1305 4499 1392; baseline 0 -21"><span class='ocrx_word' id='word_1_482' title='bbox 2543 1316 2856 1389; x_wconf 86' lang='lat' dir='ltr'>appareat</span> <span class='ocrx_word' id='word_1_483' title='bbox 2891 1305 3129 1389; x_wconf 90' lang='lat' dir='ltr'>aliquis</span> <span class='ocrx_word' id='word_1_484' title='bbox 3173 1308 3503 1392; x_wconf 83' lang='lat' dir='ltr'>evangelii</span> <span class='ocrx_word' id='word_1_485' title='bbox 3548 1309 3819 1386; x_wconf 91' lang='lat' dir='ltr'>fructus,</span> <span class='ocrx_word' id='word_1_486' title='bbox 3865 1316 3934 1373; x_wconf 90' lang='lat' dir='ltr'>et</span> <span class='ocrx_word' id='word_1_487' title='bbox 3976 1309 4108 1373; x_wconf 90' lang='lat' dir='ltr'>iam</span> <span class='ocrx_word' id='word_1_488' title='bbox 4145 1310 4213 1372; x_wconf 91' lang='lat' dir='ltr'>in</span> <span class='ocrx_word' id='word_1_489' title='bbox 4250 1308 4499 1390; x_wconf 86' lang='lat' dir='ltr'>aliquot</span> 
     </span>
     <span class='ocr_line' id='line_1_70' title="bbox 2543 1392 4496 1478; baseline 0 -20"><span class='ocrx_word' id='word_1_490' title='bbox 2543 1392 3007 1458; x_wconf 88' lang='lat' dir='ltr'>celebrioribus</span> <span class='ocrx_word' id='word_1_491' title='bbox 3053 1392 3358 1472; x_wconf 86' lang='lat' dir='ltr'>urbibus,</span> <span class='ocrx_word' id='word_1_492' title='bbox 3417 1394 3529 1459; x_wconf 91' lang='lat' dir='ltr'>ubi</span> <span class='ocrx_word' id='word_1_493' title='bbox 3575 1394 3862 1477; x_wconf 90' lang='lat' dir='ltr'>quotidie</span> <span class='ocrx_word' id='word_1_494' title='bbox 3906 1394 4230 1460; x_wconf 89' lang='lat' dir='ltr'>collucent</span> <span class='ocrx_word' id='word_1_495' title='bbox 4286 1395 4496 1478; x_wconf 86' lang='lat' dir='ltr'>ignes,</span> 
     </span>
     <span class='ocr_line' id='line_1_71' title="bbox 2542 1479 4498 1559; baseline 0 -14"><span class='ocrx_word' id='word_1_496' title='bbox 2542 1479 2932 1545; x_wconf 89' lang='lat' dir='ltr'>constitutas</span> <span class='ocrx_word' id='word_1_497' title='bbox 2997 1501 3140 1546; x_wconf 90' lang='lat' dir='ltr'>esse</span> <span class='ocrx_word' id='word_1_498' title='bbox 3204 1480 3526 1559; x_wconf 90' lang='lat' dir='ltr'>ecclesias,</span> <span class='ocrx_word' id='word_1_499' title='bbox 3599 1480 3709 1544; x_wconf 91' lang='lat' dir='ltr'>ubi</span> <span class='ocrx_word' id='word_1_500' title='bbox 3775 1483 3845 1545; x_wconf 91' lang='lat' dir='ltr'>in</span> <span class='ocrx_word' id='word_1_501' title='bbox 3909 1480 4242 1549; x_wconf 88' lang='lat' dir='ltr'>communi</span> <span class='ocrx_word' id='word_1_502' title='bbox 4306 1492 4498 1545; x_wconf 89' lang='lat' dir='ltr'>coetu</span> 
     </span>
     <span class='ocr_line' id='line_1_72' title="bbox 2542 1565 4494 1648; baseline 0 -18"><span class='ocrx_word' id='word_1_503' title='bbox 2542 1587 2704 1648; x_wconf 87' lang='lat' dir='ltr'>pure</span> <span class='ocrx_word' id='word_1_504' title='bbox 2749 1565 3016 1630; x_wconf 88' lang='lat' dir='ltr'>docetur</span> <span class='ocrx_word' id='word_1_505' title='bbox 3052 1565 3327 1632; x_wconf 82' lang='lat' dir='ltr'>verbum</span> <span class='ocrx_word' id='word_1_506' title='bbox 3372 1580 3438 1632; x_wconf 91' lang='lat' dir='ltr'>et</span> <span class='ocrx_word' id='word_1_507' title='bbox 3480 1576 3889 1634; x_wconf 89' lang='lat' dir='ltr'>sacramenta</span> <span class='ocrx_word' id='word_1_508' title='bbox 3930 1567 4494 1648; x_wconf 88' lang='lat' dir='ltr'>administrantur,</span> 
     </span>
     <span class='ocr_line' id='line_1_73' title="bbox 2541 1651 4495 1736; baseline 0.001 -21"><span class='ocrx_word' id='word_1_509' title='bbox 2541 1660 2802 1735; x_wconf 89' lang='lat' dir='ltr'>recepta</span> <span class='ocrx_word' id='word_1_510' title='bbox 2860 1651 3063 1716; x_wconf 91' lang='lat' dir='ltr'>etiam</span> <span class='ocrx_word' id='word_1_511' title='bbox 3120 1660 3186 1718; x_wconf 92' lang='lat' dir='ltr'>et</span> <span class='ocrx_word' id='word_1_512' title='bbox 3243 1663 3560 1736; x_wconf 89' lang='lat' dir='ltr'>usurpata</span> <span class='ocrx_word' id='word_1_513' title='bbox 3633 1653 4072 1720; x_wconf 88' lang='lat' dir='ltr'>ecclesiastica</span> <span class='ocrx_word' id='word_1_514' title='bbox 4130 1652 4495 1735; x_wconf 87' lang='lat' dir='ltr'>disciplina,</span> 
     </span>
     <span class='ocr_line' id='line_1_74' title="bbox 2541 1738 4495 1823; baseline 0 -20"><span class='ocrx_word' id='word_1_515' title='bbox 2541 1759 2738 1821; x_wconf 89' lang='lat' dir='ltr'>quam</span> <span class='ocrx_word' id='word_1_516' title='bbox 2799 1761 2883 1802; x_wconf 97' lang='grc'>66</span> <span class='ocrx_word' id='word_1_517' title='bbox 2944 1741 3283 1803; x_wconf 90' lang='lat' dir='ltr'>nominare</span> <span class='ocrx_word' id='word_1_518' title='bbox 3328 1739 3589 1823; x_wconf 90' lang='lat' dir='ltr'>quidem</span> <span class='ocrx_word' id='word_1_519' title='bbox 3646 1741 3754 1806; x_wconf 86' lang='lat' dir='ltr'>hic</span> <span class='ocrx_word' id='word_1_520' title='bbox 3798 1741 3984 1806; x_wconf 89' lang='lat' dir='ltr'>nobis</span> <span class='ocrx_word' id='word_1_521' title='bbox 4041 1741 4180 1805; x_wconf 90' lang='lat' dir='ltr'>sine</span> <span class='ocrx_word' id='word_1_522' title='bbox 4238 1738 4495 1821; x_wconf 89' lang='lat' dir='ltr'>piaculo</span> 
     </span>
     <span class='ocr_line' id='line_1_75' title="bbox 2539 1824 4495 1909; baseline 0.001 -21"><span class='ocrx_word' id='word_1_523' title='bbox 2539 1824 2708 1890; x_wconf 90' lang='lat' dir='ltr'>licet.</span> <span class='ocrx_word' id='word_1_524' title='bbox 2815 1824 2965 1890; x_wconf 92' lang='lat' dir='ltr'>Hoc</span> <span class='ocrx_word' id='word_1_525' title='bbox 3032 1836 3134 1890; x_wconf 90' lang='lat' dir='ltr'>est</span> <span class='ocrx_word' id='word_1_526' title='bbox 3198 1825 3447 1892; x_wconf 89' lang='lat' dir='ltr'>scilicet</span> <span class='ocrx_word' id='word_1_527' title='bbox 3511 1825 3682 1909; x_wconf 90' lang='lat' dir='ltr'>quod</span> <span class='ocrx_word' id='word_1_528' title='bbox 3749 1825 4066 1892; x_wconf 82' lang='lat' dir='ltr'>Satanam</span> <span class='ocrx_word' id='word_1_529' title='bbox 4136 1837 4204 1890; x_wconf 93' lang='lat' dir='ltr'>et</span> <span class='ocrx_word' id='word_1_530' title='bbox 4268 1824 4495 1890; x_wconf 88' lang='lat' dir='ltr'>fideles</span> 
     </span>
     <span class='ocr_line' id='line_1_76' title="bbox 2539 1911 4497 1995; baseline 0.001 -21"><span class='ocrx_word' id='word_1_531' title='bbox 2539 1911 2749 1994; x_wconf 82' lang='lat' dir='ltr'>ipsius</span> <span class='ocrx_word' id='word_1_532' title='bbox 2795 1911 3133 1977; x_wconf 87' lang='lat' dir='ltr'>ministros</span> <span class='ocrx_word' id='word_1_533' title='bbox 3194 1913 3259 1977; x_wconf 93' lang='lat' dir='ltr'>in</span> <span class='ocrx_word' id='word_1_534' title='bbox 3322 1912 3493 1977; x_wconf 90' lang='lat' dir='ltr'>hanc</span> <span class='ocrx_word' id='word_1_535' title='bbox 3549 1913 3895 1995; x_wconf 90' lang='lat' dir='ltr'>praecipue</span> <span class='ocrx_word' id='word_1_536' title='bbox 3948 1912 4287 1978; x_wconf 81' lang='lat' dir='ltr'>ecclesiam</span> <span class='ocrx_word' id='word_1_537' title='bbox 4343 1932 4497 1976; x_wconf 88' lang='lat' dir='ltr'>con-</span> 
     </span>
     <span class='ocr_line' id='line_1_77' title="bbox 2541 1995 4495 2080; baseline -0.001 -18"><span class='ocrx_word' id='word_1_538' title='bbox 2541 1998 2717 2062; x_wconf 90' lang='lat' dir='ltr'>citat.</span> <span class='ocrx_word' id='word_1_539' title='bbox 2809 1997 2982 2062; x_wconf 89' lang='lat' dir='ltr'>Nam</span> <span class='ocrx_word' id='word_1_540' title='bbox 3027 1999 3180 2080; x_wconf 91' lang='lat' dir='ltr'>quia</span> <span class='ocrx_word' id='word_1_541' title='bbox 3224 2020 3295 2062; x_wconf 91' lang='lat' dir='ltr'>se</span> <span class='ocrx_word' id='word_1_542' title='bbox 3341 1998 3521 2063; x_wconf 87' lang='lat' dir='ltr'>videt</span> <span class='ocrx_word' id='word_1_543' title='bbox 3563 2020 3681 2064; x_wconf 90' lang='lat' dir='ltr'>sua</span> <span class='ocrx_word' id='word_1_544' title='bbox 3738 1999 3855 2063; x_wconf 90' lang='lat' dir='ltr'>illa</span> <span class='ocrx_word' id='word_1_545' title='bbox 3898 1998 4282 2065; x_wconf 89' lang='lat' dir='ltr'>crudelitate</span> <span class='ocrx_word' id='word_1_546' title='bbox 4327 1995 4495 2062; x_wconf 89' lang='lat' dir='ltr'>nihil</span> 
     </span>
     <span class='ocr_line' id='line_1_78' title="bbox 2540 2084 4491 2168; baseline 0.001 -23"><span class='ocrx_word' id='word_1_547' title='bbox 2540 2085 2713 2147; x_wconf 89' lang='lat' dir='ltr'>inter</span> <span class='ocrx_word' id='word_1_548' title='bbox 2758 2084 2932 2165; x_wconf 89' lang='lat' dir='ltr'>ipsos</span> <span class='ocrx_word' id='word_1_549' title='bbox 2970 2085 3197 2149; x_wconf 86' lang='lat' dir='ltr'>Gallos</span> <span class='ocrx_word' id='word_1_550' title='bbox 3241 2088 3556 2168; x_wconf 78' lang='lat' dir='ltr'>proficere</span> <span class='ocrx_word' id='word_1_551' title='bbox 3602 2086 3775 2161; x_wconf 86' lang='lat' dir='ltr'>(Deo</span> <span class='ocrx_word' id='word_1_552' title='bbox 3818 2087 3905 2149; x_wconf 88' lang='lat' dir='ltr'>sit</span> <span class='ocrx_word' id='word_1_553' title='bbox 3949 2085 4207 2167; x_wconf 83' lang='lat' dir='ltr'>gratia),</span> <span class='ocrx_word' id='word_1_554' title='bbox 4252 2096 4491 2166; x_wconf 89' lang='lat' dir='ltr'>sperat,</span> 
     </span>
     <span class='ocr_line' id='line_1_79' title="bbox 2539 2169 4492 2253; baseline -0.001 -20"><span class='ocrx_word' id='word_1_555' title='bbox 2539 2169 2596 2233; x_wconf 92' lang='lat' dir='ltr'>si</span> <span class='ocrx_word' id='word_1_556' title='bbox 2640 2169 2818 2233; x_wconf 91' lang='lat' dir='ltr'>hunc</span> <span class='ocrx_word' id='word_1_557' title='bbox 2862 2178 3176 2253; x_wconf 88' lang='lat' dir='ltr'>tanquam</span> <span class='ocrx_word' id='word_1_558' title='bbox 3221 2173 3465 2236; x_wconf 90' lang='lat' dir='ltr'>fontem</span> <span class='ocrx_word' id='word_1_559' title='bbox 3503 2171 3925 2247; x_wconf 86' lang='lat' dir='ltr'>obstruxerit,</span> <span class='ocrx_word' id='word_1_560' title='bbox 3972 2192 4099 2253; x_wconf 91' lang='lat' dir='ltr'>quo</span> <span class='ocrx_word' id='word_1_561' title='bbox 4139 2190 4313 2235; x_wconf 92' lang='lat' dir='ltr'>nunc</span> <span class='ocrx_word' id='word_1_562' title='bbox 4346 2172 4492 2253; x_wconf 90' lang='lat' dir='ltr'>qui-</span> 
     </span>
     <span class='ocr_line' id='line_1_80' title="bbox 2540 2254 4493 2342; baseline 0.001 -24"><span class='ocrx_word' id='word_1_563' title='bbox 2540 2254 2684 2319; x_wconf 92' lang='lat' dir='ltr'>dem</span> <span class='ocrx_word' id='word_1_564' title='bbox 2746 2257 3094 2338; x_wconf 90' lang='lat' dir='ltr'>praecipue</span> <span class='ocrx_word' id='word_1_565' title='bbox 3140 2270 3276 2322; x_wconf 87' lang='lat' dir='ltr'>tota</span> <span class='ocrx_word' id='word_1_566' title='bbox 3320 2257 3542 2323; x_wconf 85' lang='lat' dir='ltr'>Gallia</span> <span class='ocrx_word' id='word_1_567' title='bbox 3600 2258 3933 2342; x_wconf 86' lang='lat' dir='ltr'>irrigatur,</span> <span class='ocrx_word' id='word_1_568' title='bbox 3996 2255 4180 2323; x_wconf 86' lang='lat' dir='ltr'>brevi</span> <span class='ocrx_word' id='word_1_569' title='bbox 4232 2256 4374 2321; x_wconf 92' lang='lat' dir='ltr'>fore</span> <span class='ocrx_word' id='word_1_570' title='bbox 4418 2263 4493 2320; x_wconf 91' lang='lat' dir='ltr'>ut</span> 
     </span>
     <span class='ocr_line' id='line_1_81' title="bbox 2537 2342 4491 2427; baseline 0.001 -23"><span class='ocrx_word' id='word_1_571' title='bbox 2537 2362 2764 2405; x_wconf 89' lang='lat' dir='ltr'>omnes</span> <span class='ocrx_word' id='word_1_572' title='bbox 2820 2342 3020 2407; x_wconf 84' lang='lat' dir='ltr'>rivuli</span> <span class='ocrx_word' id='word_1_573' title='bbox 3076 2353 3477 2410; x_wconf 88' lang='lat' dir='ltr'>exarescant.</span> <span class='ocrx_word' id='word_1_574' title='bbox 3560 2343 3693 2410; x_wconf 82' lang='lat' dir='ltr'>Sed</span> <span class='ocrx_word' id='word_1_575' title='bbox 3742 2344 4096 2421; x_wconf 91' lang='lat' dir='ltr'>Dominus,</span> <span class='ocrx_word' id='word_1_576' title='bbox 4156 2354 4228 2408; x_wconf 92' lang='lat' dir='ltr'>ut</span> <span class='ocrx_word' id='word_1_577' title='bbox 4276 2363 4491 2427; x_wconf 86' lang='lat' dir='ltr'>spere,</span> 
     </span>
     <span class='ocr_line' id='line_1_82' title="bbox 2536 2428 4489 2513; baseline 0.002 -23"><span class='ocrx_word' id='word_1_578' title='bbox 2536 2430 2698 2492; x_wconf 88' lang='lat' dir='ltr'>istos</span> <span class='ocrx_word' id='word_1_579' title='bbox 2744 2428 3033 2492; x_wconf 77' lang='lat' dir='ltr'>Satanae</span> <span class='ocrx_word' id='word_1_580' title='bbox 3092 2443 3364 2495; x_wconf 89' lang='lat' dir='ltr'>conatus</span> <span class='ocrx_word' id='word_1_581' title='bbox 3421 2430 3749 2513; x_wconf 87' lang='lat' dir='ltr'>impediet,</span> <span class='ocrx_word' id='word_1_582' title='bbox 3808 2440 3875 2494; x_wconf 87' lang='lat' dir='ltr'>et</span> <span class='ocrx_word' id='word_1_583' title='bbox 3917 2451 4144 2495; x_wconf 85' lang='lat' dir='ltr'>omnes</span> <span class='ocrx_word' id='word_1_584' title='bbox 4189 2429 4489 2494; x_wconf 88' lang='lat' dir='ltr'>inimicos</span> 
     </span>
     <span class='ocr_line' id='line_1_83' title="bbox 2538 2524 3043 2579; baseline 0 -1"><span class='ocrx_word' id='word_1_585' title='bbox 2538 2535 2689 2579; x_wconf 89' lang='lat' dir='ltr'>suos</span> <span class='ocrx_word' id='word_1_586' title='bbox 2733 2524 3043 2579; x_wconf 89' lang='lat' dir='ltr'>conteret.</span> 
     </span>
    </p>

    <p class='ocr_par' dir='ltr' id='par_1_10' title="bbox 2532 2598 4490 5440">
     <span class='ocr_line' id='line_1_84' title="bbox 2714 2598 4490 2685; baseline 0.004 -25"><span class='ocrx_word' id='word_1_587' title='bbox 2714 2600 2922 2665; x_wconf 90' lang='lat' dir='ltr'>Venio</span> <span class='ocrx_word' id='word_1_588' title='bbox 2967 2598 3048 2664; x_wconf 90' lang='lat' dir='ltr'>ad</span> <span class='ocrx_word' id='word_1_589' title='bbox 3095 2599 3379 2666; x_wconf 87' lang='lat' dir='ltr'>nobilem</span> <span class='ocrx_word' id='word_1_590' title='bbox 3423 2602 3609 2667; x_wconf 89' lang='lat' dir='ltr'>illum</span> <span class='ocrx_word' id='word_1_591' title='bbox 3647 2624 3927 2685; x_wconf 89' lang='lat' dir='ltr'>puerum</span> <span class='ocrx_word' id='word_1_592' title='bbox 3963 2602 4042 2666; x_wconf 91' lang='lat' dir='ltr'>de</span> <span class='ocrx_word' id='word_1_593' title='bbox 4088 2623 4211 2684; x_wconf 90' lang='lat' dir='ltr'>quo</span> <span class='ocrx_word' id='word_1_594' title='bbox 4257 2602 4341 2666; x_wconf 90' lang='lat' dir='ltr'>ad</span> <span class='ocrx_word' id='word_1_595' title='bbox 4384 2623 4490 2667; x_wconf 90' lang='lat' dir='ltr'>me</span> 
     </span>
     <span class='ocr_line' id='line_1_85' title="bbox 2538 2687 4486 2773; baseline 0.002 -24"><span class='ocrx_word' id='word_1_596' title='bbox 2538 2687 2872 2768; x_wconf 89' lang='lat' dir='ltr'>scripsisti.</span> <span class='ocrx_word' id='word_1_597' title='bbox 2956 2688 3060 2751; x_wconf 91' lang='lat' dir='ltr'>De</span> <span class='ocrx_word' id='word_1_598' title='bbox 3125 2708 3274 2751; x_wconf 86' lang='lat' dir='ltr'>mea</span> <span class='ocrx_word' id='word_1_599' title='bbox 3338 2689 3542 2773; x_wconf 87' lang='lat' dir='ltr'>igitur</span> <span class='ocrx_word' id='word_1_600' title='bbox 3606 2688 3954 2753; x_wconf 82' lang='lat' dir='ltr'>voluntate</span> <span class='ocrx_word' id='word_1_601' title='bbox 4015 2688 4240 2771; x_wconf 90' lang='lat' dir='ltr'>paucis</span> <span class='ocrx_word' id='word_1_602' title='bbox 4299 2688 4486 2753; x_wconf 89' lang='lat' dir='ltr'>habe.</span> 
     </span>
     <span class='ocr_line' id='line_1_86' title="bbox 2538 2771 4490 2858; baseline 0.002 -23"><span class='ocrx_word' id='word_1_603' title='bbox 2538 2771 2723 2836; x_wconf 91' lang='lat' dir='ltr'>Nihil</span> <span class='ocrx_word' id='word_1_604' title='bbox 2768 2774 2835 2836; x_wconf 90' lang='lat' dir='ltr'>in</span> <span class='ocrx_word' id='word_1_605' title='bbox 2871 2794 2979 2837; x_wconf 92' lang='lat' dir='ltr'>me</span> <span class='ocrx_word' id='word_1_606' title='bbox 3024 2773 3223 2837; x_wconf 89' lang='lat' dir='ltr'>situm</span> <span class='ocrx_word' id='word_1_607' title='bbox 3270 2786 3386 2851; x_wconf 90' lang='lat' dir='ltr'>est,</span> <span class='ocrx_word' id='word_1_608' title='bbox 3432 2775 3523 2839; x_wconf 90' lang='lat' dir='ltr'>mi</span> <span class='ocrx_word' id='word_1_609' title='bbox 3569 2783 3773 2858; x_wconf 88' lang='lat' dir='ltr'>pater,</span> <span class='ocrx_word' id='word_1_610' title='bbox 3822 2773 3990 2856; x_wconf 91' lang='lat' dir='ltr'>quod</span> <span class='ocrx_word' id='word_1_611' title='bbox 4034 2796 4164 2839; x_wconf 90' lang='lat' dir='ltr'>non</span> <span class='ocrx_word' id='word_1_612' title='bbox 4211 2795 4331 2857; x_wconf 87' lang='lat' dir='ltr'>ego</span> <span class='ocrx_word' id='word_1_613' title='bbox 4374 2783 4490 2838; x_wconf 88' lang='lat' dir='ltr'>tua</span> 
     </span>
     <span class='ocr_line' id='line_1_87' title="bbox 2537 2858 4490 2944; baseline -0.001 -20"><span class='ocrx_word' id='word_1_614' title='bbox 2537 2878 2734 2924; x_wconf 88' lang='lat' dir='ltr'>causa</span> <span class='ocrx_word' id='word_1_615' title='bbox 2799 2858 2974 2922; x_wconf 86' lang='lat' dir='ltr'>ultro</span> <span class='ocrx_word' id='word_1_616' title='bbox 3033 2872 3096 2922; x_wconf 85' lang='lat' dir='ltr'>et</span> <span class='ocrx_word' id='word_1_617' title='bbox 3160 2858 3443 2925; x_wconf 88' lang='lat' dir='ltr'>libenter</span> <span class='ocrx_word' id='word_1_618' title='bbox 3508 2872 3855 2944; x_wconf 86' lang='lat' dir='ltr'>praestem.</span> <span class='ocrx_word' id='word_1_619' title='bbox 3967 2859 4102 2926; x_wconf 83' lang='lat' dir='ltr'>Sed</span> <span class='ocrx_word' id='word_1_620' title='bbox 4168 2858 4490 2943; x_wconf 87' lang='lat' dir='ltr'>quaedam</span> 
     </span>
     <span class='ocr_line' id='line_1_88' title="bbox 2536 2943 4490 3028; baseline 0.001 -21"><span class='ocrx_word' id='word_1_621' title='bbox 2536 2954 2758 3008; x_wconf 87' lang='lat' dir='ltr'>tamen</span> <span class='ocrx_word' id='word_1_622' title='bbox 2824 2954 2980 3009; x_wconf 90' lang='lat' dir='ltr'>sunt</span> <span class='ocrx_word' id='word_1_623' title='bbox 3044 2943 3124 3009; x_wconf 87' lang='lat' dir='ltr'>de</span> <span class='ocrx_word' id='word_1_624' title='bbox 3181 2946 3413 3027; x_wconf 90' lang='lat' dir='ltr'>quibus</span> <span class='ocrx_word' id='word_1_625' title='bbox 3481 2954 3547 3011; x_wconf 90' lang='lat' dir='ltr'>te</span> <span class='ocrx_word' id='word_1_626' title='bbox 3612 2947 4016 3012; x_wconf 87' lang='lat' dir='ltr'>admoneam.</span> <span class='ocrx_word' id='word_1_627' title='bbox 4106 2946 4490 3028; x_wconf 90' lang='lat' dir='ltr'>Hospitium</span> 
     </span>
     <span class='ocr_line' id='line_1_89' title="bbox 2538 3031 4488 3118; baseline 0.002 -25"><span class='ocrx_word' id='word_1_628' title='bbox 2538 3031 2700 3095; x_wconf 90' lang='lat' dir='ltr'>mihi</span> <span class='ocrx_word' id='word_1_629' title='bbox 2767 3031 3169 3114; x_wconf 83' lang='lat' dir='ltr'>excipiendis</span> <span class='ocrx_word' id='word_1_630' title='bbox 3235 3032 3637 3096; x_wconf 83' lang='lat' dir='ltr'>scholasticis</span> <span class='ocrx_word' id='word_1_631' title='bbox 3695 3055 3769 3098; x_wconf 88' lang='lat' dir='ltr'>ac</span> <span class='ocrx_word' id='word_1_632' title='bbox 3837 3032 4219 3117; x_wconf 87' lang='lat' dir='ltr'>praesertim</span> <span class='ocrx_word' id='word_1_633' title='bbox 4278 3032 4488 3118; x_wconf 80' lang='lat' dir='ltr'>hypo-</span> 
     </span>
     <span class='ocr_line' id='line_1_90' title="bbox 2535 3120 4485 3202; baseline 0 -20"><span class='ocrx_word' id='word_1_634' title='bbox 2535 3127 2835 3182; x_wconf 88' lang='lat' dir='ltr'>caustum</span> <span class='ocrx_word' id='word_1_635' title='bbox 2925 3131 3025 3182; x_wconf 90' lang='lat' dir='ltr'>est</span> <span class='ocrx_word' id='word_1_636' title='bbox 3109 3132 3626 3202; x_wconf 86' lang='lat' dir='ltr'>perangustum,</span> <span class='ocrx_word' id='word_1_637' title='bbox 3716 3143 3883 3184; x_wconf 92' lang='lat' dir='ltr'>uxor</span> <span class='ocrx_word' id='word_1_638' title='bbox 3946 3120 4084 3185; x_wconf 87' lang='lat' dir='ltr'>fere</span> <span class='ocrx_word' id='word_1_639' title='bbox 4167 3127 4485 3202; x_wconf 87' lang='lat' dir='ltr'>perpetuo</span> 
     </span>
     <span class='ocr_line' id='line_1_91' title="bbox 2536 3203 4488 3290; baseline 0.002 -23"><span class='ocrx_word' id='word_1_640' title='bbox 2536 3212 2835 3287; x_wconf 85' lang='lat' dir='ltr'>aegrota,</span> <span class='ocrx_word' id='word_1_641' title='bbox 2915 3205 3030 3268; x_wconf 89' lang='lat' dir='ltr'>otii</span> <span class='ocrx_word' id='word_1_642' title='bbox 3098 3225 3137 3268; x_wconf 92' lang='lat' dir='ltr'>a</span> <span class='ocrx_word' id='word_1_643' title='bbox 3211 3203 3754 3287; x_wconf 88' lang='lat' dir='ltr'>praelectionibus</span> <span class='ocrx_word' id='word_1_644' title='bbox 3819 3215 3886 3270; x_wconf 91' lang='lat' dir='ltr'>et</span> <span class='ocrx_word' id='word_1_645' title='bbox 3951 3205 4488 3290; x_wconf 88' lang='lat' dir='ltr'>occupationibus</span> 
     </span>
     <span class='ocr_line' id='line_1_92' title="bbox 2536 3288 4487 3372; baseline 0.002 -19"><span class='ocrx_word' id='word_1_646' title='bbox 2536 3288 2934 3371; x_wconf 90' lang='lat' dir='ltr'>quotidianis</span> <span class='ocrx_word' id='word_1_647' title='bbox 3002 3311 3207 3372; x_wconf 87' lang='lat' dir='ltr'>paene</span> <span class='ocrx_word' id='word_1_648' title='bbox 3272 3291 3456 3357; x_wconf 90' lang='lat' dir='ltr'>nihil.</span> <span class='ocrx_word' id='word_1_649' title='bbox 3560 3291 3694 3357; x_wconf 74' lang='lat' dir='ltr'>Sed</span> <span class='ocrx_word' id='word_1_650' title='bbox 3760 3300 4015 3370; x_wconf 86' lang='lat' dir='ltr'>tamen,</span> <span class='ocrx_word' id='word_1_651' title='bbox 4084 3295 4139 3357; x_wconf 93' lang='lat' dir='ltr'>si</span> <span class='ocrx_word' id='word_1_652' title='bbox 4208 3293 4325 3356; x_wconf 91' lang='lat' dir='ltr'>tibi</span> <span class='ocrx_word' id='word_1_653' title='bbox 4393 3293 4487 3356; x_wconf 88' lang='lat' dir='ltr'>ita</span> 
     </span>
     <span class='ocr_line' id='line_1_93' title="bbox 2537 3374 4488 3461; baseline 0.003 -23"><span class='ocrx_word' id='word_1_654' title='bbox 2537 3374 2896 3452; x_wconf 86' lang='lat' dir='ltr'>videbitur,</span> <span class='ocrx_word' id='word_1_655' title='bbox 2957 3384 3024 3439; x_wconf 91' lang='lat' dir='ltr'>et</span> <span class='ocrx_word' id='word_1_656' title='bbox 3069 3398 3232 3458; x_wconf 90' lang='lat' dir='ltr'>puer</span> <span class='ocrx_word' id='word_1_657' title='bbox 3287 3389 3388 3441; x_wconf 92' lang='lat' dir='ltr'>est</span> <span class='ocrx_word' id='word_1_658' title='bbox 3446 3378 3768 3443; x_wconf 90' lang='lat' dir='ltr'>eiusmodi</span> <span class='ocrx_word' id='word_1_659' title='bbox 3812 3379 3922 3461; x_wconf 90' lang='lat' dir='ltr'>qui</span> <span class='ocrx_word' id='word_1_660' title='bbox 3980 3391 4157 3442; x_wconf 87' lang='lat' dir='ltr'>recta</span> <span class='ocrx_word' id='word_1_661' title='bbox 4214 3378 4488 3444; x_wconf 88' lang='lat' dir='ltr'>consilia</span> 
     </span>
     <span class='ocr_line' id='line_1_94' title="bbox 2534 3462 4488 3546; baseline 0.002 -21"><span class='ocrx_word' id='word_1_662' title='bbox 2534 3482 2729 3542; x_wconf 90' lang='lat' dir='ltr'>quam</span> <span class='ocrx_word' id='word_1_663' title='bbox 2776 3472 3113 3544; x_wconf 89' lang='lat' dir='ltr'>corruptos</span> <span class='ocrx_word' id='word_1_664' title='bbox 3160 3462 3511 3528; x_wconf 75' lang='lat' dir='ltr'>multorum</span> <span class='ocrx_word' id='word_1_665' title='bbox 3561 3486 3776 3529; x_wconf 87' lang='lat' dir='ltr'>mores</span> <span class='ocrx_word' id='word_1_666' title='bbox 3822 3465 4005 3546; x_wconf 89' lang='lat' dir='ltr'>sequi</span> <span class='ocrx_word' id='word_1_667' title='bbox 4051 3464 4253 3540; x_wconf 88' lang='lat' dir='ltr'>malit,</span> <span class='ocrx_word' id='word_1_668' title='bbox 4302 3464 4488 3529; x_wconf 87' lang='lat' dir='ltr'>nulla</span> 
     </span>
     <span class='ocr_line' id='line_1_95' title="bbox 2534 3546 4483 3634; baseline 0.002 -24"><span class='ocrx_word' id='word_1_669' title='bbox 2534 3546 2884 3612; x_wconf 87' lang='lat' dir='ltr'>difficultas</span> <span class='ocrx_word' id='word_1_670' title='bbox 2921 3548 3233 3630; x_wconf 90' lang='lat' dir='ltr'>impediet</span> <span class='ocrx_word' id='word_1_671' title='bbox 3269 3554 3618 3632; x_wconf 90' lang='lat' dir='ltr'>quominus</span> <span class='ocrx_word' id='word_1_672' title='bbox 3660 3551 3775 3615; x_wconf 88' lang='lat' dir='ltr'>tibi</span> <span class='ocrx_word' id='word_1_673' title='bbox 3816 3551 4247 3616; x_wconf 89' lang='lat' dir='ltr'>libentissime</span> <span class='ocrx_word' id='word_1_674' title='bbox 4281 3552 4483 3634; x_wconf 84' lang='lat' dir='ltr'>grati-</span> 
     </span>
     <span class='ocr_line' id='line_1_96' title="bbox 2532 3632 4485 3720; baseline 0.003 -24"><span class='ocrx_word' id='word_1_675' title='bbox 2532 3634 2715 3709; x_wconf 89' lang='lat' dir='ltr'>ficer,</span> <span class='ocrx_word' id='word_1_676' title='bbox 2775 3641 2842 3697; x_wconf 91' lang='lat' dir='ltr'>et</span> <span class='ocrx_word' id='word_1_677' title='bbox 2897 3632 3218 3714; x_wconf 90' lang='lat' dir='ltr'>studeam,</span> <span class='ocrx_word' id='word_1_678' title='bbox 3282 3636 3495 3718; x_wconf 89' lang='lat' dir='ltr'>quoad</span> <span class='ocrx_word' id='word_1_679' title='bbox 3554 3639 3695 3702; x_wconf 89' lang='lat' dir='ltr'>eius</span> <span class='ocrx_word' id='word_1_680' title='bbox 3751 3638 3896 3702; x_wconf 91' lang='lat' dir='ltr'>fieri</span> <span class='ocrx_word' id='word_1_681' title='bbox 3948 3639 4207 3720; x_wconf 89' lang='lat' dir='ltr'>poterit,</span> <span class='ocrx_word' id='word_1_682' title='bbox 4267 3638 4485 3703; x_wconf 84' lang='lat' dir='ltr'>officio</span> 
     </span>
     <span class='ocr_line' id='line_1_97' title="bbox 2532 3718 4487 3803; baseline 0.003 -20"><span class='ocrx_word' id='word_1_683' title='bbox 2532 3740 2678 3783; x_wconf 92' lang='lat' dir='ltr'>meo</span> <span class='ocrx_word' id='word_1_684' title='bbox 2731 3718 3017 3803; x_wconf 88' lang='lat' dir='ltr'>defungi.</span> <span class='ocrx_word' id='word_1_685' title='bbox 3109 3721 3235 3786; x_wconf 80' lang='lat' dir='ltr'>Sin</span> <span class='ocrx_word' id='word_1_686' title='bbox 3286 3724 3524 3798; x_wconf 92' lang='lat' dir='ltr'>minus,</span> <span class='ocrx_word' id='word_1_687' title='bbox 3582 3725 3876 3789; x_wconf 80' lang='lat' dir='ltr'>vicinum</span> <span class='ocrx_word' id='word_1_688' title='bbox 3923 3723 4131 3790; x_wconf 89' lang='lat' dir='ltr'>habeo</span> <span class='ocrx_word' id='word_1_689' title='bbox 4174 3724 4487 3789; x_wconf 81' lang='lat' dir='ltr'>Francis·</span> 
     </span>
     <span class='ocr_line' id='line_1_98' title="bbox 2533 3804 4487 3887; baseline 0.003 -16"><span class='ocrx_word' id='word_1_690' title='bbox 2533 3826 2682 3871; x_wconf 91' lang='lat' dir='ltr'>cum</span> <span class='ocrx_word' id='word_1_691' title='bbox 2728 3804 3098 3883; x_wconf 83' lang='lat' dir='ltr'>Beraldum,</span> <span class='ocrx_word' id='word_1_692' title='bbox 3153 3807 3411 3873; x_wconf 90' lang='lat' dir='ltr'>Nicolai</span> <span class='ocrx_word' id='word_1_693' title='bbox 3458 3808 3727 3874; x_wconf 62' lang='lat' dir='ltr'>Ber-aldi</span> <span class='ocrx_word' id='word_1_694' title='bbox 3779 3809 3956 3874; x_wconf 90' lang='lat' dir='ltr'>illius</span> <span class='ocrx_word' id='word_1_695' title='bbox 4008 3809 4241 3887; x_wconf 80' lang='lat' dir='ltr'>filium,</span> <span class='ocrx_word' id='word_1_696' title='bbox 4301 3811 4487 3877; x_wconf 87' lang='lat' dir='ltr'>cuius</span> 
     </span>
     <span class='ocr_line' id='line_1_99' title="bbox 2532 3891 4487 3979; baseline 0.003 -24"><span class='ocrx_word' id='word_1_697' title='bbox 2532 3891 2766 3956; x_wconf 89' lang='lat' dir='ltr'>saltem</span> <span class='ocrx_word' id='word_1_698' title='bbox 2790 3912 3027 3956; x_wconf 89' lang='lat' dir='ltr'>nomen</span> <span class='ocrx_word' id='word_1_699' title='bbox 3055 3893 3127 3956; x_wconf 91' lang='lat' dir='ltr'>in</span> <span class='ocrx_word' id='word_1_700' title='bbox 3150 3892 3418 3959; x_wconf 79' lang='lat' dir='ltr'>Erasmi</span> <span class='ocrx_word' id='word_1_701' title='bbox 3437 3894 3865 3960; x_wconf 84' lang='lat' dir='ltr'>Ciceroniano</span> <span class='ocrx_word' id='word_1_702' title='bbox 3890 3896 4127 3979; x_wconf 87' lang='lat' dir='ltr'>legisti,</span> <span class='ocrx_word' id='word_1_703' title='bbox 4152 3895 4487 3961; x_wconf 89' lang='lat' dir='ltr'>hominem</span> 
     </span>
     <span class='ocr_line' id='line_1_100' title="bbox 2534 3979 4486 4061; baseline 0.002 -18"><span class='ocrx_word' id='word_1_704' title='bbox 2534 3990 2599 4043; x_wconf 88' lang='lat' dir='ltr'>et</span> <span class='ocrx_word' id='word_1_705' title='bbox 2634 3980 2877 4061; x_wconf 88' lang='lat' dir='ltr'>pietate</span> <span class='ocrx_word' id='word_1_706' title='bbox 2911 3989 2978 4042; x_wconf 92' lang='lat' dir='ltr'>et</span> <span class='ocrx_word' id='word_1_707' title='bbox 3013 3979 3378 4044; x_wconf 90' lang='lat' dir='ltr'>eruditione</span> <span class='ocrx_word' id='word_1_708' title='bbox 3412 4000 3571 4045; x_wconf 87' lang='lat' dir='ltr'>sane</span> <span class='ocrx_word' id='word_1_709' title='bbox 3607 3981 3850 4046; x_wconf 84' lang='lat' dir='ltr'>eximia</span> <span class='ocrx_word' id='word_1_710' title='bbox 3884 3991 3952 4044; x_wconf 90' lang='lat' dir='ltr'>et</span> <span class='ocrx_word' id='word_1_711' title='bbox 3983 3982 4269 4047; x_wconf 88' lang='lat' dir='ltr'>moribus</span> <span class='ocrx_word' id='word_1_712' title='bbox 4304 4003 4486 4047; x_wconf 91' lang='lat' dir='ltr'>ama-</span> 
     </span>
     <span class='ocr_line' id='line_1_101' title="bbox 2534 4063 4485 4150; baseline 0.002 -20"><span class='ocrx_word' id='word_1_713' title='bbox 2534 4063 2887 4142; x_wconf 89' lang='lat' dir='ltr'>bilissimis,</span> <span class='ocrx_word' id='word_1_714' title='bbox 2933 4085 3059 4146; x_wconf 91' lang='lat' dir='ltr'>quo</span> <span class='ocrx_word' id='word_1_715' title='bbox 3097 4065 3351 4130; x_wconf 89' lang='lat' dir='ltr'>nullum</span> <span class='ocrx_word' id='word_1_716' title='bbox 3390 4068 3600 4149; x_wconf 88' lang='lat' dir='ltr'>magis</span> <span class='ocrx_word' id='word_1_717' title='bbox 3643 4068 3948 4132; x_wconf 90' lang='lat' dir='ltr'>idoneum</span> <span class='ocrx_word' id='word_1_718' title='bbox 3993 4079 4485 4150; x_wconf 86' lang='lat' dir='ltr'>praeceptorem</span> 
     </span>
     <span class='ocr_line' id='line_1_102' title="bbox 2534 4149 4485 4236; baseline 0.003 -22"><span class='ocrx_word' id='word_1_719' title='bbox 2534 4151 2732 4215; x_wconf 90' lang='lat' dir='ltr'>etiam</span> <span class='ocrx_word' id='word_1_720' title='bbox 2774 4150 2846 4215; x_wconf 91' lang='lat' dir='ltr'>in</span> <span class='ocrx_word' id='word_1_721' title='bbox 2890 4149 3128 4234; x_wconf 89' lang='lat' dir='ltr'>gallica</span> <span class='ocrx_word' id='word_1_722' title='bbox 3170 4151 3396 4236; x_wconf 87' lang='lat' dir='ltr'>lingua</span> <span class='ocrx_word' id='word_1_723' title='bbox 3454 4154 3884 4236; x_wconf 88' lang='lat' dir='ltr'>requisierim.</span> <span class='ocrx_word' id='word_1_724' title='bbox 3975 4154 4078 4218; x_wconf 84' lang='lat' dir='ltr'>Tu</span> <span class='ocrx_word' id='word_1_725' title='bbox 4121 4175 4295 4220; x_wconf 90' lang='lat' dir='ltr'>nunc</span> <span class='ocrx_word' id='word_1_726' title='bbox 4339 4175 4485 4220; x_wconf 90' lang='lat' dir='ltr'>con-</span> 
     </span>
     <span class='ocr_line' id='line_1_103' title="bbox 2534 4236 4484 4321; baseline 0.002 -19"><span class='ocrx_word' id='word_1_727' title='bbox 2534 4238 2738 4302; x_wconf 85' lang='lat' dir='ltr'>stitue</span> <span class='ocrx_word' id='word_1_728' title='bbox 2779 4236 2949 4318; x_wconf 93' lang='lat' dir='ltr'>quod</span> <span class='ocrx_word' id='word_1_729' title='bbox 2993 4238 3064 4300; x_wconf 92' lang='lat' dir='ltr'>in</span> <span class='ocrx_word' id='word_1_730' title='bbox 3112 4259 3249 4302; x_wconf 91' lang='lat' dir='ltr'>rem</span> <span class='ocrx_word' id='word_1_731' title='bbox 3293 4240 3477 4321; x_wconf 90' lang='lat' dir='ltr'>pueri</span> <span class='ocrx_word' id='word_1_732' title='bbox 3523 4260 3665 4305; x_wconf 90' lang='lat' dir='ltr'>esse</span> <span class='ocrx_word' id='word_1_733' title='bbox 3708 4239 4056 4305; x_wconf 83' lang='lat' dir='ltr'>videbitur.</span> <span class='ocrx_word' id='word_1_734' title='bbox 4146 4240 4348 4317; x_wconf 89' lang='lat' dir='ltr'>Nam,</span> <span class='ocrx_word' id='word_1_735' title='bbox 4409 4249 4484 4306; x_wconf 81' lang='lat' dir='ltr'>ut</span> 
     </span>
     <span class='ocr_line' id='line_1_104' title="bbox 2535 4322 4485 4408; baseline 0.003 -21"><span class='ocrx_word' id='word_1_736' title='bbox 2535 4335 2688 4388; x_wconf 90' lang='lat' dir='ltr'>ante</span> <span class='ocrx_word' id='word_1_737' title='bbox 2733 4322 2869 4386; x_wconf 88' lang='lat' dir='ltr'>dixi</span> <span class='ocrx_word' id='word_1_738' title='bbox 2928 4334 2994 4387; x_wconf 89' lang='lat' dir='ltr'>et</span> <span class='ocrx_word' id='word_1_739' title='bbox 3052 4323 3291 4390; x_wconf 89' lang='lat' dir='ltr'>iterum</span> <span class='ocrx_word' id='word_1_740' title='bbox 3348 4345 3429 4388; x_wconf 83' lang='lat' dir='ltr'>ex</span> <span class='ocrx_word' id='word_1_741' title='bbox 3487 4328 3704 4390; x_wconf 91' lang='lat' dir='ltr'>animo</span> <span class='ocrx_word' id='word_1_742' title='bbox 3758 4335 4011 4408; x_wconf 82' lang='lat' dir='ltr'>repete,</span> <span class='ocrx_word' id='word_1_743' title='bbox 4061 4326 4142 4390; x_wconf 92' lang='lat' dir='ltr'>de</span> <span class='ocrx_word' id='word_1_744' title='bbox 4196 4348 4301 4391; x_wconf 88' lang='lat' dir='ltr'>me</span> <span class='ocrx_word' id='word_1_745' title='bbox 4360 4326 4485 4393; x_wconf 90' lang='lat' dir='ltr'>tibi</span> 
     </span>
     <span class='ocr_line' id='line_1_105' title="bbox 2534 4408 4486 4497; baseline 0.003 -24"><span class='ocrx_word' id='word_1_746' title='bbox 2534 4409 2758 4473; x_wconf 84' lang='lat' dir='ltr'>omnia</span> <span class='ocrx_word' id='word_1_747' title='bbox 2797 4408 3089 4492; x_wconf 90' lang='lat' dir='ltr'>polliceri</span> <span class='ocrx_word' id='word_1_748' title='bbox 3147 4419 3334 4494; x_wconf 91' lang='lat' dir='ltr'>potes</span> <span class='ocrx_word' id='word_1_749' title='bbox 3386 4431 3462 4477; x_wconf 89' lang='lat' dir='ltr'>ac</span> <span class='ocrx_word' id='word_1_750' title='bbox 3518 4410 3713 4476; x_wconf 87' lang='lat' dir='ltr'>debes</span> <span class='ocrx_word' id='word_1_751' title='bbox 3755 4433 3922 4495; x_wconf 89' lang='lat' dir='ltr'>quae</span> <span class='ocrx_word' id='word_1_752' title='bbox 3966 4432 4007 4477; x_wconf 89' lang='lat' dir='ltr'>a</span> <span class='ocrx_word' id='word_1_753' title='bbox 4049 4433 4154 4476; x_wconf 88' lang='lat' dir='ltr'>me</span> <span class='ocrx_word' id='word_1_754' title='bbox 4208 4425 4486 4497; x_wconf 82' lang='lat' dir='ltr'>possunt</span> 
     </span>
     <span class='ocr_line' id='line_1_106' title="bbox 2536 4495 4485 4582; baseline 0.002 -22"><span class='ocrx_word' id='word_1_755' title='bbox 2536 4495 2872 4577; x_wconf 89' lang='lat' dir='ltr'>proficisci.</span> <span class='ocrx_word' id='word_1_756' title='bbox 2962 4495 3148 4560; x_wconf 87' lang='lat' dir='ltr'>Idem</span> <span class='ocrx_word' id='word_1_757' title='bbox 3208 4498 3326 4561; x_wconf 87' lang='lat' dir='ltr'>tibi</span> <span class='ocrx_word' id='word_1_758' title='bbox 3381 4497 3591 4562; x_wconf 88' lang='lat' dir='ltr'>audeo</span> <span class='ocrx_word' id='word_1_759' title='bbox 3647 4496 3728 4561; x_wconf 91' lang='lat' dir='ltr'>de</span> <span class='ocrx_word' id='word_1_760' title='bbox 3774 4497 4049 4564; x_wconf 75' lang='lat' dir='ltr'>Beraldo</span> <span class='ocrx_word' id='word_1_761' title='bbox 4089 4500 4232 4582; x_wconf 90' lang='lat' dir='ltr'>ipso</span> <span class='ocrx_word' id='word_1_762' title='bbox 4287 4521 4485 4582; x_wconf 89' lang='lat' dir='ltr'>spon-</span> 
     </span>
     <span class='ocr_line' id='line_1_107' title="bbox 2535 4580 4486 4667; baseline 0.002 -21"><span class='ocrx_word' id='word_1_763' title='bbox 2535 4580 2708 4658; x_wconf 92' lang='lat' dir='ltr'>dere,</span> <span class='ocrx_word' id='word_1_764' title='bbox 2765 4582 3069 4664; x_wconf 82' lang='lat' dir='ltr'>quamvis</span> <span class='ocrx_word' id='word_1_765' title='bbox 3118 4581 3384 4648; x_wconf 85' lang='lat' dir='ltr'>absente</span> <span class='ocrx_word' id='word_1_766' title='bbox 3429 4591 3496 4648; x_wconf 92' lang='lat' dir='ltr'>et</span> <span class='ocrx_word' id='word_1_767' title='bbox 3540 4584 3774 4648; x_wconf 90' lang='lat' dir='ltr'>horum</span> <span class='ocrx_word' id='word_1_768' title='bbox 3820 4605 3985 4667; x_wconf 92' lang='lat' dir='ltr'>quae</span> <span class='ocrx_word' id='word_1_769' title='bbox 4034 4585 4116 4649; x_wconf 85' lang='lat' dir='ltr'>ad</span> <span class='ocrx_word' id='word_1_770' title='bbox 4162 4598 4228 4649; x_wconf 87' lang='lat' dir='ltr'>te</span> <span class='ocrx_word' id='word_1_771' title='bbox 4270 4587 4486 4651; x_wconf 86' lang='lat' dir='ltr'>scribo</span> 
     </span>
     <span class='ocr_line' id='line_1_108' title="bbox 2536 4668 4488 4751; baseline 0.002 -20"><span class='ocrx_word' id='word_1_772' title='bbox 2536 4687 2805 4750; x_wconf 87' lang='lat' dir='ltr'>prorsus</span> <span class='ocrx_word' id='word_1_773' title='bbox 2844 4668 3091 4751; x_wconf 89' lang='lat' dir='ltr'>ignaro.</span> <span class='ocrx_word' id='word_1_774' title='bbox 3161 4669 3600 4734; x_wconf 84' lang='lat' dir='ltr'>Excurreram</span> <span class='ocrx_word' id='word_1_775' title='bbox 3637 4671 3815 4734; x_wconf 89' lang='lat' dir='ltr'>enim</span> <span class='ocrx_word' id='word_1_776' title='bbox 3854 4671 3981 4737; x_wconf 91' lang='lat' dir='ltr'>huc</span> <span class='ocrx_word' id='word_1_777' title='bbox 4026 4670 4108 4735; x_wconf 87' lang='lat' dir='ltr'>ad</span> <span class='ocrx_word' id='word_1_778' title='bbox 4157 4669 4488 4737; x_wconf 76' lang='lat' dir='ltr'>Calvinum</span> 
     </span>
     <span class='ocr_line' id='line_1_109' title="bbox 2540 4755 4487 4839; baseline 0.003 -22"><span class='ocrx_word' id='word_1_779' title='bbox 2540 4763 2853 4832; x_wconf 90' lang='lat' dir='ltr'>nostrum,</span> <span class='ocrx_word' id='word_1_780' title='bbox 2907 4775 2990 4817; x_wconf 92' lang='lat' dir='ltr'>ex</span> <span class='ocrx_word' id='word_1_781' title='bbox 3034 4755 3217 4820; x_wconf 91' lang='lat' dir='ltr'>cuius</span> <span class='ocrx_word' id='word_1_782' title='bbox 3263 4756 3529 4821; x_wconf 90' lang='lat' dir='ltr'>aedibus</span> <span class='ocrx_word' id='word_1_783' title='bbox 3575 4755 3695 4820; x_wconf 88' lang='lat' dir='ltr'>has</span> <span class='ocrx_word' id='word_1_784' title='bbox 3739 4756 3821 4820; x_wconf 90' lang='lat' dir='ltr'>ad</span> <span class='ocrx_word' id='word_1_785' title='bbox 3869 4765 3932 4822; x_wconf 92' lang='lat' dir='ltr'>te</span> <span class='ocrx_word' id='word_1_786' title='bbox 3977 4757 4224 4839; x_wconf 87' lang='lat' dir='ltr'>scripsi,</span> <span class='ocrx_word' id='word_1_787' title='bbox 4281 4778 4487 4839; x_wconf 87' lang='lat' dir='ltr'>quum</span> 
     </span>
     <span class='ocr_line' id='line_1_110' title="bbox 2540 4839 4484 4922; baseline 0.002 -19"><span class='ocrx_word' id='word_1_788' title='bbox 2540 4840 2699 4904; x_wconf 90' lang='lat' dir='ltr'>mihi</span> <span class='ocrx_word' id='word_1_789' title='bbox 2762 4839 3051 4904; x_wconf 88' lang='lat' dir='ltr'>redditae</span> <span class='ocrx_word' id='word_1_790' title='bbox 3118 4855 3275 4905; x_wconf 91' lang='lat' dir='ltr'>sunt</span> <span class='ocrx_word' id='word_1_791' title='bbox 3337 4842 3567 4907; x_wconf 89' lang='lat' dir='ltr'>literae</span> <span class='ocrx_word' id='word_1_792' title='bbox 3633 4852 3784 4908; x_wconf 91' lang='lat' dir='ltr'>tuae</span> <span class='ocrx_word' id='word_1_793' title='bbox 3846 4866 3885 4906; x_wconf 89' lang='lat' dir='ltr'>a</span> <span class='ocrx_word' id='word_1_794' title='bbox 3943 4844 4176 4909; x_wconf 78' lang='lat' dir='ltr'>Levero</span> <span class='ocrx_word' id='word_1_795' title='bbox 4240 4851 4484 4922; x_wconf 89' lang='lat' dir='ltr'>nostro,</span> 
     </span>
     <span class='ocr_line' id='line_1_111' title="bbox 2535 4926 4488 5013; baseline 0.002 -23"><span class='ocrx_word' id='word_1_796' title='bbox 2535 4946 2727 5008; x_wconf 90' lang='lat' dir='ltr'>quem</span> <span class='ocrx_word' id='word_1_797' title='bbox 2787 4926 3052 5008; x_wconf 91' lang='lat' dir='ltr'>quidem</span> <span class='ocrx_word' id='word_1_798' title='bbox 3111 4948 3231 5010; x_wconf 88' lang='lat' dir='ltr'>ego</span> <span class='ocrx_word' id='word_1_799' title='bbox 3287 4949 3492 5010; x_wconf 90' lang='lat' dir='ltr'>quum</span> <span class='ocrx_word' id='word_1_800' title='bbox 3545 4926 3628 4992; x_wconf 90' lang='lat' dir='ltr'>ob</span> <span class='ocrx_word' id='word_1_801' title='bbox 3680 4929 3891 5013; x_wconf 90' lang='lat' dir='ltr'>ipsius</span> <span class='ocrx_word' id='word_1_802' title='bbox 3934 4930 4243 4994; x_wconf 90' lang='lat' dir='ltr'>meritum</span> <span class='ocrx_word' id='word_1_803' title='bbox 4288 4943 4488 4994; x_wconf 84' lang='lat' dir='ltr'>antea</span> 
     </span>
     <span class='ocr_line' id='line_1_112' title="bbox 2537 5007 4486 5098; baseline 0.002 -22"><span class='ocrx_word' id='word_1_804' title='bbox 2537 5010 2907 5095; x_wconf 89' lang='lat' dir='ltr'>diligebam,</span> <span class='ocrx_word' id='word_1_805' title='bbox 2942 5031 3122 5076; x_wconf 89' lang='lat' dir='ltr'>nunc</span> <span class='ocrx_word' id='word_1_806' title='bbox 3158 5034 3315 5078; x_wconf 84' lang='lat' dir='ltr'>vero</span> <span class='ocrx_word' id='word_1_807' title='bbox 3349 5016 3548 5079; x_wconf 90' lang='lat' dir='ltr'>etiam</span> <span class='ocrx_word' id='word_1_808' title='bbox 3584 5015 3865 5098; x_wconf 89' lang='lat' dir='ltr'>amplius</span> <span class='ocrx_word' id='word_1_809' title='bbox 3900 5036 4064 5094; x_wconf 90' lang='lat' dir='ltr'>amo,</span> <span class='ocrx_word' id='word_1_810' title='bbox 4110 5015 4282 5097; x_wconf 90' lang='lat' dir='ltr'>quod</span> <span class='ocrx_word' id='word_1_811' title='bbox 4320 5007 4486 5081; x_wconf 84' lang='lat' dir='ltr'>mihi</span> 
     </span>
     <span class='ocr_line' id='line_1_113' title="bbox 2535 5096 4486 5181; baseline 0.003 -19"><span class='ocrx_word' id='word_1_812' title='bbox 2535 5098 2625 5162; x_wconf 92' lang='lat' dir='ltr'>sit</span> <span class='ocrx_word' id='word_1_813' title='bbox 2666 5096 2781 5162; x_wconf 90' lang='lat' dir='ltr'>abs</span> <span class='ocrx_word' id='word_1_814' title='bbox 2826 5108 2889 5163; x_wconf 90' lang='lat' dir='ltr'>te</span> <span class='ocrx_word' id='word_1_815' title='bbox 2945 5099 3456 5166; x_wconf 89' lang='lat' dir='ltr'>commendatus.</span> <span class='ocrx_word' id='word_1_816' title='bbox 3548 5099 3741 5181; x_wconf 80' lang='lat' dir='ltr'>Quod</span> <span class='ocrx_word' id='word_1_817' title='bbox 3799 5111 4015 5166; x_wconf 90' lang='lat' dir='ltr'>autem</span> <span class='ocrx_word' id='word_1_818' title='bbox 4063 5100 4145 5165; x_wconf 89' lang='lat' dir='ltr'>ad</span> <span class='ocrx_word' id='word_1_819' title='bbox 4190 5121 4486 5167; x_wconf 86' lang='lat' dir='ltr'>annuam</span> 
     </span>
     <span class='ocr_line' id='line_1_114' title="bbox 2536 5185 4485 5270; baseline 0.002 -21"><span class='ocrx_word' id='word_1_820' title='bbox 2536 5185 2914 5268; x_wconf 83' lang='lat' dir='ltr'>pensionem</span> <span class='ocrx_word' id='word_1_821' title='bbox 2975 5185 3240 5262; x_wconf 88' lang='lat' dir='ltr'>attinet,</span> <span class='ocrx_word' id='word_1_822' title='bbox 3300 5188 3456 5270; x_wconf 89' lang='lat' dir='ltr'>quia</span> <span class='ocrx_word' id='word_1_823' title='bbox 3512 5188 3731 5251; x_wconf 89' lang='lat' dir='ltr'>nescio</span> <span class='ocrx_word' id='word_1_824' title='bbox 3789 5208 3875 5251; x_wconf 92' lang='lat' dir='ltr'>an</span> <span class='ocrx_word' id='word_1_825' title='bbox 3933 5187 4109 5251; x_wconf 89' lang='lat' dir='ltr'>solus</span> <span class='ocrx_word' id='word_1_826' title='bbox 4162 5195 4485 5253; x_wconf 85' lang='lat' dir='ltr'>venturus</span> 
     </span>
     <span class='ocr_line' id='line_1_115' title="bbox 2536 5270 4488 5356; baseline 0.003 -22"><span class='ocrx_word' id='word_1_827' title='bbox 2536 5272 2621 5334; x_wconf 91' lang='lat' dir='ltr'>sit</span> <span class='ocrx_word' id='word_1_828' title='bbox 2664 5292 2843 5353; x_wconf 90' lang='lat' dir='ltr'>puer,</span> <span class='ocrx_word' id='word_1_829' title='bbox 2900 5291 2987 5335; x_wconf 89' lang='lat' dir='ltr'>an</span> <span class='ocrx_word' id='word_1_830' title='bbox 3031 5292 3192 5335; x_wconf 83' lang='lat' dir='ltr'>vero</span> <span class='ocrx_word' id='word_1_831' title='bbox 3247 5292 3396 5337; x_wconf 89' lang='lat' dir='ltr'>cum</span> <span class='ocrx_word' id='word_1_832' title='bbox 3437 5273 3654 5356; x_wconf 89' lang='lat' dir='ltr'>aliquo</span> <span class='ocrx_word' id='word_1_833' title='bbox 3692 5273 3944 5351; x_wconf 88' lang='lat' dir='ltr'>comite,</span> <span class='ocrx_word' id='word_1_834' title='bbox 4002 5270 4237 5338; x_wconf 93' lang='lat' dir='ltr'>deinde</span> <span class='ocrx_word' id='word_1_835' title='bbox 4280 5276 4488 5339; x_wconf 87' lang='lat' dir='ltr'>etiam</span> 
     </span>
     <span class='ocr_line' id='line_1_116' title="bbox 2535 5357 4488 5440; baseline 0.003 -20"><span class='ocrx_word' id='word_1_836' title='bbox 2535 5359 2765 5440; x_wconf 87' lang='lat' dir='ltr'>ignoro</span> <span class='ocrx_word' id='word_1_837' title='bbox 2831 5376 3029 5440; x_wconf 90' lang='lat' dir='ltr'>quam</span> <span class='ocrx_word' id='word_1_838' title='bbox 3095 5358 3449 5424; x_wconf 85' lang='lat' dir='ltr'>liberaliter</span> <span class='ocrx_word' id='word_1_839' title='bbox 3512 5359 3673 5424; x_wconf 85' lang='lat' dir='ltr'>velit</span> <span class='ocrx_word' id='word_1_840' title='bbox 3737 5360 4031 5436; x_wconf 80' lang='lat' dir='ltr'>tractari,</span> <span class='ocrx_word' id='word_1_841' title='bbox 4098 5357 4263 5423; x_wconf 89' lang='lat' dir='ltr'>nihil</span> <span class='ocrx_word' id='word_1_842' title='bbox 4318 5360 4488 5425; x_wconf 86' lang='lat' dir='ltr'>certi</span> 
     </span>
    </p>
   </div>
  </div>
 </body>
</html>
