4850 6200
511 405 629 470 611

507 591 697 657 illum
732 598 802 655 et
834 589 1080 657 similes
1113 610 1339 654 omnes
1373 587 1459 653 ad
1492 588 1819 653 saniorem
1855 593 2145 653 mentem
2181 583 2456 651 reducat

507 677 847 761 nostrique
891 675 1183 741 omnium
1229 674 1635 741 misereatur.
1687 673 1791 739 'Pu
1834 673 2089 738 interea
2116 670 2263 738 vale
2303 689 2455 754 per-

591 770 708 829 tuo
749 761 908 828 felix
950 782 1099 829 cum
1144 768 1284 827 tota
1325 770 1442 826 tua
1482 767 1712 826 sancta
1747 758 2039 826 ecclesia.
2127 755 2457 823 Dominus

575 870 694 916 eus
735 853 804 914 te
837 845 950 913 diu
981 845 1379 914 incolumem
1414 852 1634 912 servet
1654 845 1961 912 ecclesiae
1982 863 2157 911 suae.
2219 845 2452 908 Amen.

507 934 849 1002 Salutatos
892 934 1084 1019 cupio
1127 953 1355 999 omnes
1397 940 1619 1017 patres
1662 952 1737 998 ac
1780 938 2231 1016 praeceptores
2277 948 2456 994 meos

508 1023 580 1087 in
646 1020 944 1098 Christo,
1012 1018 1097 1086 D.
1176 1017 1596 1096 Pellioanum,
1665 1015 1750 1082 D.
1819 1015 2301 1095 Bibliandrum,
2368 1013 2454 1080 D.

516 1106 930 1173 &mulierum
986 1114 1400 1189 caeterosque
1453 1103 1593 1188 pios
1658 1103 1894 1169 fratros
1953 1121 2029 1168 ac
2089 1100 2270 1167 verbi
2327 1100 2459 1166 Dei

509 1193 864 1258 ministros.
925 1191 1120 1258 Meus
1161 1190 1411 1275 collega
1430 1210 1564 1255 una
1584 1209 1736 1256 cum
1770 1188 2071 1255 omnibus
2093 1185 2459 1254 senioribus

510 1279 821 1345 ecclesiae
865 1286 1128 1344 nostrae
1150 1284 1217 1344 te
1246 1277 1601 1362 plurimum
1623 1276 1927 1349 salutant.
1987 1274 2240 1340 Iterum
2281 1272 2454 1339 vale.

508 1365 919 1449 Argentinae
963 1367 1063 1429 22.
1101 1362 1327 1430 Martii
1372 1366 1550 1429 1555.

1400 1499 1581 1565 'I'uus
1627 1499 1728 1563 tui
1770 1497 2286 1564 studiosissimus

1495 1583 1776 1652 Ioannes
1821 1585 2207 1652 Garnerius.

1394 2130 1587 2201 2155.

991 2284 1488 2353 FARELLUS
1532 2284 1978 2353 SULZERO.

690 2459 936 2524 Novum
995 2459 1349 2525 incendium
1389 2478 1433 2523 a
1482 2457 1725 2523 Satana
1781 2460 2113 2523 excitatum
2160 2457 2463 2525 Calvinus

511 2546 674 2611 libro
732 2551 943 2610 contra
1005 2543 1426 2626 Westphalum
1488 2544 1722 2627 scripto
1784 2545 2168 2628 exstinquere
2230 2544 2456 2611 debuit.

509 2631 618 2698 De
667 2632 932 2696 Tossrmi
973 2632 1302 2713 tyrannide
1341 2630 1578 2694 tristem
1619 2649 1801 2693 suam
1839 2632 2217 2696 cardilenam
2259 2631 2460 2698 denuo

504 2717 750 2806 profert
790 2719 969 2781 novis
1011 2716 1281 2799 strophis
1323 2721 1590 2782 auctam.

517 2890 934 2960 (Antogrsphon
954 2895 1138 2942 exstat
1170 2889 1226 2941 in
1245 2887 1582 2941 Bibliotheca
1599 2889 1770 2942 civica
1786 2889 2124 2957 Sangallensi
2142 2888 2290 2942 Tom.
2311 2888 2464 2942 vm.

511 2959 561 3013 E
640 3000 652 3011 .
701 2961 774 3028 pl.
809 2958 963 3011 MSS.
1003 2956 1130 3011 Vol.
1165 2954 1250 3021 37,
1298 2956 1390 3010 fol.
1431 2955 1513 3010 15.
1583 2956 1645 3010 In
1683 2974 1790 3025 qno
1827 2963 2009 3011 tamen
2054 2973 2154 3025 per
2197 2958 2461 3011 incuriam

508 2976 805 3109 bssfiopegi
841 3026 1109 3108 nonnulla.
1129 3025 1392 3079 lectorum
1427 3025 1599 3079 oculis
1632 3042 1692 3079 se
1727 3026 2048 3080 subducunt.
2121 3026 2460 3096 Descriptum

514 3095 720 3166 legitur
769 3114 826 3149 in
875 3095 1014 3149 Bibl.
1064 3111 1164 3148 civ.
1201 3094 1328 3148 Tur.
1381 3093 1445 3149 F.
1480 3092 1551 3148 48
1593 3095 1662 3150 ol.
1699 3094 1841 3149 vm.
1893 3095 1984 3150 fol.
2027 3092 2130 3149 487
2167 3113 2217 3148 v.
2272 3103 2329 3149 et
2370 3113 2458 3167 ap.

1182 3164 1464 3218 Simlerum
1501 3162 1626 3216 Vol.
1662 3161 1774 3230 84.)

693 3334 1062 3400 Admodum
1121 3335 1249 3399 insi
1343 3335 1366 3399 i
1424 3355 1613 3401 servo
1676 3337 1940 3402 Domini
1999 3336 2150 3402 Iesu
2207 3337 2462 3403 Simoni

517 3420 790 3488 Sulcero
850 3422 1093 3504 pastori
1153 3355 1461 3488 eccffgsiae
1505 3421 1890 3488 Basiliensis
1948 3422 2303 3506 plurimum
2348 3424 2461 3490 ob·

517 3506 841 3574 servando
885 3507 1071 3572 fratri
1108 3517 1175 3572 et
1219 3515 1642 3592 symmystae.
1969 3594 2288 3662 Rasum·

688 3767 757 3830 S.
829 3766 975 3830 Non
1022 3773 1085 3829 te
1130 3766 1300 3849 fugit
1334 3787 1414 3830 ex
1460 3765 1781 3848 colloquio
1805 3765 2264 3848 Marburgensi
2302 3787 2463 3832 non-

516 3851 686 3916 nihil
742 3851 1040 3915 effectum
1103 3871 1184 3915 ne
1255 3858 1390 3915 tam
1445 3852 1752 3917 atrociter
1800 3859 2207 3934 pugnaretur
2264 3853 2337 3917 in
2391 3874 2465 3918 re

517 3936 980 4003 eucharistiae:
1041 3936 1156 4001 sed
1213 3935 1408 4021 longe
1464 3938 1675 4022 magis
1730 3937 2035 4003 effectum
2078 3960 2164 4004 ex
2211 3938 2466 4005 confes-

516 4023 701 4089 sione
757 4023 901 4087 istic
956 4021 1128 4087 facta
1172 4043 1336 4106 quae
1392 4023 1567 4105 piam
1621 4024 1995 4090 continebat
2047 4026 2461 4090 sententiam.

515 4108 788 4176 Utinam
825 4106 990 4172 nihil
1027 4107 1251 4173 datum
1285 4108 1513 4174 fuisset
1557 4116 1671 4173 aut
1705 4117 2044 4193 acceptum
2080 4111 2460 4191 occasionis,

516 4191 695 4260 unde
727 4192 1107 4259 incendium
1143 4215 1373 4260 rursus
1408 4192 1885 4260 accenderetur.
1948 4195 2287 4263 Lutherus
2322 4199 2464 4263 suis

520 4279 604 4346 ad
658 4280 1028 4346 Beruenses
1085 4279 1294 4346 literis
1351 4280 1500 4363 plus
1554 4281 1766 4346 fassus
1820 4289 1919 4346 est
1971 4303 2166 4365 quam
2226 4284 2465 4367 aliquis

518 4387 717 4432 ausus
762 4367 992 4431 fuisset
1035 4378 1288 4448 petere:
1344 4367 1655 4432 nimirum
1699 4386 1771 4432 se
1815 4367 2092 4433 nimium
2151 4369 2349 4436 fuisse
2391 4370 2461 4434 in

518 4453 914 4537 exagitanda
973 4471 1169 4517 causa
1224 4470 1299 4518 ac
1349 4451 1500 4517 boni
1567 4453 1904 4519 consulere
1969 4455 2461 4521 confessionem.

516 4538 657 4604 Nec
687 4536 908 4604 dubito
945 4538 1102 4623 quin
1147 4539 1242 4603 ita
1282 4537 1365 4603 ad
1401 4538 1565 4604 alios
1607 4539 1958 4624 scripserit,
2002 4547 2076 4605 ut
2117 4539 2316 4605 etiam
2359 4540 2462 4604 in-

516 4645 733 4711 genue
778 4623 1030 4689 detexit
1072 4624 1466 4707 proditorem
1510 4625 1621 4708 qui
1681 4624 1939 4691 volebat
1980 4623 2314 4691 hominem
2358 4625 2460 4690 in-

515 4711 856 4775 flammare
896 4709 978 4773 ob
1020 4710 1434 4776 immutatam
1478 4712 1966 4790 confessionem,
2019 4721 2098 4775 ut
2141 4710 2459 4788 dicebant¹

517 4799 997 4880 Augustanam.
1061 4794 1201 4862 Sed
1242 4805 1502 4862 tantum
1538 4796 1746 4862 abfuit
1785 4804 1860 4861 ut
1899 4796 2114 4861 virum
2158 4796 2462 4863 alienarit

518 4881 602 4947 ab
646 4883 727 4947 iis
769 4883 877 4965 qui
925 4894 1116 4947 erant
1158 4884 1228 4948 in
1278 4892 1611 4951 conventu
1654 4884 1809 4965 piis,
1866 4881 2034 4964 quod
2079 4884 2290 4967 magis
2331 4882 2463 4949 fuit

517 4967 616 5032 eis
657 4969 930 5034 iunctus.
1009 4967 1277 5035 Interea
1311 4968 1594 5035 Satanas
1638 4967 1719 5033 ob
1763 4966 2095 5033 levitatem
2131 4967 2459 5053 quandam

519 5061 590 5118 et
631 5052 949 5121 diabolica
1005 5054 1264 5120 flabella
1317 5061 1578 5118 tantum
1624 5052 1838 5118 effecit
1892 5066 1966 5118 ut
2008 5054 2218 5120 maius
2261 5055 2463 5121 fuerit

518 5140 873 5204 excitatum
920 5138 1310 5212 incendium,
1353 5140 1422 5203 in
1468 5159 1594 5221 quo
1627 5158 1798 5204 unus
1825 5137 2127 5207 Calvinus
2166 5162 2208 5206 n
2292 5162 2377 5207 ue
2417 5162 2461 5207 a

713 5226 725 5238 ‘
825 5224 1170 5291 damnatus
1191 5245 1478 5307 unquam
1515 5223 1640 5290 fuit
1663 5245 1874 5307 neque
1895 5225 1979 5291 ab
2000 5225 2162 5293 aliis.
2295 5249 2456 5295 num

520 5311 781 5392 speravi
840 5333 956 5396 per
1004 5332 1198 5397 quem
1242 5308 1586 5378 dissidium
1629 5310 1770 5376 tolli
1813 5323 2049 5396 posset,
2108 5335 2227 5381 nec
2271 5335 2456 5399 pror·

2009 393 2532 464 EPISTOLAE
2577 398 3001 463 2154--215c

4378 396 4505 460 512

2558 603 2673 651 sus
2706 581 2896 661 male,
2942 581 3119 668 quod
3153 580 3420 650 tandem
3454 582 3760 650 effectum
3802 603 3955 651 cum
3989 581 4227 670 gaudio
4262 602 4507 671 magno

2557 677 2627 735 et
2683 666 3118 735 admiratione
3173 668 3429 754 excepit
3472 667 3782 738 Buome.
3870 667 4013 736 De*=
4030 669 4179 736 aliis
4224 691 4359 737 non
4414 672 4508 739 ita

2556 767 2734 822 certo
2777 755 2953 840 loqui
2995 774 3280 839 possum.
3366 755 3616 821 Furiae
3660 764 3726 822 et
3781 755 3986 823 febris
4028 755 4422 825 Ιοαώϋιιιιηι
4456 762 4505 835 ¹)

2556 840 2964 926 impulerunt
2998 841 3289 924 proferre
3310 861 3475 926 quae
3510 840 3712 908 semel
3749 850 3818 907 et
3851 842 4088 909 iterum
4120 842 4273 929 legi.
4325 840 4505 911 Sane

2560 947 2693 994 non
2738 928 2953 995 decuit
2997 947 3208 1012 neque
3268 926 3453 995 licuit
3496 926 3830 994 Calvinum
3874 938 4089 995 tacere
4139 941 4208 995 et
4258 927 4505 997 bonam

2558 1013 2832 1099 prodere
2896 1033 3191 1093 cansam,
3257 1021 3325 1079 et
3388 1013 3606 1099 potius
3670 1015 3874 1079 miror
3937 1013 4154 1080 virum
4215 1016 4502 1100 potuisse

2556 1121 2824 1187 parcere
2867 1099 3121 1165 nomini
3174 1106 3313 1165 tam
3362 1097 3648 1183 improbi
3702 1098 4190 1168 calumniatoris
4246 1110 4314 1167 et
4364 1107 4504 1169 tam

2560 1185 2852 1253 modeste
2894 1184 3308 1269 respondisse
3350 1186 3496 1252 viro
3538 1184 3650 1270 qui
3694 1185 3973 1270 pessime
4015 1185 4321 1271 loquutus
4364 1207 4503 1253 me-

2557 1275 2686 1338 rito
2742 1270 2913 1337 male
2967 1271 3193 1337 audire
3246 1268 3538 1337 debebat.
3624 1270 3689 1338 N
3693 1293 3764 1338 ec
3817 1270 4061 1351 dubito,
4119 1274 4177 1338 si
4229 1291 4505 1358 pergere

2559 1359 2844 1425 voluerit
2879 1357 3231 1441 improbus,
3292 1354 3468 1422 aliud
3521 1377 3718 1442 quam
3759 1356 3959 1423 talem
4004 1356 4345 1425 lenitatem
4385 1380 4506 1425 ex-

2559 1444 2870 1529 perietur.
2959 1443 3131 1509 Nam
3174 1451 3434 1527 praeter
3467 1464 3708 1509 nervos
3751 1443 4082 1509 rationum
4125 1444 4360 1527 quibus
4395 1445 4511 1528 pia

2560 1531 2830 1597 fulcitur
2895 1528 3189 1595 doctrina
3252 1529 3493 1596 sentiet
3557 1527 3940 1596 novaculam
4008 1550 4179 1614 quae
4255 1532 4507 1599 saniem

2561 1617 2855 1683 ulcerum
2891 1636 3157 1681 suorum
3193 1614 3490 1682 diffluere
3530 1615 3725 1682 faciet
3758 1621 3835 1680 ut
3876 1615 4116 1682 foeteat
4172 1623 4351 1683 totus
4392 1617 4507 1685 ille

2561 1703 2914 1769 ulcerosus.
3004 1699 3138 1767 Sed
3183 1720 3377 1786 spero
3420 1701 3648 1786 sapiet,
3704 1706 3772 1767 et
3821 1700 3998 1785 quod
4048 1700 4119 1767 in
4177 1701 4325 1769 aliis
4368 1711 4507 1771 tam

2563 1789 2923 1874 praefracte
2968 1786 3237 1852 damnat
3278 1787 3348 1852 in
3394 1808 3466 1854 se
3509 1808 3645 1852 non
3685 1795 3823 1853 tam
3864 1786 4181 1871 probabit
4249 1788 4508 1856 Verum

2562 1885 2654 1953 tu,
2699 1875 2807 1958 qui
2852 1873 3025 1938 nosti
3069 1892 3180 1938 eos
3215 1873 3326 1955 qui
3360 1872 3468 1939 hic
3501 1880 3716 1938 mcum
3838 1881 4033 1939 esunt
4068 1871 4148 1940 ad
4185 1874 4507 1943 eiusmodi

2561 1960 2629 2025 in
2677 1957 2975 2024 ordinem
3018 1957 3359 2042 cogendos,
3422 1968 3691 2044 propter
3791 1958 4075 2026 hristum
4118 1980 4506 2045 componen-

2561 2045 2661 2111 dis
2718 2044 3021 2111 omnibus
3076 2042 3364 2110 studebis
3420 2054 3489 2111 et
3543 2065 3769 2111 omnes
3833 2044 4143 2111 invitabis
4206 2046 4507 2114 invocato

2563 2130 2868 2196 Domino.
2941 2128 3020 2195 Si
3062 2129 3186 2196 hoc
3223 2150 3431 2195 unum
3466 2131 3895 2215 compositum
3939 2130 4249 2212 viderem,
4293 2132 4507 2201 laetus

2561 2217 2714 2284 hinc
2758 2214 2841 2282 ad
2884 2217 3240 2281 Dominum
3285 2216 3723 2282 concederem.

2736 2304 2836 2368 Dc
2908 2303 3184 2368 Tossano
3210 2305 3265 2380 2)
3332 2301 3488 2385 quid
3553 2301 3812 2368 dicam?
3900 2302 4087 2368 Nihil
4148 2303 4314 2370 mihi
4378 2304 4511 2370 fuit

2563 2390 2778 2456 carius
2823 2389 2983 2454 viro.
3055 2388 3195 2452 Vix
3239 2388 3372 2452 scio
3415 2408 3563 2455 cum
3603 2387 3819 2473 aliquo
3854 2391 4304 2473 praesentiora
4340 2390 4511 2456 mihi

2563 2476 2767 2542 fuisse
2826 2473 3133 2558 pericula.
3236 2474 3477 2540 Nullus
3529 2496 3821 2557 unquam
3878 2476 3973 2539 ita
4015 2495 4121 2539 me
4178 2477 4513 2559 permovit

2564 2562 2649 2628 ad
2712 2571 3008 2627 extrema
3072 2560 3424 2626 subeunda.
3514 2560 3749 2627 Nescio
3807 2582 3912 2628 me
3970 2561 4331 2628 ministerio
4388 2562 4510 2628 ali-

2564 2649 2746 2715 cuius
2789 2649 2999 2733 magis
3041 2647 3365 2726 affectum,
3420 2654 3488 2712 et
3531 2647 3683 2730 quia
3724 2647 3897 2714 inter
3941 2646 4173 2714 Gallos
4216 2648 4513 2733 primum

2564 2733 2805 2816 agnovi
2869 2732 3195 2817 evangelii
3258 2742 3603 2798 strenuum
3668 2744 4073 2814 sectatorem,
4139 2744 4209 2799 et
4271 2734 4515 2818 ingens

2564 2821 2838 2885 affectus
2904 2820 3016 2903 qui
3087 2839 3194 2885 me
3258 2819 3433 2903 cogit
3487 2818 4116 2905 Monbelgardenses
4180 2841 4423 2900 amare,
4453 2823 4510 2898 ⁸)

2564 2908 2717 2973 fecit
2761 2915 2836 2971 ut
2879 2907 3098 2971 anima
3140 2925 3287 2970 mea
3328 2904 3493 2969 mihi
3535 2906 3746 2972 carior
3788 2915 3975 2972 esset.
4050 2905 4307 2972 Verum
4350 2905 4512 2990 quid

2564 3014 2699 3059 non
2753 3001 2925 3059 esset
2978 2992 3161 3068 mihi,
3228 3011 3428 3074 quum
3486 2991 3720 3057 fratres
3775 2990 3857 3057 ab
3911 3013 3989 3058 eo
4044 2991 4236 3077 pulsi,
4303 3013 4514 3076 quum

2565 3086 2819 3147 constet
2875 3077 3038 3143 nihil
3106 3086 3325 3144 actum
3385 3098 3528 3142 esse
3592 3077 3665 3143 in
3720 3078 4023 3146 omnibus
4085 3077 4215 3145 nisi
4281 3090 4513 3146 autore

2573 3166 2901 3232 Possem?
2988 3165 3133 3230 Scri
3181 3165 3283 3241 sit,
3336 3164 3589 3229 notavit
3632 3164 3871 3230 omnia.
3962 3166 4203 3231 Manus
4245 3185 4323 3232 co
4418 3165 4513 3231 'ta

2564 3253 2635 3317 in
2681 3252 2974 3328 lect-ione,
3020 3271 3140 3315 ver
3256 3250 3465 3334 ipsius
3488 3271 3569 3314 ex
3594 3249 3821 3333 phrasi
3857 3250 4113 3318 dicendi
4148 3187 4505 3318 intelffita.

2564 3335 2998 3421 Deprehensa
3038 3334 3405 3412 mendacia,
3465 3336 3632 3402 abne
3718 3345 3788 3402 ta
3831 3337 4075 3403 veritas
4115 3346 4183 3403 et
4222 3358 4301 3404 ea
4334 3357 4510 3421 quae

2563 3431 2873 3507 cogerent
2912 3421 3017 3486 vel
3054 3420 3322 3505 angelos
3358 3419 3687 3487 detestari.
3753 3422 4002 3488 Tamen
4038 3421 4276 3489 fratres
4320 3432 4511 3489 tanta

2564 3508 2783 3574 affecti
2828 3508 3083 3582 iniuria,
3144 3506 3296 3571 dum
3343 3508 3637 3573 referunt
3676 3529 3844 3592 quae
3884 3507 4196 3574 viderunt
4238 3517 4306 3575 et
4357 3529 4509 3575 sen-

2564 3603 2792 3661 serunt
2833 3593 2909 3658 in
2945 3594 3084 3657 viro
3118 3602 3269 3657 ante
3306 3592 3585 3658 Interim
3619 3592 3804 3674 illud,
3847 3601 3916 3658 et
3959 3594 4116 3660 dum
4158 3607 4515 3679 exceptum

2564 3689 2755 3757 esset,
2799 3698 2874 3746 ac
2917 3687 3064 3763 post
3117 3699 3320 3762 usque
3362 3678 3445 3743 ad
3493 3679 3728 3745 Serveti
3769 3681 4236 3763 captivitatem,
4268 3685 4322 3759 ⁴)
4365 3681 4511 3746 lau-

2566 3766 2725 3832 dant
2767 3774 2834 3830 et
2871 3764 3331 3832 commendant
3372 3765 3610 3841 virum,
3655 3786 3777 3830 nec
3821 3775 4097 3850 possunt
4139 3775 4331 3832 extra
4371 3777 4516 3833 tam

2565 3852 2836 3936 impium
2882 3851 3136 3936 lapsum
3182 3871 3311 3916 non
3357 3850 3812 3918 commendare
3855 3852 4090 3930 virum,
4137 3873 4257 3919 nec
4301 3852 4513 3919 desis-

2564 3946 2718 4005 tunt
2880 3936 3148 4003 vissime
3191 3936 3351 4003 laesi
3405 3937 3526 4020 ipsi
3572 3937 4028 4003 commendare
4074 3937 4379 4017 Domino,
4436 3945 4513 4003 et

2565 4024 2725 4091 alios
2819 4023 3022 4090 ortari
3068 4032 3142 4087 ut
3182 4044 3299 4107 pro
3343 4044 3418 4089 eo
3463 4034 3825 4106 precentur.
3915 4022 4138 4105 Quum
4184 4023 4357 4108 apud
4397 4043 4512 4089 me

2565 4111 2778 4196 cogito
2836 4129 3002 4192 quae
3062 4130 3178 4192 per
3235 4129 3479 4174 annum
3540 4117 3607 4175 et
3663 4108 3945 4194 amplius
4003 4108 4232 4175 studeo
4290 4110 4369 4176 ab
4422 4130 4511 4176 ec

2564 4198 2918 4281 impetrare
2961 4203 3027 4259 et
3071 4215 3234 4278 quae
3278 4193 3612 4279 respondit
3655 4204 3721 4260 et
3762 4195 3928 4280 egit,
3987 4195 4152 4261 nihil
4195 4204 4519 4279 expertus

2565 4304 2710 4348 sum
2779 4289 2963 4346 tanta
3027 4279 3298 4363 perfidia
3361 4288 3430 4346 et
3492 4287 3680 4346 tanto
3744 4282 3893 4346 fuco
3961 4291 4195 4348 actum.
4308 4281 4515 4346 Prius

2564 4368 2988 4434 constitutum
3047 4375 3189 4431 erat
3248 4388 3330 4432 ne
3385 4368 3528 4450 quis
3587 4366 3671 4432 ad
3727 4387 3994 4433 coenam
4048 4365 4515 4434 admitteretur

2563 4454 2674 4537 qni
2717 4474 2848 4518 non
2892 4452 3075 4535 prius
3116 4454 3434 4518 rationem
3478 4452 3630 4518 fidei
3671 4474 3828 4519 suae
3878 4451 4196 4532 redderet,
4254 4473 4330 4519 ac
4372 4452 4514 4519 alia

2562 4560 2680 4622 per
2742 4559 2908 4621 quae
2972 4539 3060 4621 pii
3128 4549 3421 4623 pastores
3480 4561 3564 4604 ex
3622 4540 3820 4606 verbo
3872 4540 4141 4604 Domini
4206 4548 4274 4604 et
4336 4537 4514 4604 bona

2560 4624 2956 4690 conscientia
3019 4633 3294 4708 possunt
3356 4633 3615 4691 tantum
3680 4645 3919 4690 munus
3984 4644 4101 4690 exs
4184 4624 4272 4691 ui.
4370 4624 4510 4693 Ubi

2561 4708 3108 4795 progrediendum
3151 4719 3297 4777 erat
3346 4711 3418 4776 in
3461 4710 3705 4795 pietate
3746 4721 3817 4776 et
3870 4711 4101 4794 purius
4167 4709 4511 4778 ormandis

2559 4985 2735 5042 alae.
2763 4988 2829 5117 21))
2860 4985 3261 5110 grew*

2761 5125 2822 5191 3)
2894 5095 3051 5180 abac
3086 5095 3136 5178 α’.
3174 5120 3311 5176 1524
3336 5124 3553 5205 primus
3587 5123 3919 5204 semotius·
3949 5121 4386 5203 praedicaverat.

2763 5193 2826 5272 4).
2855 5141 2945 5259 {Is
2982 5190 3091 5262 Ep.
3134 5188 3344 5246 Salem
3388 5190 3467 5246 ad
3504 5190 3889 5247 Marenem-m
3935 5192 4093 5257 unfra
4126 5190 4217 5273 ad·
4233 5189 4319 5246 2¹2.
4355 5191 4505 5262 Any.

2555 5260 3499 5385 {guigerttdmflulsemFm-ello
3543 5266 3823 5328 mpects·
3866 5265 3986 5315 emt
4028 5259 4509 5331 amaad.
