4850 6200
502 459 629 521 495

499 664 620 728 per
663 663 824 726 quas
869 639 980 705 ille
1022 646 1374 723 generator
1407 636 1677 720 spiritus
1715 634 2044 702 transiens
2086 634 2218 701 alia
2259 635 2453 721 fingit

499 727 753 812 reliqua
785 723 1112 792 membra:
1157 724 1267 807 qui
1309 725 1386 790 fit
1430 734 1502 788 ut
1544 744 1624 788 ea
1655 721 1878 788 omnia
1919 720 2115 786 simul
2159 740 2451 786 commu-

501 815 744 890 nicent,
797 820 868 877 et
916 809 1216 895 inprimis
1257 806 1459 887 cordi,
1516 807 1641 875 hoc
1683 819 1801 884 est,
1857 807 2025 871 fonti
2071 807 2247 873 vitae
2299 807 2451 875 iun-

639 908 765 977 tur,
820 917 955 964 non
997 895 1263 980 quidem
1306 894 1447 961 loco
1489 914 1607 959 seu
1651 902 1976 968 contactu,
2033 890 2452 976 quemadmo-

501 921 670 1053 {gum
725 983 911 1050 aiunt
971 981 1370 1059 immediato,
1436 980 1552 1046 scd
1615 977 1785 1063 quod
1852 976 2002 1043 inde
2067 977 2452 1044 admirando

507 1071 750 1139 summi
780 1069 1049 1135 artificis
1083 1067 1338 1151 opificio
1374 1066 1682 1148 spiritum
1704 1074 2120 1150 vegetantem
2143 1086 2219 1130 ac
2245 1065 2454 1129 vitam

504 1157 835 1223 hauriunt.
903 1155 993 1220 Et
1034 1153 1188 1220 licet
1230 1155 1360 1219 ista
1398 1151 1755 1219 similitudo
1798 1150 2011 1234 quoad
2045 1170 2270 1216 omnes
2313 1151 2454 1216 eius

503 1251 725 1327 partes
771 1242 992 1325 urgeri
1037 1239 1362 1306 subtiliter
1406 1260 1537 1304 non
1583 1236 1831 1316 debeat,
1893 1258 2031 1301 rem
2077 1247 2300 1301 tamen
2351 1252 2453 1300 ut-

503 1350 759 1412 eunque
794 1329 913 1393 sub
950 1326 1168 1393 oculos
1203 1328 1388 1408 ponit
1421 1324 1834 1407 ostenditque
1870 1322 2075 1400 nobis,
2113 1329 2457 1405 postquam

502 1416 635 1482 iam
681 1415 980 1479 homines
1021 1433 1252 1478 sumus
1300 1422 1371 1474 ut
1412 1410 1523 1474 ille
1567 1409 1711 1484 fuit,
1772 1429 1923 1475 cum
1970 1407 2239 1474 Christo
2285 1407 2457 1472 hanc

504 1501 790 1585 primam
889 1497 1293 1564 intercedere
1391 1497 1953 1572 communionem,
2039 1492 2216 1577 quod
2316 1494 2458 1558 eius

503 1587 803 1653 membra
845 1583 1183 1650 efficimur.
1283 1583 1465 1648 Deus
1508 1583 1749 1666 quippe
1805 1580 1992 1646 illum
2050 1587 2157 1661 (ut
2213 1580 2460 1645 Paulus

503 1670 814 1753 testatur)
858 1678 1056 1754 caput
1103 1667 1281 1733 dedit
1324 1667 1659 1733 ecclesiae:
1708 1668 1892 1749 quia,
1942 1676 2017 1730 ut
2060 1666 2331 1748 spiritus
2375 1667 2457 1730 ab

508 1779 587 1823 eo
627 1759 788 1832 fluit,
838 1756 1028 1820 modo
1072 1754 1196 1820 hoc
1239 1755 1431 1819 modo
1467 1752 1630 1818 illud
1665 1752 2032 1817 membrum
2079 1751 2200 1818 sibi
2247 1751 2458 1834 fingit,

505 1854 701 1926 atque
741 1841 1127 1925 adglutinat,
1171 1839 1459 1923 illudque
1513 1861 1631 1922 per
1688 1840 1991 1922 spiritum
2047 1839 2262 1920 ipsum
2310 1858 2458 1921 pro-

507 1930 894 2013 prietatibus
980 1950 1054 1992 ac
1143 1936 1657 2008 temperamento
1736 1926 1859 1990 sibi
1933 1924 2145 1989 simile
2223 1923 2457 1997 reddit,

506 2013 1030 2098 quandoquidem
1097 2014 1225 2076 iam
1294 2010 1686 2076 naturaliter
1765 2011 1961 2076 simul
2042 2009 2458 2075 conveniunt.

513 2100 715 2166 Prius
768 2101 985 2181 itaque
1046 2097 1385 2171 Christus,
1447 2094 1606 2161 dum
1660 2097 2121 2173 convertimur,
2184 2096 2464 2161 efficitur

508 2202 734 2251 noster
778 2200 842 2250 et
885 2208 1003 2249 nos
1037 2183 1231 2261 illius,
1277 2204 1472 2266 quam
1507 2184 1569 2248 ei
1601 2183 1946 2248 sanctitate
1987 2203 2061 2247 ac
2097 2180 2463 2246 inhaerenti

510 2271 763 2336 iustitia
826 2268 1176 2335 reddamur
1239 2269 1505 2334 similes.
1629 2269 1814 2334 Haec
1879 2267 1994 2332 illa
2059 2278 2161 2333 est
2226 2287 2463 2332 arcana

511 2357 877 2423 communio
922 2378 1048 2439 qua
1091 2355 1186 2419 illi
1232 2355 1510 2420 dicimur
1551 2355 1770 2420 inseri.
1861 2351 1975 2419 Sic
2019 2352 2204 2418 illum
2248 2354 2462 2435 primo

513 2443 872 2520 induimus,
917 2443 1010 2507 ita
1052 2463 1203 2507 caro
1248 2462 1332 2505 ex
1390 2440 1693 2506 carnibus
1738 2440 1898 2516 eius,
1950 2459 2023 2504 os
2066 2462 2149 2504 ex
2209 2439 2464 2504 ossibus

514 2530 674 2607 eius,
715 2530 795 2594 ab
839 2528 1125 2611 apostolo
1170 2524 1463 2591 dicimur.
1563 2527 1656 2590 Et
1700 2549 1780 2590 ex
1831 2527 1952 2590 hac
1995 2527 2124 2590 iam
2169 2526 2465 2607 exposita

513 2615 971 2680 communione
992 2634 1250 2696 semper
1285 2613 1398 2677 illa
1420 2626 1769 2695 postrema,
1813 2610 1973 2676 dum
2016 2611 2123 2676 hic
2164 2611 2462 2688 vivimus,

509 2701 863 2784 perficitur.
951 2699 1031 2763 ,Ν
1035 2722 1143 2763 am
1188 2699 1482 2763 membra
1530 2698 1779 2763 Christi
1843 2718 2101 2781 semper
2159 2717 2235 2761 eo
2280 2717 2465 2780 spec-

513 2797 660 2851 tant
705 2800 779 2851 ut
813 2786 953 2850 eius
978 2785 1296 2849 similiora
1331 2782 1633 2850 evadant.
1689 2784 1920 2866 Neque
1942 2784 2466 2848 communionem

509 2872 683 2938 hanc
718 2873 1064 2955 mysticam
1109 2871 1476 2953 impediunt
1516 2870 1805 2935 locorum
1863 2869 2094 2951 spatia,
2150 2868 2262 2933 sed
2309 2868 2467 2932 dum

511 2959 586 3025 in
629 2960 822 3023 torris
868 2956 1165 3039 degimus
1210 2954 1438 3020 haberi
1481 2962 1713 3038 potest,
1759 2955 1915 3021 licet
1958 2957 2171 3038 ipsum
2215 2953 2469 3019 Christi

514 3065 749 3127 corpus
804 3044 876 3107 in
938 3042 1134 3107 coelis
1199 3062 1349 3108 cum
1414 3054 1602 3124 patre
1669 3041 1893 3107 sedeat
1948 3054 2145 3124 atque
2210 3048 2465 3124 regnet.

515 3129 802 3197 Abunde
838 3129 998 3194 satis
1043 3140 1147 3191 est
1189 3138 1265 3191 ut
1307 3127 1585 3193 nexibus
1629 3137 1823 3210 atque
1858 3126 2282 3210 compagibus
2323 3128 2466 3209 qui-

515 3216 794 3282 busdam
866 3213 1317 3296 spiritualibus
1383 3212 1482 3278 illi
1562 3222 1933 3280 nectamur:
2014 3235 2177 3297 quae
2244 3225 2465 3278 tamen

515 3302 781 3366 vincula
823 3322 940 3365 seu
982 3299 1435 3384 colligationes
1476 3299 1556 3364 ab
1597 3300 1624 3364 i
1668 3321 1739 3365 so
1783 3300 1991 3381 capite
2047 3299 2338 3382 pendent
2390 3319 2466 3364 ac

517 3385 920 3452 derivantur.
1043 3386 1134 3450 Et
1195 3407 1272 3450 ea
1338 3394 1498 3452 sunt
1558 3387 1607 3452 fi
1786 3386 2197 3469 cumprimis,
2267 3382 2467 3450 verba

515 3472 649 3540 Dei
687 3482 752 3538 et
795 3481 1219 3537 sacramenta.
1283 3472 1415 3536 Per
1445 3472 1575 3537 ista
1617 3471 1889 3555 spiritus
1915 3494 1954 3537 a
1982 3480 2208 3538 nostro
2252 3472 2467 3553 capite

516 3557 862 3626 dimanans
907 3577 1023 3642 per
1064 3557 1408 3624 ecclesiam
1450 3556 1819 3641 divagatur,
1878 3567 1946 3622 et
1996 3579 2117 3623 sua
2170 3557 2468 3622 membra

513 3645 936 3730 proportione
989 3644 1167 3710 iusta
1235 3653 1500 3727 vegetat
1554 3655 1620 3708 et
1674 3643 2010 3709 assimilat.
2125 3643 2269 3709 Has
2343 3663 2465 3726 ego

514 3733 1010 3796 communiones
1053 3752 1204 3796 cum
1247 3728 1515 3795 Christo
1558 3730 1829 3813 recipio:
1889 3731 2047 3794 alias
2092 3739 2199 3805 (ut
2233 3750 2466 3793 verum

517 3815 758 3898 dicam)
823 3837 956 3881 non
1018 3815 1332 3899 intelligo.
1444 3814 1640 3896 Quod
1706 3818 2088 3898 praesertim
2152 3814 2232 3881 ob
2282 3814 2466 3878 illam

518 3899 661 3967 dico
697 3923 894 3984 quam
917 3901 1214 3967 nonnulli
1259 3923 1341 3967 ex
1386 3900 1679 3983 patribus
1722 3902 1923 3967 etiam
1961 3901 2304 3980 inducunt,
2348 3922 2465 3982 po-

514 3988 845 4056 tissimum
893 3986 1202 4072 Cyrinus,
1259 3987 1374 4070 qui
1427 3987 1864 4054 substantiam
1921 3988 2139 4054 carnis
2194 3997 2262 4050 et
2315 4005 2467 4052 san·-

513 4073 742 4160 guinis
785 4073 1036 4140 Christi
1081 4074 1175 4140 sic
1218 4072 1438 4139 cibum
1503 4087 1796 4138 nostrum
1853 4073 2119 4150 faciunt,
2177 4083 2255 4136 ut
2313 4072 2468 4138 mis-

514 4160 649 4226 ceri
706 4159 925 4225 dicant
998 4180 1069 4225 re
1135 4160 1278 4242 ipsa
1332 4180 1482 4224 cum
1546 4158 1912 4224 substantia
1976 4168 2217 4224 nostra.
2329 4157 2469 4224 Nec

515 4244 709 4311 video
728 4246 1049 4328 quomodo
1074 4267 1315 4328 ponere
1362 4265 1496 4310 non
1528 4255 1866 4328 cogantur,
1910 4245 2065 4309 dum
2106 4245 2199 4309 ita
2220 4243 2468 4323 dicunt,

517 4343 813 4398 nostram
879 4331 1152 4397 eandem
1225 4350 1490 4395 carnem
1547 4340 1615 4396 et
1665 4332 2053 4415 sanguinem
2071 4381 2087 4408 ,
2146 4352 2314 4414 quae
2372 4329 2469 4397 sic

519 4419 882 4488 nutriatur.
951 4439 1083 4483 non
1149 4416 1329 4483 abire
1393 4416 1462 4482 in
1525 4415 1801 4482 eandem
1867 4416 2252 4501 hypostasin
2316 4437 2469 4483 cum

520 4503 789 4571 Christo
831 4515 900 4568 et
938 4523 1175 4586 corpus
1217 4503 1393 4567 illius
1435 4501 1559 4567 hoc
1600 4512 1791 4586 pacto
1834 4502 1916 4567 ad
1961 4503 2471 4568 innumerabilia

519 4591 664 4656 loca
706 4588 1092 4654 diffundere.
1181 4587 1394 4653 Sunto
1436 4609 1594 4655 sane
1628 4599 2039 4656 sacramenta
2080 4596 2148 4654 et
2189 4589 2468 4654 verbum

522 4676 653 4742 Dei
677 4687 867 4741 notae
889 4684 954 4742 et
974 4673 1274 4761 symbola
1296 4695 1490 4741 verae
1513 4675 1992 4740 communionis
2013 4697 2160 4742 cum
2178 4674 2466 4752 Christo,

522 4783 720 4844 quam
768 4771 837 4826 ut
893 4762 1070 4845 potui
1130 4761 1261 4824 iam
1321 4760 1635 4843 explicui:
1693 4775 1888 4828 sunto
1946 4764 2146 4828 etiam
2203 4781 2467 4843 compa-

523 4848 714 4930 gines
768 4858 834 4912 et
894 4846 1360 4913 commissurae
1426 4865 1543 4928 per
1605 4867 1766 4930 quas
1830 4849 2102 4931 spiritus
2168 4847 2295 4912 Dei
2353 4849 2468 4912 fiat

525 4934 777 5012 efficax,
815 4932 1004 4998 modo
1058 4932 1222 4998 fides
1287 4933 1748 5011 intercesserit,
1815 4933 1885 4997 in
1952 4933 2187 5018 quibus
2250 4933 2467 4997 locum

526 5029 741 5101 potest
790 5018 1046 5085 habere.
1150 5019 1378 5102 Neque
1430 5019 1521 5083 ita
1575 5017 1701 5083 ista
1757 5017 2229 5103 intelligantur,
2278 5017 2470 5100 quasi

526 5106 806 5188 gratiam
828 5118 898 5169 et
916 5106 1221 5188 spiritum
1244 5121 1357 5170 aut
1379 5117 1652 5170 externo
1679 5104 1877 5170 verbo
1902 5117 2020 5170 aut
2039 5104 2468 5171 sacramentis

527 5188 887 5272 alligemus,
931 5194 1114 5274 quasi
1159 5190 1339 5257 nullo
1372 5189 1567 5257 modo
1603 5191 1746 5256 fieri
1788 5193 1994 5274 possit
2037 5202 2111 5256 ut
2144 5190 2467 5275 quispiam

524 5295 650 5344 suo
683 5277 898 5360 capiti,
943 5276 1209 5344 Christo
1242 5278 1527 5360 inquam,
1572 5278 1714 5342 sine
1751 5276 1855 5342 his
1888 5277 2216 5362 iungatur.
2275 5273 2467 5340 Fidei

527 5384 664 5429 una
706 5371 806 5429 est
847 5364 915 5428 in
974 5364 1214 5428 adultis
1269 5382 1584 5448 compago
1637 5371 1703 5428 et
1759 5363 2189 5431 commissura
2242 5384 2467 5430 neces-

2004 445 2531 513 EPISTOLAE
2576 452 2997 513 2142—2141

4378 446 4509 510 496

2552 639 2745 716 saria,
2780 661 2913 725 qua
2946 638 3215 706 Christo
3251 637 3378 721 ipsi
3410 644 3477 704 et
3508 635 3775 719 quidem
3810 632 4145 701 indivulse
4178 641 4507 718 aptamur.

2552 727 2701 793 Hoc
2741 724 2909 792 illud
2960 734 3065 793 est
3103 723 3279 807 quod
3332 722 3471 790 suis
3525 721 3902 806 hyperbolis
3954 730 4175 804 patres
4230 720 4508 787 fortasse

2554 812 2925 892 voluerunt,
2988 809 3225 894 quibus
3289 809 3447 875 dum
3513 808 3618 874 usi
3681 816 3838 873 sunt
3893 805 4240 874 immodice
4301 826 4508 891 quum

2555 919 2674 965 sua
2728 899 2969 981 scripta
3021 897 3297 963 obscura
3350 893 3542 962 nobis
3599 893 4033 978 reliquerunt,
4085 902 4227 958 tum
4278 890 4507 959 multis

2556 986 2888 1051 erroribus
2932 1004 3163 1049 ansam
3205 1003 3339 1047 non
3381 1001 3653 1065 parvam
3697 978 4219 1063 suppeditarunt.
4284 977 4507 1045 Pluri-

2557 1070 2698 1150 bus,
2758 1081 2834 1136 ut
2886 1069 3200 1152 suspicor,
3256 1068 3366 1152 egi
3421 1089 3618 1150 quam
3674 1076 3825 1132 tuae
3880 1065 4339 1149 occupationes
4390 1084 4506 1148 pa-

2558 1158 2841 1236 tiantur,
2910 1169 2979 1221 et
3042 1155 3319 1219 fortasse
3382 1154 3600 1218 minus
3673 1152 3811 1217 dixi
3876 1172 4071 1234 quam
4134 1150 4221 1216 ad
4284 1170 4508 1216 meum

2559 1264 2826 1308 sensum
2868 1240 3333 1326 explicandum
3392 1239 3582 1321 plene
3640 1238 3871 1304 valeat.
3973 1236 4196 1319 Quum
4254 1235 4374 1301 tibi
4426 1235 4505 1300 li-

2561 1331 2789 1407 cuerit,
2845 1350 2931 1394 ne
2989 1348 3114 1404 me,
3171 1346 3429 1408 quaeso,
3485 1325 3568 1389 de
3612 1336 3726 1391 tua
3766 1326 4095 1389 sententia
4151 1320 4509 1407 quidquam

2560 1416 2892 1481 celaveris.

2733 1503 2970 1567 Restat
3016 1520 3190 1564 nunc
3230 1506 3308 1563 ut
3351 1497 3434 1563 ad
3475 1497 3859 1563 electionem
3893 1495 4203 1563 ecclesiae
4245 1504 4508 1560 nostrae

2561 1586 2828 1652 Italicae
2871 1583 3318 1668 respondeam,
3366 1594 3561 1666 atque
3602 1581 3780 1649 hunc
3823 1583 4060 1658 locum,
4116 1581 4289 1664 quod
4346 1580 4509 1646 mihi

2562 1693 2760 1740 causa
2804 1673 3007 1737 facilis
3028 1671 3348 1745 videatur,
3387 1670 3790 1751 paucissimis
3810 1665 4170 1752 expediam.
4192 1668 4247 1744 ⁷)
4292 1664 4507 1749 Cupe-

2562 1782 2702 1824 rem
2744 1758 3026 1840 quidem,
3072 1779 3148 1824 ac
3168 1757 3333 1822 mihi
3356 1754 3898 1822 iucundissimum
3920 1763 4114 1831 esset,
4158 1752 4510 1836 aliquando

2562 1843 2828 1910 tandem
2874 1845 3036 1909 meis
3060 1843 3247 1908 Italis
3268 1843 3606 1907 inservire.
3670 1841 3819 1905 Non
3862 1841 4037 1904 enim
4076 1860 4220 1905 sum
4266 1860 4509 1904 aeneus

2563 1942 2633 1996 et
2675 1952 2937 1998 carnem
2988 1931 3265 1995 ferream
3326 1949 3459 1992 non
3519 1928 3743 1992 habeo.
3848 1925 4073 2007 Quare
4127 1935 4202 1991 ut
4258 1925 4509 1991 Paulus

2564 2016 2842 2083 Iudaeos
2886 2019 2980 2080 ita
3021 2037 3142 2098 ego
3188 2035 3367 2079 meos
3422 2013 3624 2078 Italos
3681 2013 4066 2095 cumprimis
4122 2012 4341 2077 salvos
4397 2010 4509 2076 de·

2566 2102 2801 2169 sidero.
2906 2102 3178 2179 Verum,
3241 2109 3314 2164 ut
3369 2101 3507 2182 ipse
3560 2099 3749 2175 nosti,
3805 2099 3937 2163 iam
3998 2119 4128 2163 non
4172 2118 4319 2162 sum
4379 2098 4511 2163 mei

2564 2190 2746 2256 iuris.
2835 2188 2977 2254 Ista
3022 2187 3387 2270 respublica
3428 2198 3496 2250 et
3538 2184 3811 2251 ecclesia
3827 2185 3888 2263 3)
3942 2205 4050 2249 me
4093 2184 4217 2249 sibi
4274 2205 4315 2249 a
4348 2183 4510 2248 duo-

2564 2276 2776 2343 decim
2829 2272 3296 2357 propemodum
3363 2272 3517 2336 hinc
3580 2272 3776 2335 annis
3838 2270 4226 2336 obstrictum
4295 2269 4508 2335 habet.

2566 2362 2735 2427 Nam
2790 2382 2993 2441 quum
3059 2359 3384 2443 profectus
3447 2378 3594 2422 sum
3658 2357 3729 2421 in
3797 2356 4109 2440 Angliam
4174 2356 4513 2421 voluntate

2569 2449 2991 2531 magistratus
3036 2456 3102 2510 et
3145 2444 3453 2511 ecclesiae
3505 2443 3704 2508 huius
3760 2443 3871 2508 ivi.
3974 2440 4251 2524 Speravi
4305 2462 4514 2525 quum

2566 2532 2849 2600 redirem
2910 2542 2983 2596 ut
3040 2531 3438 2596 absolverer:
3498 2529 3668 2612 quod
3732 2530 3789 2594 si
3853 2529 4237 2612 contigisset
4298 2527 4381 2593 ad
4447 2540 4515 2593 te

2568 2628 2745 2687 recta
2790 2617 3015 2686 venire
3058 2627 3434 2682 statueram.
3525 2614 3657 2680 Sed
3703 2615 4036 2699 proposita
4069 2636 4140 2678 re
4178 2617 4246 2679 in
4282 2626 4515 2679 senatu

2570 2728 2700 2772 non
2766 2726 2913 2771 sum
2979 2705 3303 2778 dimissus,
3371 2706 3502 2766 imo
3564 2700 3646 2766 ad
3712 2702 4064 2784 pristinum
4120 2700 4336 2766 locum
4393 2719 4518 2764 seu

2569 2793 2797 2876 iugum
2848 2792 3198 2874 relegatus.
3305 2788 3590 2863 Deinde,
3650 2788 3805 2869 quia
3861 2799 4127 2851 senatus
4192 2787 4389 2851 huius
4444 2796 4518 2849 et

2570 2879 2879 2945 ecclesiae
2922 2877 3133 2941 multa
3176 2877 3243 2938 in
3302 2896 3407 2939 me
3452 2875 3764 2941 beneficia
3805 2886 4083 2950 exstant,
4146 2894 4373 2938 vereor
4427 2891 4517 2937 ne

2569 2965 2853 3030 levitatis
2898 2976 3011 3028 aut
3052 2962 3415 3044 cuiuspiam
3470 2960 3740 3025 alterius
3795 2959 4166 3043 cupiditatis
4221 2962 4363 3026 iure
4406 2980 4516 3024 ac-

2570 3073 2778 3128 cuser,
2837 3050 2895 3116 si
2939 3070 3043 3114 me
3088 3048 3243 3115 hine
3302 3048 3543 3129 absque
3585 3047 3755 3112 iusta
3804 3046 3939 3112 ulla
3981 3048 4316 3115 occasione
4368 3057 4516 3112 ten·

2572 3155 2707 3203 tem
2743 3135 3123 3202 subducere.
3214 3131 3394 3216 Quid
3447 3130 3869 3215 praetexam?
3959 3134 4323 3199 Ecclesiam
4376 3134 4516 3198 Ita-

2571 3224 2764 3290 licam
2828 3239 3089 3304 pastore
3154 3219 3466 3287 destitui?
3579 3223 3673 3285 At
3741 3218 3992 3285 Celsum
4056 3220 4333 3308 habent,
4398 3219 4518 3302 qui

2568 3308 2732 3375 mihi
2775 3329 2980 3391 aeque
3023 3328 3099 3373 ac
3141 3328 3290 3372 mea
3332 3306 3537 3389 ipsius
3559 3307 3780 3372 anima
3822 3315 3922 3370 est
3942 3328 4153 3384 carus,
4195 3326 4515 3389 quemque

2568 3397 2847 3479 probum
2906 3395 3142 3472 virum,
3199 3390 3482 3471 doctum,
3547 3413 3815 3477 gravem
3882 3400 3950 3456 et
4011 3393 4094 3459 ad
4159 3392 4517 3477 regendam

2570 3480 2915 3548 ecclesiam
2958 3480 3264 3545 idoneum
3310 3478 3509 3561 probe
3553 3480 3725 3545 novi.
3790 3479 4022 3545 Dicam
4064 3500 4172 3545 me
4215 3481 4285 3544 in
4323 3477 4520 3546 rebus

2570 3567 2838 3633 maioris
2895 3565 3217 3631 momenti
3270 3585 3421 3630 eum
3477 3565 3749 3632 consilio
3819 3565 3986 3630 velle
4039 3565 4310 3631 iuvare?
4426 3568 4520 3631 At

2568 3655 2659 3720 ibi
2716 3665 2790 3719 tu
2859 3652 3408 3734 superintendens
3476 3674 3548 3716 es
3605 3651 3884 3734 positus,
3951 3652 4062 3735 qui
4120 3671 4385 3735 operam
4449 3659 4522 3716 et

2570 3739 2933 3816 consilium,
2979 3758 3147 3820 quae
3192 3747 3307 3803 tua
3347 3748 3451 3802 est
3493 3738 3749 3813 caritas,
3794 3758 4127 3821 nunquam
4186 3757 4257 3803 es
4314 3736 4519 3803 dene·

2569 3837 2859 3908 gaturus.
2961 3824 3158 3889 Certe
3212 3822 3433 3888 nullus
3476 3831 3577 3888 est
3635 3822 3741 3889 vel
3790 3823 4105 3889 honestus
4160 3822 4337 3890 color
4387 3843 4520 3906 quo

2569 3912 2810 3996 possim
2855 3909 2937 3976 ab
2980 3911 3103 3976 hoc
3122 3910 3518 3993 magistratu
3541 3910 3917 3975 missionem
3941 3921 4177 3991 petere.
4239 3907 4519 3987 Deinde,

2569 3998 2725 4065 licet
2766 3999 2836 4062 in
2870 3995 3097 4063 schola
3139 4016 3272 4061 non
3319 4006 3645 4078 praestem
3687 4004 4000 4077 quantum
4045 3995 4369 4070 deberem,
4425 3995 4523 4059 ibi

2568 4098 2810 4158 tamen,
2849 4092 2922 4147 ut
2964 4083 3261 4158 arbitror,
3309 4102 3510 4164 opera
3566 4103 3714 4148 mea
3766 4103 3902 4147 non
3962 4097 4062 4147 est
4116 4082 4399 4147 inutilis:
4446 4093 4525 4145 et

2571 4168 2896 4237 Germani
2940 4180 3097 4233 sunt
3138 4176 3207 4232 et
3250 4169 3580 4252 peregrini
3622 4169 3734 4251 qui
3778 4167 4073 4244 audiunt,
4121 4177 4523 4249 curaturque

2571 4257 2639 4322 id
2682 4254 2908 4322 sedulo
2950 4265 3027 4319 ut
3067 4275 3235 4337 quae
3291 4254 3427 4320 sint
3479 4254 3612 4319 illis
3660 4263 3886 4337 postea
3938 4253 4331 4320 dediscenda
4381 4273 4525 4318 non

2572 4343 2948 4409 doceantur.
3050 4338 3360 4424 Dumque
3411 4339 3705 4406 Zamhus
3745 4348 3814 4405 et
3856 4360 3995 4424 ego,
4047 4341 4162 4424 qui
4204 4340 4525 4405 coniunc-

2571 4431 2823 4494 tissime
2869 4427 3172 4506 vivimus,
3216 4426 3312 4492 ita
3345 4429 3698 4511 pergimus,
3743 4427 4073 4493 erroribus
4096 4430 4150 4496 ⁹)
4184 4426 4258 4491 in
4294 4424 4528 4492 schola

2571 4536 2703 4579 non
2756 4513 2952 4579 datur
3011 4512 3206 4579 locus.
3314 4512 3610 4579 Ecclesia
3671 4523 4013 4597 praeterea
4076 4512 4339 4579 Gallica
4411 4531 4529 4578 me

2570 4612 2717 4666 orat
2768 4620 2853 4666 ne
2910 4599 3156 4664 abeam.
3267 4599 3371 4663 'ru
3435 4600 3696 4682 sapiens
3760 4598 3830 4663 in
3887 4597 4156 4665 Christo
4209 4619 4300 4676 es,
4355 4598 4529 4665 haec

2572 4686 2921 4766 diligenter
2965 4707 3046 4749 ex
3134 4683 3335 4750 ndito.
3426 4684 3573 4749 Non
3616 4684 3873 4769 refugio
3910 4697 4098 4750 tuum
4140 4683 4524 4750 arbitrium:

2569 4772 2741 4856 quod
2784 4773 2928 4856 ipse
2971 4771 3040 4835 iu
3090 4771 3361 4837 'caveris
3394 4769 3569 4836 facto
3612 4770 3861 4836 faciam.
3961 4768 4099 4836 Sed
4133 4778 4349 4835 tamen
4395 4770 4527 4837 hoc

2568 4859 2740 4925 ultro
2762 4857 3085 4941 polliceor,
3130 4858 3186 4922 si
3228 4877 3357 4940 qua
3391 4856 3587 4920 detur
3620 4876 3913 4940 unquam
3947 4856 4228 4923 honesta
4265 4857 4529 4923 occasio

2568 4965 2697 5028 qua
2749 4965 2855 5010 me
2921 4944 3097 5009 iusta
3162 4945 3433 5007 ratione
3475 4962 3707 5025 queam
3773 4941 3929 5008 hinc
3992 4942 4354 5027 explicare,
4420 4943 4529 5008 nil

2776 5168 2836 5234 7)
2877 5167 2963 5234 Of.
3000 5164 3259 5231 Schmidt,
3310 5166 3482 5219 Verus.
3515 5182 3572 5234 p.
3602 5163 3718 5218 182.
3795 5163 3904 5235 Qun
3938 5175 4119 5221 tanen
4153 5182 4266 5221 non
4305 5167 4529 5222 &le-tn·

2567 5238 2664 5295 aad
2702 5237 3097 5307 Ranqmnium
3130 5241 3247 5289 tun
3290 5233 3555 5290 Italorum
3590 5235 3901 5290 manumve·
3931 5235 4086 5300 facit.

2771 5305 2834 5373 8)
2873 5305 3369 5376 Aramtoratemn‘s.

2772 5375 2835 5442 9)
2874 5374 2968 5428 Aa
3008 5370 3489 5429 Lamum-om?
