4850 6200
522 416 649 481 747

523 600 765 669 addere
804 620 1083 667 erueem,
1114 604 1130 639 ¹
1142 614 1166 675 )
1234 598 1461 665 Habes
1495 620 1693 681 quam
1726 598 2121 664 iustissimas
2163 596 2484 680 querendi
2527 614 2538 687 ζ

524 702 833 755 rationes.
926 686 1027 753 Ex
1086 684 1315 751 multis
1372 705 1581 769 pauoe
1633 684 1911 768 attigisti
1952 684 2027 748 in
2071 684 2205 748 tuis
2248 682 2481 748 literis.

524 772 705 857 Quid
742 772 919 839 enim
964 770 1089 839 diei
1136 782 1354 855 petest
1395 770 1477 835 de
1521 772 1601 835 iis
1646 769 1759 853 qui
1806 770 1977 835 ultre
2020 770 2091 834 in
2137 768 2484 834 Christum

524 860 899 943 insurgunt,
948 872 1017 923 ut
1062 878 1209 923 eum
1242 879 1511 941 prorsus
1538 854 1819 939 perdant
1864 868 1941 920 ut
1974 854 2484 939 iniquissimum,

525 960 592 1013 et
635 944 949 1010 &stanam
990 946 1346 1009 justificent
1394 956 1463 1007 ut
1518 940 2053 1007 sanctissimum?
2142 942 2291 1005 Neu
2337 941 2484 1006 heri
2528 958 2538 1053 Ι

525 1042 827 1115 coeptum
889 1044 1017 1095 est:
1078 1030 1191 1095 sed
1258 1052 1407 1094 mex
1468 1028 1581 1093 ubi
1626 1042 1699 1091 tu
1746 1028 1933 1093 nobis
1978 1025 2173 1091 datus
2218 1027 2398 1092 fuisti
2445 1048 2485 1091 a
2529 1058 2534 1067 ·

528 1118 808 1183 Domino
868 1132 1357 1201 pernumeratum
1404 1128 1507 1179 est
1560 1116 1817 1197 magnis
1876 1113 2137 1191 animis,
2197 1124 2271 1178 ut
2326 1134 2481 1197 pre-

576 1224 793 1267 rcmsus
852 1202 919 1266 in
982 1202 1161 1267 emni
1228 1202 1573 1283 iniquitate
1638 1200 1883 1265 fuerint
1944 1220 2143 1285 quam
2186 1199 2480 1264 maximi.

526 1224 661 1355 gud
709 1288 954 1369 gratias
999 1308 1122 1369 ago
1163 1288 1439 1351 Domino
1494 1286 1667 1369 qued
1714 1284 1940 1351 nullus
1988 1288 2175 1351 favor
2230 1288 2482 1368 petuis-

526 1388 627 1441 μοι
687 1378 947 1441 effluere
992 1396 1087 1453 ea,
1134 1396 1299 1455 (guae
1346 1372 1567 1439 videre
1612 1392 1733 1437 nos
1776 1372 1935 1437 facit
1977 1371 2283 1437 Christus
2328 1392 2480 1437 nes-

532 1475 631 1525 ter
654 1470 719 1525 et
745 1460 944 1525 esiieit
992 1462 1053 1525 in
1096 1460 1218 1525 liae
1254 1474 1389 1523 tam
1416 1459 1605 1543 gravi
1636 1470 1703 1523 et
1746 1458 2138 1523 intolerabili
2162 1457 2480 1535 molestia,

533 1556 605 1613 ut
652 1548 840 1631 plura
892 1544 1097 1611 multo
1152 1548 1287 1611 sint
1344 1566 1462 1629 pro
1522 1542 1707 1609 nobis
1765 1556 1833 1607 et
1898 1544 2088 1609 nobis
2148 1542 2480 1621 aeeedant,

528 1656 719 1719 quam
760 1644 987 1697 eontra
1024 1656 1139 1697 nes
1175 1642 1289 1695 aut
1325 1654 1365 1696 a
1398 1631 1585 1697 nobis
1622 1630 1947 1695 deficiant.
2026 1629 2234 1694 Fiunt
2272 1629 2481 1694 multa

530 1720 817 1803 indigne,
878 1730 943 1783 et
1002 1717 1513 1803 proseinclimur:
1575 1714 1687 1781 sed
1733 1716 1942 1781 latent
1986 1736 2105 1781 nos
2152 1715 2361 1797 plura,
2406 1724 2476 1780 et

530 1832 605 1869 ua
662 1806 901 1887 quilius
962 1805 1243 1870 Domine
1299 1804 1853 1869 commendamur.
1944 1802 2153 1883 Tangi
2218 1799 2484 1885 expedit

532 1894 704 1957 mula
740 1904 807 1953 et
844 1890 1059 1971 argui:
1109 1890 1219 1953 sod
1260 1890 1325 1953 in
1366 1888 1552 1955 benis
1590 1901 1655 1953 et
1692 1887 1856 1955 bene
1891 1888 2201 1953 merendo
2246 1886 2480 1951 Chris-

534 1992 667 2041 tum
732 1976 919 2041 nubis
985 1974 1294 2041 debemus
1354 1996 1713 2059 promtiore
1779 1994 1977 2058 quam
2042 1975 2296 2056 patiens
2362 1982 2481 2051 est,

530 2086 725 2149 quzim
795 2070 896 2125 est
952 2062 1279 2125 studiosus
1340 2074 1411 2125 ut
1503 2082 1538 2127 e
1586 2060 1756 2125 male
1826 2060 2227 2125 merentibus
2284 2081 2481 2142 quam

527 2150 771 2233 optinui
814 2156 1162 2225 mereatur,
1202 2170 1329 2211 non
1374 2147 1601 2213 servili
1647 2146 1885 2225 anime,
1931 2144 2046 2211 sed
2090 2148 2237 2229 plus
2281 2167 2477 2229 quam

532 2236 810 2309 beroien,
872 2234 981 2333 qui
1050 2234 1239 2297 malis
1284 2256 1415 2299 nen
1461 2232 1807 2317 frangitur.
1898 2230 2131 2297 Voluit
2175 2230 2483 2296 Christus

530 2323 597 2387 in
660 2332 724 2385 to
784 2320 1044 2401 insigne
1089 2318 1309 2383 edere:
1359 2341 1559 2403 quum
1611 2319 1802 2384 turba
1846 2326 1946 2382 tet
1990 2317 2280 2383 hostium
2325 2338 2481 2383 een-

536 2408 818 2471 venissot
874 2419 948 2471 ut
1002 2404 1304 2471 caedibus
1360 2405 1583 2469 omnia
1628 2405 1947 2487 impleret,
1992 2424 2121 2469 non
2171 2402 2480 2468 dubitasti

532 2502 593 2557 te
640 2516 771 2557 non
819 2490 1008 2555 mode
1034 2490 1396 2569 ridendum,
1446 2492 1677 2557 rostris
1714 2488 2123 2567 foedandum,
2170 2487 2282 2554 sed
2329 2510 2481 2555 een-

528 2574 1401 2657 euleandum,lacerandum,
1447 2576 1875 2660 perdendum,
1919 2576 2216 2641 emnium
2240 2574 2480 2659 gladiis

529 2662 1027 2731 confodiendum
1094 2663 1264 2729 ultro
1320 2662 1618 2729 ebiieere.
1708 2662 1909 2728 Favit
1967 2660 2297 2726 Dominus
2340 2660 2481 2741 tibi,

531 2760 598 2817 ot
633 2748 803 2833 quud
841 2760 1106 2815 strenuo
1152 2750 1362 2833 eoepit
1408 2746 1822 2833 triumphans
1866 2769 2062 2832 quam
2107 2747 2481 2813 felicissime

528 2836 827 2903 absolvit.
918 2834 1061 2901 Non
1114 2844 1247 2901 tam
1285 2836 1601 2919 impedita
1642 2844 1799 2900 sunt
1832 2856 1999 2917 quae
2042 2834 2158 2898 abs
2204 2844 2267 2899 te
2311 2846 2480 2917 pete,

532 2946 647 2989 nee
712 2932 843 2987 tum
906 2920 1177 3001 indigna
1234 2924 1285 2985 si
1358 2922 1676 2987 rationem
1722 2919 2039 2999 eonsuIaS,
2087 2922 2212 2985 etsi
2256 2919 2482 2984 videu-

532 3018 639 3073 tur
696 3008 1195 3087 indignissima:
1257 3006 1369 3073 sed
1417 3006 1589 3073 male
1635 3028 1852 3073 eoram
1898 3026 2111 3089 agere,
2157 3005 2214 3071 si
2248 3004 2481 3069 Demi-

532 3117 655 3160 nus
716 3092 984 3158 dederit.
1085 3092 1373 3159 'Paetum
1444 3104 1594 3177 pete
1648 3098 1725 3158 ut
1764 3092 2012 3178 gratias
2075 3111 2278 3176 agens
2345 3090 2482 3157 De-

530 3181 708 3246 mine
767 3201 967 3264 stipor
1023 3179 1275 3262 ingenti
1320 3177 1764 3246 misericordia
1805 3187 1872 3244 et
1916 3177 2206 3244 bonitate
2249 3199 2378 3260 qua
2421 3187 2486 3243 te

533 3267 740 3334 eluxit
776 3264 1081 3364 undique,
1108 3263 1521 3332 commendes
1548 3265 1767 3330 hostes
1790 3263 2094 3342 Domine,
2140 3265 2310 3329 feras
2354 3283 2489 3328 em-

530 3353 645 3418 nia
680 3351 967 3434 aequiori
1005 3350 1241 3430 anime,
1267 3351 1564 3436 queraris
1600 3357 1861 3416 tantum
1905 3349 2079 3434 apud
2118 3347 2485 3414 Dominum

532 3439 641 3522 qui
698 3435 1053 3514 medeatur,
1113 3435 1285 3521 apud
1331 3459 1440 3502 ees
1485 3437 1597 3520 qui
1640 3447 1935 3520 peceant,
1980 3442 2053 3502 ut
2096 3443 2487 3502 eonvertan-

534 3533 660 3589 tur.
740 3523 830 3588 Et
884 3523 937 3588 si
998 3525 1105 3606 qui
1168 3521 1376 3588 velint
1419 3533 1484 3586 et
1574 3523 1785 3588 essint
1828 3543 1961 3588 una
2001 3520 2225 3588 hostes
2260 3521 2487 3586 adme-

534 3631 709 3686 nere,
751 3629 987 3694 pauees
1024 3609 1271 3686 audias,
1314 3610 1423 3692 qui
1462 3610 1739 3674 alierum
1780 3608 1956 3675 mala
1999 3614 2287 3687 narrent,
2326 3628 2487 3691 pau-

534 3695 818 3762 cioribus
847 3693 1094 3760 eredas.
1170 3693 1370 3760 Vides
1417 3695 1488 3760 in
1534 3695 1759 3774 Paule,
1806 3713 2001 3778 quem
2046 3705 2119 3760 ιιι
2164 3694 2487 3759 notiorem

536 3781 675 3846 orbi
724 3781 1025 3846 omnibus
1052 3781 1276 3858 sueisti,
1313 3781 1469 3864 quid
1514 3782 1569 3846 is
1608 3781 1851 3846 tribuat
1890 3779 2011 3847 teti
2033 3780 2247 3846 eeetui
2290 3800 2486 3864 prep-

536 3881 634 3934 ωι·
680 3865 1011 3932 interdum
1050 3887 1286 3950 pauses
1335 3867 1540 3932 valde.

706 3951 840 4018 bled
906 3951 1056 4036 quis
1105 3965 1197 4018 est
1308 3953 1371 4018 ui
1436 3975 1542 4018 me
1588 3973 1719 4019 nen
1780 3950 1993 4018 rideat
2050 3951 2213 4019 haee
2278 3948 2362 4018 ad
2418 3958 2484 4017 te

533 4039 948 4116 scribentem,
998 4039 1051 4104 si
1100 4039 1258 4104 intel
1290 4039 1545 4106 exerit?
1634 4041 1874 4104 Annon
1918 4039 2154 4104 merite
2197 4059 2312 4103 sus
2355 4037 2486 4104 Mi-

532 4145 811 4192 nervam
847 4125 1071 4192 diear‘?
1135 4123 1268 4190 sod
1314 4133 1534 4191 nestro
1574 4125 1730 4192 haee
1773 4124 2066 4192 eendona
2107 4123 2331 4190 amori.
2394 4123 2488 4188 Et

536 4213 789 4279 interea
832 4209 985 4276 sudi
1028 4211 1098 4276 in
1145 4211 1380 4296 quibus
1425 4231 1780 4278 versemur.
1869 4210 2015 4294 Ege
2050 4209 2232 4276 litem
2279 4209 2488 4276 habeo

533 4319 683 4366 eum
745 4297 1020 4381 plebane
1063 4297 1591 4380 Oreseentine.²)
1678 4297 1842 4364 Pete
1885 4307 1962 4362 ut
2002 4296 2127 4364 sibi
2185 4295 2488 4363 eensulat

533 4397 601 4450 et
668 4383 860 4468 plebi,
916 4395 984 4448 et
1044 4383 1215 4468 qued
1284 4405 1385 4448 me
1426 4385 1641 4468 tangit
1674 4382 2042 4467 sepeliatur,
2089 4404 2195 4448 me
2238 4380 2307 4448 id
2350 4403 2486 4448 nen

532 4489 786 4538 eurare.
848 4469 969 4536 Ille
993 4469 1289 4554 agnoseit
1324 4469 1561 4554 aliqua,
1608 4469 1688 4535 de
1723 4469 1960 4554 quibus
1986 4469 2252 4535 veniam
2372 4470 2484 4534 tit:

534 4555 664 4622 alia
706 4564 931 4638 negat:
982 4555 1143 4622 mihi
1191 4553 1600 4640 probandum
1636 4566 1754 4622 est.
1823 4554 2194 4622 Gulielmus
2308 4555 2484 4623 ebra·

531 4793 719 4852 am.
754 4797 802 4864 1)
844 4795 962 4850 lieo
1005 4795 1223 4864 lengun·
1271 4801 1321 4850 et
1356 4797 1638 4850 νει-ὸοωιιι
1668 4801 2003 4878 prooemium
2037 4814 2070 4852 r
2402 4797 2463 4851 ei

531 4865 691 4922 dem
724 4865 801 4920 ad
834 4879 900 4918 oe
935 4879 1074 4936 queo
1112 4863 1375 4946 (latonam
1418 4865 1769 4920 munitat-ore
1801 4867 1988 4923 anano
2026 4866 2100 4922 N.
2310 4867 2484 4934 serip-

534 4939 1043 5058 famatum-‘mur
1077 4939 1127 4988 ot
1160 4932 1250 4988 Ᾰιο
1268 4948 1409 5003 quae
1442 4933 1557 4990 t'llt’e
1590 4933 1876 4992 obscurius
1898 4936 2049 4992 dueta·
2082 4940 2243 4990 aaut
2264 4935 2486 4990 nm·
2394 4935 2405 4948 '

742 5071 802 5134 2)
846 5043 1035 5128 [idme
1066 5077 1261 5142 pastor
1294 5073 1356 5124 ἀοι
1376 5071 1635 5134 (Μυσῶν,
1670 5073 1789 5128 eice
1822 5071 2271 5142 cumamque
2303 5072 2485 5128 laem

537 5141 667 5204 sito.
726 5140 823 5196 ute·
1075 5139 1345 5196 emelina
1387 5156 1549 5196 caere
1634 5141 1645 5154 “
1818 5146 1855 5210 t,
1906 5142 2187 5198 faram
2221 5142 2483 5198 eoum

538 5209 856 5278 impetierat.
932 5157 1069 5264 ’nde
1102 5209 1178 5264 ed
1214 5208 1422 5264 eudem
1454 5225 1542 5264 m
2366 5211 2379 5225 ⁶

2038 407 2568 477 EPISTOLAE
2609 408 3037 473 2282—2283

538 5277 625 5332 aa
660 5281 871 5334 mian
904 5285 1080 5348 pour·
1112 5279 1297 5334 dumo
1332 5287 1423 5334 m.

535 5347 822 5404 maenaa
1042 5349 1049 5362 “
1352 5346 1466 5414 (K'

4411 411 4540 474 748

2583 597 2790 679 quinas.
2871 616 3067 679 quem
3145 594 3352 660 semel
3427 593 3908 679 prohibuerunt
3967 596 4540 662 Iaudeeomenses

2529 680 4540 765 'arreptisbibliissaerisetdeieetisintemmlitem

2584 789 2840 851 quoque
2893 767 3092 833 habet
3149 788 3299 833 cum
3355 768 3440 832 iis
3497 768 3608 851 qui
3650 767 4066 834 contumeliis
4107 790 4262 833 eum
4303 769 4538 835 affece-

2585 866 2761 919 runt.
2850 852 3136 937 Scripsit
3191 853 3412 936 aliqua
3467 853 3550 918 de
3605 855 3823 931 missa,
3879 853 4058 919 unde
4101 855 4353 920 nitatur
4393 855 4540 939 qui·

2585 939 2740 1005 dam
2803 939 3148 1006 Helvetios
3205 941 3318 1022 qui
3373 940 3644 1004 missam
3702 941 3952 1006 habent
3983 943 4174 1017 ciere,
4219 950 4294 1005 ut
4335 950 4538 1025 agant

2584 1025 3132 1110 quemadmodum
3171 1036 3404 1093 eontra
3449 1025 3832 1092 Muclmelem
3857 1030 3913 1109 ⁸)
3997 1025 4266 1092 Interea
4323 1028 4538 1094 bonus

2585 1114 2690 1177 vir
2735 1114 2950 1196 pergit
2971 1112 3244 1191 felicius,
3288 1133 3486 1194 quam
3527 1111 3866 1179 haetenus.
3933 1112 4303 1179 conciones
4337 1114 4538 1181 habet

2583 1197 2820 1264 liberas
2863 1207 2932 1263 et
2963 1220 3158 1264 usum
3201 1208 3782 1264 sacramentorum,

2753 1286 3108 1350 Praeterea
3159 1283 3494 1349 Ioannnes
3560 1284 3846 1367 Droyius
3910 1294 4142 1368 paster
4195 1286 4539 1353 Bevaeen-

2583 1370 2674 1437 sis
2695 1375 2750 1449 ⁴)
2795 1372 2980 1436 euius
3025 1390 3194 1435 uxor
3236 1370 3308 1435 in
3349 1370 3604 1453 lepram
3639 1370 3894 1449 ineidit,
3938 1373 4243 1454 quamvis
4286 1371 4538 1457 synode

2585 1457 2975 1533 interfuerit,
3023 1468 3090 1520 et
3133 1456 3596 1539 subscripserit
3638 1479 3770 1521 nen
3815 1457 3986 1523 solvi
4021 1458 4400 1541 coniugium
4443 1457 4540 1522 le-

2581 1565 2720 1626 pra,
2766 1554 2832 1607 et
2885 1544 2982 1607 ita
3028 1544 3324 1608 emnium
3379 1542 3649 1608 calculis
3693 1543 3890 1608 fuerit
3931 1544 4309 1610 eenelusum
4344 1563 4536 1627 prae-

2581 1630 2749 1695 fecto
2807 1639 2873 1693 et
2926 1628 3230 1694 omnibus
3280 1628 3791 1712 approbantibus
3867 1627 4236 1696 ordinibus:
4316 1642 4540 1695 tamen

2580 1717 2732 1800 quia
2795 1714 3154 1781 Germanis
3178 1719 3232 1795 ⁸)
3301 1713 3494 1780 aliter
3559 1714 3840 1793 videtur,
3899 1716 4053 1781 lieet
4122 1717 4321 1781 fuerit
4385 1737 4539 1783 eum

2583 1822 2810 1879 uxore,
2856 1809 2922 1866 et
2963 1800 3174 1865 filium
3219 1800 3525 1867 habuerit
3568 1822 3653 1866 ex
3697 1823 3795 1880 ea,
3862 1801 4152 1867 nendum
4211 1812 4314 1868 est
4369 1801 4539 1868 alter

2581 1908 2800 1952 annus
2857 1898 3146 1963 exactus,
3209 1887 3356 1952 vult
3427 1887 3859 1953 nihilominus
3940 1888 4215 1953 alteram
4274 1887 4534 1954 dueere.

2584 1973 2835 2038 Misera
2880 1994 3054 2037 uxor
3092 1982 3326 2038 vocata
3369 1974 3587 2037 fuerat
3629 1995 3735 2037 me
3780 1975 4000 2052 inscie,
4046 1974 4160 2039 sed
4205 1993 4245 2037 a
4287 1974 4542 2058 eollega

2583 2081 2734 2127 eum
2794 2059 3046 2141 aliquot
3111 2060 3500 2137 convocatis,
3561 2070 3633 2122 ut
3671 2081 3864 2124 suum
3920 2060 4106 2124 daret
4163 2080 4538 2125 assensum:

2583 2143 2697 2211 sed
2741 2145 2956 2210 noluit
2988 2166 3207 2211 eoram
3232 2165 3626 2226 comparere.
3697 2145 3993 2229 Urgetur
4026 2167 4067 2209 a
4094 2146 4258 2212 vire.
4338 2147 4538 2226 Petit,

2583 2252 2784 2315 quum
2849 2252 3086 2314 parum
3152 2232 3439 2314 supersit
3507 2233 3711 2309 vitae,
3772 2241 4121 2314 exspectet.
4218 2232 4298 2297 Si
4353 2231 4541 2311 nolit,

2584 2316 2807 2385 videat
2850 2339 2937 2381 an
2991 2340 3073 2382 ex
3119 2318 3320 2382 verbe
3367 2316 3640 2381 Domini
3683 2319 3906 2401 pessit.
3987 2317 4063 2383 Si
4100 2318 4428 2383 Dominus
4469 2317 4542 2383 id

2581 2404 2830 2487 prebet,
2893 2426 3036 2468 eam
3105 2424 3238 2467 non
3292 2404 3678 2485 improbare.
3766 2403 3972 2469 Vides
4016 2411 4094 2469 ut
4147 2404 4347 2469 habet
4387 2425 4544 2471 eum

2583 2510 2806 2555 uxore.
2897 2490 3127 2572 Nuper
3186 2488 3443 2554 dicebat
3489 2488 3825 2569 fratribus,
3910 2489 4414 2556 Wattevillanum
4455 2512 4544 2556 ex

2583 2574 2896 2641 fratribus
2933 2588 3173 2660 petere,
3212 2586 3286 2639 ut
3330 2597 3407 2640 ea
3442 2574 3747 2641 daremus
3791 2597 3910 2658 per
3952 2597 4118 2659 quae
4166 2576 4542 2643 iudicamus

2587 2684 2718 2727 non
2757 2662 2953 2727 licere
2974 2683 3091 2745 per
3127 2662 3399 2745 lepram,
3436 2681 3598 2727 sane
3635 2662 3833 2728 aliam
3856 2661 4093 2729 dueere
4120 2682 4351 2728 sanam
4372 2683 4543 2727 uxe-

2585 2770 2743 2813 rem.
2825 2748 2971 2812 Illie
3021 2746 3156 2812 vidi
3214 2768 3348 2811 nen
3391 2756 3567 2812 reete
3609 2749 3736 2831 agi,
3794 2748 3910 2814 sed
3953 2748 4213 2832 oblique
4255 2770 4373 2814 nes
4415 2749 4544 2813 im·

2587 2835 2739 2919 peti.
2829 2832 3082 2899 Omnes
3136 2833 3299 2898 mihi
3344 2834 3730 2899 reclamanti
3775 2834 3946 2901 hane
3988 2835 4394 2918 previneiam
4437 2835 4544 2899 in·-

2589 2921 2968 2985 iunxerunt.
3032 2920 3409 3004 Pernegavi
3431 2940 3537 2985 me
3576 2920 3921 2986 fauturum.
4001 2919 4138 2987 Sed
4175 2922 4350 2986 nesti
4387 2942 4544 2986 nos·

2588 3016 2839 3072 trorum
2876 3006 3174 3090 ingenia:
3214 3027 3342 3090 que
3397 3006 3548 3089 plus
3595 3027 3800 3072 renuo
3847 3008 4060 3091 magis
4103 3014 4360 3091 urgent.
4451 3007 4544 3072 Et

2595 3114 2679 3159 ne
2734 3092 2879 3159 aliis
2937 3113 3166 3159 ansam
3223 3091 3572 3177 praebeam
3608 3094 3901 3158 emnium
3946 3094 4292 3160 sententiis
4334 3092 4542 3160 refra-

2593 3177 2815 3264 gandi,
2873 3186 3138 3245 eeaetus
3195 3180 3418 3259 annui,
3465 3180 3522 3244 si
3554 3176 3824 3246 daretur
3857 3180 4020 3246 alios
4055 3201 4291 3265 regare
4333 3201 4542 3264 quum

2591 3287 2723 3331 non
2812 3273 2995 3330 utem
3038 3285 3145 3329 me
3166 3264 3472 3331 idoneum
3507 3263 3591 3330 ad
3624 3265 3694 3330 id
3738 3266 4222 3350 praestandum.
4290 3265 4542 3349 Quam-

2590 3352 2693 3419 vis
2735 3372 2773 3417 e
2865 3350 3035 3416 eiam
3078 3350 3395 3435 eollegam
3440 3350 3696 3417 eonsilii
3752 3359 4050 3419 autorem
4065 3404 4082 3432 ,
4140 3352 4382 3419 haereo
4442 3360 4541 3418 ta-

2589 3458 2743 3503 men
2800 3458 2886 3502 an
2930 3457 3093 3502 ansa
3149 3458 3226 3503 ea
3271 3443 3452 3502 tetur
3505 3439 3957 3504 eemmittendi
4012 3461 4136 3506 nes
4178 3460 4332 3506 eum
4376 3439 4543 3505 Ger-

2590 3522 2824 3589 manis.
2914 3521 3205 3606 Quidqui
3285 3523 3555 3589 tandem
3598 3525 3704 3604 sit,
3750 3532 3937 3592 tuum
3980 3533 4133 3609 epte
4175 3525 4540 3592 eonsilium.

2589 3608 2850 3674 Vellem
2916 3609 2975 3673 si
3038 3618 3258 3692 posset
3313 3611 3476 3690 fieri,
3533 3618 3607 3675 ut
3666 3611 4031 3678 rationibus
4097 3619 4244 3676 tum
4279 3610 4538 3691 Bucari,

2590 3702 2734 3761 tum
2791 3693 3072 3760 alierum
3132 3697 3322 3760 fieret
3379 3695 3557 3762 satis.
3645 3696 3710 3761 N
3712 3717 3820 3761 am
3879 3697 4052 3783 qued
4094 3697 4336 3764 dieitur
4369 3697 4542 3764 Pau·

2587 3781 2728 3847 lum
2780 3780 2945 3846 alias
2999 3781 3235 3847 afferre
3291 3781 3556 3848 divortii
3609 3783 3897 3849 rationes
3930 3804 4128 3869 quam
4171 3804 4336 3864 eam,
4371 3803 4540 3867 quae

2587 3888 2724 3933 una
2777 3888 2817 3933 a
2865 3865 3130 3934 Ohriste
3186 3867 3470 3934 adducta
3526 3868 3631 3949 sit,
3689 3870 3799 3935 ubi
3867 3869 3949 3936 de
4010 3869 4342 3937 desertore
4387 3870 4540 3953 agit,

2588 3953 2753 4019 mihi
2818 3953 3021 4019 alium
3080 3975 3188 4021 see
3235 3976 3349 4019 um
3405 3955 3650 4021 habere
3700 3953 3990 4023 videtur:
4037 3964 4103 4022 et
4142 3956 4298 4042 quid
4343 3956 4540 4021 habet

2586 4059 2932 4106 eommune
2995 4040 3195 4106 infide
3223 4043 3279 4107 is
3336 4040 3691 4121 diseedens,
3750 4063 3903 4109 eum
3966 4042 4145 4108 fideli
4203 4062 4371 4126 quae
4405 4061 4539 4106 ma-

2589 4146 2746 4192 nere
2791 4124 3017 4210 optat?
3088 4127 3191 4191 'ru
3227 4148 3360 4192 nen
3404 4127 3594 4192 medo
3637 4126 3826 4194 nobis
3883 4129 4260 4214 prospicies,
4300 4148 4537 4196 verum

2588 4212 2792 4279 etiam
2842 4210 3007 4278 aliis.
3097 4212 3357 4278 Vellem
3406 4221 3633 4296 peetus
3692 4213 4046 4281 Germanis
4089 4222 4226 4280 tam
4269 4215 4538 4280 firmum

2586 4298 2658 4364 in
2693 4298 3081 4382 perferenda
3113 4298 3182 4364 in
3227 4298 3608 4383 eoniugibus
3642 4298 3845 4383 lepra,
3883 4320 4081 4383 quam
4123 4308 4228 4367 est
4259 4298 4540 4366 laudan-

2589 4385 2749 4451 dum
2792 4384 2862 4450 in
2904 4391 3087 4467 peste
3121 4382 3475 4450 toleranda.
3566 4383 3759 4465 Quod
3804 4385 3887 4451 ad
3931 4387 4394 4471 magistratum
4443 4394 4539 4451 at-

2588 4471 2775 4551 tinet,
2834 4491 2965 4536 nen
3022 4469 3356 4554 probarim
3391 4478 3645 4536 tantum
3691 4471 3791 4536 illi
3833 4471 4280 4552 deferendum,
4323 4481 4400 4537 ut
4431 4473 4539 4536 in·

2588 4555 2704 4622 dul
2752 4558 2965 4622 entier
3006 4557 3082 4622 in
3125 4577 3235 4623 ees
3256 4555 3492 4640 quibus
3526 4565 3786 4641 praeest
3827 4566 4077 4623 annuat
4111 4559 4192 4625 eb
4227 4558 4540 4624 duritiem

2586 4665 2698 4711 eor
2745 4643 2759 4658 ’
2801 4695 2819 4722 ,
2885 4651 2964 4709 ιιι
3002 4640 3279 4710 seiuncti
3319 4651 3386 4707 et
3428 4643 3644 4709 avulsi
3686 4643 3768 4709 ab
3810 4643 3910 4724 iis,
3954 4645 4192 4728 quibus
4233 4665 4355 4728 per
4399 4642 4539 4708 De·

2587 4729 2845 4796 minum
2888 4737 3048 4798 sunt
3068 4728 3417 4809 eoniuneti,
3461 4728 3886 4795 meeehentur
3918 4751 4069 4797 eum
4090 4730 4254 4810 aliis,
4299 4730 4538 4814 quibus

2464 4824 2485 4837 “
2588 4837 2718 4882 nen
2772 4823 3049 4902 pessunt
3102 4814 3294 4900 iungi
3342 4814 3486 4882 sine
3541 4813 3880 4882 adulterio.
3972 4815 4280 4883 Christus
4344 4815 4534 4895 faxit,

2587 4909 2692 5055 uh
2705 4909 3124 5054 saeresazieta
3158 4902 3320 4968 haee
3352 4901 3727 4968 eeniunetie
3762 4923 3946 4986 pura,
3982 4902 4127 4970 sine
4169 4903 4352 4967 omni
4395 4922 4536 4968 ma·-

2585 5008 2620 5055 ο
2694 5009 2735 5054 a
2776 5010 2966 5055 serve
3001 5009 3096 5055 ur.
