4850 6200
474 376 594 437 591

470 558 578 625 De
612 556 970 625 Lausanne
1007 579 1094 624 ou
1134 556 1328 623 estoit
1371 553 1730 623 assemblee
1771 553 1839 619 la
1876 552 2084 621 classe
2127 573 2199 619 ce
2246 554 2304 618 2.
2342 549 2427 617 de

472 644 637 730 May
690 648 872 709 15⁵5.
900 645 989 721 ιι)

1356 1152 1552 1225 2106.

911 1307 1521 1377 SIDEMANNUS
1565 1304 2001 1373 GALV'INO.

650 1483 731 1548 Se
751 1505 794 1548 α
820 1482 1071 1549 Calvisi
1092 1480 1391 1564 partibus
1424 1484 1591 1544 stare
1620 1478 1854 1560 fatetur
1887 1479 1957 1542 in
1992 1496 2187 1544 cama
2216 1481 2431 1544 contra

473 1570 947 1637 laaehoeolaoras
989 1587 1144 1651 quos
1179 1586 1398 1652 yraece
1441 1570 1499 1630 et
1539 1565 1734 1630 latine
1767 1564 2155 1648 perstrinyit.

787 1758 896 1824 (Ex
933 1755 1269 1829 autographo
1306 1753 1432 1810 cod.
1470 1753 1675 1807 Gener.
1712 1751 1829 1818 114,
1866 1753 1956 1808 sol.
1992 1750 2106 1815 40.)

650 1928 1045 1997 Reverendo
1091 1937 1159 1993 et
1201 1926 1559 1994 clarissimo
1596 1926 1739 1990 viro
1775 1923 1859 1989 D.
1884 1925 2115 1990 Ioanni
2148 1922 2431 1991 Calvino

477 2016 743 2084 domino
787 2024 852 2080 et
896 2015 1105 2081 amico
1148 2036 1267 2079 suo
1311 2010 1735 2078 observando.

1920 2114 2255 2181 Genevae.

649 2270 723 2338 S.
769 2269 854 2335 D.
921 2270 1184 2336 Literas
1229 2284 1376 2334 tuas
1410 2273 1461 2344 ¹)
1509 2267 1926 2334 exosculatus
1971 2289 2150 2334 sum:
2195 2268 2431 2353 plenae

476 2359 655 2425 enim
700 2378 829 2422 non
874 2354 1066 2421 modo
1111 2355 1543 2421 humanitatis
1587 2364 1760 2427 sunt,
1808 2351 1921 2418 sed
1966 2354 2168 2419 etiam
2213 2354 2431 2422 excel·

474 2446 720 2512 lentem
782 2439 1217 2509 eruditionem
1272 2443 1375 2503 καὶ
1425 2441 1663 2505 σύνεσιν
1705 2438 2101 2519 πνευματικὴ
2154 2441 2426 2525 spirant.

474 2530 631 2597 Iure
676 2536 901 2595 antem
945 2526 1374 2595 stomacharis
1416 2526 1732 2594 adversus
1768 2525 2086 2625 quosdam
2128 2523 2428 2595 indoctos

475 2625 544 2683 et
584 2615 902 2684 clamosos
942 2614 1243 2680 homines
1271 2614 1330 2697 ²)
1390 2614 1727 2698 magisque
1768 2617 2190 2694 ματαιολογους
2276 2635 2428 2680 uam

474 2702 834 2786 theologos,
892 2701 1001 2784 qui
1040 2700 1251 2765 multa
1292 2721 1427 2765 non
1478 2699 1690 2765 solum
1738 2698 1808 2763 in
1855 2699 2096 2765 nostris
2137 2718 2250 2765 ecc
2275 2699 2431 2766 esiis

475 2789 775 2865 turbant,
840 2787 1040 2872 inque
1103 2806 1328 2852 omnes
1395 2784 1856 2851 dissentientes
1923 2783 2427 2865 debacchantur,

476 2896 709 2942 verum
773 2874 973 2938 etiam
1039 2882 1304 2937 exteros
1369 2872 1689 2938 lacessere
1752 2871 1883 2935 iam
1951 2868 2428 2955 aggrediuntur

475 2983 516 3027 a
588 2982 669 3026 ue
711 2956 978 3037 audent,
1022 2958 1270 3025 scilicet
1313 2958 1465 3040 quia
1508 2958 1679 3021 idom
1726 2956 2050 3022 factitavit
2094 2956 2428 3023 Lutherus.
2479 3006 2485 3027 .

475 3049 538 3114 A
586 3045 888 3112 miranda
934 3063 1089 3111 vero
1134 3053 1234 3111 est
1290 3042 1553 3109 illorum
1609 3044 1748 3111 sive
1808 3044 2088 3109 stultitia
2144 3044 2282 3111 sive
2325 3044 2428 3110 in-

474 3135 692 3199 sania:
736 3134 1010 3197 iuvenes
1056 3141 1210 3195 sunt
1252 3150 1471 3194 rerum
1520 3130 1827 3214 imperiti,
1874 3152 2003 3195 non
2051 3129 2239 3196 tincti
2283 3130 2429 3197 lite-

472 3220 590 3292 ris,
635 3219 939 3294 infantes,
986 3224 1054 3281 et
1093 3223 1316 3280 tamen
1354 3213 1433 3279 de
1470 3216 1776 3280 maximis
1811 3216 2007 3282 rebus
2050 3216 2121 3280 in
2156 3215 2433 3283 ecclesia

475 3323 821 3372 censuram
880 3301 1003 3366 sibi
1061 3301 1432 3380 adsumunt,
1490 3322 1565 3367 ac
1618 3299 1976 3368 certamina
2036 3312 2318 3380 movent,
2365 3311 2431 3367 et

477 3388 739 3474 quidem
783 3408 919 3452 non
965 3390 1348 3454 necessaria.
1444 3386 1785 3471 Philippus
1842 3395 2067 3452 noster
2114 3389 2433 3454 hactenus

474 3496 741 3542 summa
775 3473 1218 3539 moderatione
1256 3472 1577 3540 adductus
1621 3474 2064 3540 assensionem
2113 3474 2193 3538 de
2233 3496 2434 3540 causa

476 3561 988 3630 sacramentaria
1054 3561 1380 3625 sustinere
1455 3561 1671 3643 potius
1735 3581 1928 3643 quam
2000 3560 2431 3642 pronunciare

478 3648 742 3714 maluit:
777 3650 832 3726 ⁸)
907 3645 1021 3712 sed
1100 3648 1231 3712 iam
1314 3655 1703 3731 provocatur
1781 3647 1849 3711 in
1928 3645 2342 3729 palaestram
2374 3645 2432 3729 ⁴)

476 3733 709 3800 Metuo
766 3733 1021 3797 tristem
1082 3732 1504 3818 tragoediam.
1607 3732 1879 3799 Utinam
1949 3731 2108 3798 haec
2173 3742 2432 3798 contro·

475 3820 697 3886 versia
761 3840 1099 3902 nunquam
1166 3827 1341 3883 mota
1406 3828 1594 3884 esset.
1707 3816 1876 3882 Nam
1944 3819 2247 3901 ἔπίχαρμα
2310 3824 2434 3893 τοῖς

410 3921 421 3932 ·
475 3908 598 3987 ἕχθ
671 3912 725 3980 ’ς
770 3911 1110 3986 παρέχεται,
1162 3926 1236 3970 ac
1279 3904 1471 3968 multi
1515 3905 1690 3969 inter
1734 3913 1990 3970 nostros
2036 3903 2431 3970 infirmiores

479 3990 587 4056 val
635 4015 672 4057 e
716 3991 1112 4056 sauciantur.
1204 3991 1300 4056 Ac
1343 4010 1463 4074 pro
1523 4003 1637 4055 tua
1693 3991 1933 4055 eximia
1996 3991 2236 4074 pietate
2281 4013 2429 4057 eru-

479 4077 727 4143 ditione
788 4075 1291 4160 prudentiaque,
1347 4087 1451 4142 sat
1510 4077 1662 4154 scio,
1724 4076 2089 4160 quievisses
2145 4079 2431 4153 omnino,

480 4164 612 4230 nisi
656 4162 897 4229 bellum
946 4185 983 4226 a
1028 4163 1272 4228 nostris
1328 4161 1471 4227 istis
1517 4163 1778 4229 vesanis
1826 4163 2145 4247 theologis
2190 4166 2431 4230 reinte-

479 4259 740 4335 gratum
771 4252 822 4326 5)
889 4248 1149 4327 suisset,
1214 4249 1357 4331 qui,
1426 4257 1497 4312 ut
1572 4249 1910 4315 verissime
1976 4247 2172 4329 dicis,
2240 4250 2431 4334 longe

650 4539 737 4603 11)
776 4539 867 4595 La
897 4537 1143 4607 praem
1177 4540 1331 4595 lettre
1363 4540 1479 4593 doit
1513 4541 1671 4594 avot‘v·
1704 4537 1785 4593 e'ee'
1820 4538 2093 4593 concerta
2136 4554 2268 4594 amc
2304 4538 2428 4594 Gal·

476 4611 575 4664 vin
646 4615 707 4662 ui
737 4606 931 4663 derivat
961 4605 1227 4662 lui-meme
1259 4608 1309 4661 le
1342 4607 1393 4663 4.
1428 4609 1589 4675 apres
1625 4607 1784 4662 s’etre
1817 4607 2042 4662 adress&
2088 4622 2166 4661 au
2212 4606 2433 4663 Comei!

478 4677 546 4732 de
638 4678 921 4812 ωιὲῗειῦυο
945 4675 1191 4799 1418869.
1228 4677 1304 4730 du
1345 4675 1502 4732 Cone.
1538 4675 1621 4730 23.
1662 4676 1748 4731 29.
1784 4677 1947 4731 Avo-il
1978 4675 2029 4729 2.
2074 4676 2244 4741 Mai.)

687 4817 747 4878 2)
798 4814 1164 4883 Westphalum
1200 4814 1363 4866 innui
1397 4813 1619 4867 dubium
1650 4831 1762 4867 esse
1795 4821 1984 4881 potest,

478 4899 642 4937 vanu
674 4885 824 4941 «ineat
858 4900 992 4954 quos
1027 4887 1195 4937 notat
1269 4881 1331 4936 Is
1363 4883 1507 4936 enim
1542 4883 1761 4937 circiter
1805 4899 1858 4937 a.
1901 4884 1995 4938 151
2079 4889 2245 4937 natus
2290 4887 2426 4937 erat.

482 4952 750 5008 m...
792 4954 1014 5077 m
1044 4949 1588 5076 acts-...sus
1606 4951 2193 5074 ‚bgmmim
2244 4950 2433 5007 ³⁰2³·-

984 5038 1006 5074 ι
1479 5038 1507 5074 ι·
1580 5038 1614 5073 a
1686 5039 1712 5070 r
1811 5038 1839 5073 r
1923 5061 1934 5072 .

2092 4815 2429 4868 ammiu-

686 5089 748 5154 ⁸)
786 5091 932 5160 quod
974 5092 1151 5158 ipsum
1198 5105 1358 5159 aequ-e
1409 5088 1619 5156 ferebat
1676 5089 1879 5143 Nnvter
1924 5089 2028 5155 (N.
2074 5087 2225 5142 fflOB.
2275 5087 2431 5144 2004.

650 5196 748 5291 ‘4)
796 5227 927 5280 veae
968 5227 1041 5282 N.
1075 5225 1231 5282 2204.

686 5297 746 5362 5)
782 5297 880 5352 ese.

477 5155 648 5226 Ἢ)

1980 361 2507 432 ΕΡῙΒΤΟΙιΔΕ
2551 364 2978 429 2195-2197

2478 2904 2485 2987 Ι

2479 3034 2487 3075 1

2484 818 2490 829 “
2531 810 2710 878 senis
2749 818 2987 877 natura
3030 808 3327 877 iracundi
3370 814 3473 875 καὶ
3513 809 3905 896 πικροχόλου.
3935 809 3990 895 ⁸)

4357 365 4485 428 592

2530 557 2850 637 superant
2913 548 3178 618 Lathon·
3255 551 3754 619 vehementiam.
3866 549 3924 615 N
3928 573 4004 618 ec
4076 550 4485 637 argumentis

2419 681 2431 692 ·
2530 637 2897 705 rationibus
2961 658 3039 705 ac
3104 637 3357 715 nervis,
3424 636 3542 704 sed
3603 637 3919 705 conviciis
3982 636 4292 705 insulsita
4399 659 4486 703 ue

2529 734 2847 811 pugnant,
2883 723 3244 809 pendentes
3265 724 3349 790 ab
3383 725 3729 790 autoritate
3761 725 4141 892 nutuque&
4436 722 4484 800 i,

4135 831 4220 875 uo
4262 818 4488 876 autem

2530 896 2694 963 haec
2736 897 3185 963 controversia
3241 916 3521 962 evasura
3576 896 3667 962 sit
3718 917 3853 962 non
3909 896 4193 978 prospici
4250 904 4484 980 potest.

2529 982 2745 1048 Filius
2790 982 2920 1049 Dei
2960 981 3153 1049 Iesus
3188 980 3441 1049 Christi
3483 982 3786 1048 restituat
3827 980 4154 1066 aliquibus
4197 979 4485 1048 ablatam

2532 1079 2843 1149 mentem,
2907 1067 3297 1152 comprimat
3359 1067 3772 1152 quorundam
3840 1069 4184 1147 fervorem,
4250 1066 4487 1152 detque

2530 1155 2721 1221 nobis
2764 1154 3020 1220 animos
3077 1152 3461 1221 concordiae
3503 1166 3822 1235 amantes,
3875 1173 3953 1220 ac
3996 1166 4081 1232 te,
4127 1152 4486 1221 reverende

2533 1242 2637 1307 vir
2679 1249 2748 1306 et
2787 1240 3013 1318 frater,
3068 1238 3438 1306 diutissime
3482 1246 3859 1307 conservet:
3916 1237 4102 1318 καὶῆν
4145 1238 4258 1322 γὰρ
4301 1262 4486 1324 apa-

2530 1334 2695 1392 κείαν
2738 1326 3042 1412 στρατεύῃ.
3123 1325 3436 1393 Laudant
3478 1346 3705 1393 omnes
3747 1324 3988 1392 eruditi
4030 1337 4098 1391 et
4140 1326 4291 1392 boni
4334 1336 4484 1390 tuas

2531 1412 3032 1479 lucubrationes.
3113 1411 3172 1477 E
3219 1434 3257 1478 o
3312 1414 3384 1478 in
3441 1413 3612 1478 bona
3667 1411 3995 1479 felicitatis
4054 1434 4237 1478 meae
4297 1419 4485 1511 parte

2533 1519 2704 1583 pono
2759 1519 2991 1564 ansam
3047 1496 3214 1563 miln
3269 1497 3493 1564 datam
3549 1519 3692 1564 esse
3753 1496 4070 1580 iungendi
4126 1498 4486 1564 amicitiam

2532 1607 2686 1652 cum
2733 1583 3014 1651 Calvino.
3103 1585 3272 1650 Eius
3315 1585 3490 1651 enim
3551 1603 3796 1661 nomen
3848 1583 4022 1668 apud
4077 1605 4182 1648 me
4226 1604 4363 1651 sem
4451 1605 4487 1649 r

2533 1680 2829 1737 sanctum
2872 1690 2949 1736 ac
2991 1669 3370 1756 religiosum
3413 1671 3555 1737 fuit.
3619 1670 3804 1736 Bene
3842 1671 4006 1736 vale.
4073 1668 4340 1754 Erphor
4387 1670 4403 1685 ‘

2532 1764 2766 1841 quarto
2809 1757 2972 1823 Maii
3024 1760 3205 1821 1555.

3372 1893 3703 1960 Martinus
3747 1891 4190 1960 Sidemannus
4236 1895 4308 1959 Τ.

2705 2031 2838 2097 Per
2877 2029 3290 2115 bibliopolam
3335 2041 3628 2099 vestrum

2877 2116 3044 2183 mihi
3087 2118 3425 2184 rescribas.

3531 2416 3544 2417 ἶ
3562 2413 3714 2421 ...Ψι-

3404 2630 3593 2703 21⁹7.

2979 2785 3478 2854 PARELLUS
3526 2786 4050 2857 BLAURERO.

2710 2956 2937 3025 Denuo
3001 2958 3354 3026 rossanum
3408 2960 3675 3041 defricent
3737 2959 3992 3041 depectit
4055 2960 4380 3045 ‹ii-mimi&
4433 2966 4494 3026 d

2533 3045 2785 3128 quidem
2828 3049 2959 3110 tam
3001 3045 3259 3113 excitato
3317 3046 3530 3112 animo
3569 3049 3639 3111 ut
3680 3065 3803 3112 non
3857 3046 4060 3113 solum
4118 3046 4224 3114 ille
4279 3047 4391 3116 sed
4432 3052 4491 3112 et

2534 3133 2838 3198 sermonis
2879 3133 3171 3215 syntaxis
3211 3132 3327 3199 sub
3364 3132 3579 3214 feuda
3618 3133 3912 3218 mayistri
3952 3132 4217 3216 vapulet.

2532 3303 2856 3373 (Exemplar
2918 3302 3296 3373 autographon
3359 3304 3560 3372 passim
3625 3304 3771 3357 lectu
3831 3304 4230 3368 difficillimum,
4285 3307 4486 3374 partim

2533 3372 2831 3442 bibliopegi
2865 3371 3076 3426 incuria
3106 3373 3492 3454 interceptum,
3522 3373 3759 3442 denique
3788 3371 3844 3426 in
3868 3373 3977 3426 flne
4001 3373 4268 3440 mutilum,
4304 3383 4488 3428 exstat

2531 3443 2588 3494 in
2627 3443 2758 3495 bibl.
2792 3442 2965 3495 civica
2996 3441 3334 3510 sangallensi
3372 3442 3523 3495 MSS.
3563 3442 3715 3497 Tem.
3739 3439 3826 3496 3⁷.
3863 3443 4002 3511 Epp.
4043 3442 4192 3497 vm.
4226 3460 4281 3513 p.
4313 3443 4397 3497 24.
4421 3472 4488 3483 —

2531 3510 2831 3565 Emendat-i
2882 3517 2942 3564 et
2984 3512 3227 3580 suppleri
3276 3516 3492 3580 poterat
3527 3527 3595 3564 ex
3639 3512 3954 3581 apographo
4001 3511 4311 3579 Tuticani,
4357 3513 4492 3567 bibl.

2533 3580 2691 3634 civic.
2727 3579 2792 3636 F.
2825 3576 2912 3633 43.
2949 3580 3075 3633 olim
3117 3579 3265 3634 v111.
3301 3580 3395 3635 fol.
3430 3577 3534 3633 489
3583 3598 3656 3641 v.‚
3705 3580 3857 3634 cuius
3943 3581 4164 3634 lurimas
4211 3582 4490 3637 variantes

2532 3647 2873 3719 negligimus.
2935 3647 3151 3702 Simleri
3187 3647 3540 3720 apographon
3576 3649 3776 3716 passim
3812 3665 3899 3703 me
3923 3650 4066 3704 iores
4102 3649 4364 3705 lectiones
4397 3667 4491 3705 ex·

2531 3718 2687 3771 hibet
2722 3734 2884 3787 quam
2932 3717 3239 3771 Turicense.
3323 3717 3521 3771 Verum
3571 3718 3767 3771 Far-elli
3815 3718 3972 3770 stilus
4016 3718 4104 3771 hic
4146 3719 4285 3773 adeo
4329 3720 4492 3773 intri-

2532 3795 2687 3840 catus
2722 3793 2780 3840 et
2815 3786 3069 3840 confusus
3103 3796 3188 3842 est
3218 3793 3281 3840 ut
3315 3788 3489 3856 magis
3524 3803 3631 3840 non
3668 3787 3843 3857 possit
3875 3798 3932 3839 et
3965 3789 4181 3856 saepius
4215 3789 4348 3858 quid
4381 3789 4491 3842 sibi

2774 3855 2910 3910 velit
2944 3856 3034 3909 vel
3063 3856 3439 3926 sagacissimus
3478 3857 3706 3925 quisque
3743 3856 3940 3910 elicere
3969 3858 4248 3925 nequeat.)

2708 4009 2778 4076 S.
2847 4008 2981 4092 Qui
3016 4031 3212 4076 suum
3255 4010 3426 4077 fudit
3466 4011 3860 4095 sanguinem
3901 4022 3973 4076 ut
4014 4011 4322 4078 ecclesias
4363 4011 4496 4077 sibi

2535 4119 2737 4180 puras
2772 4096 3158 4180 acquireret,
3205 4105 3339 4162 tam
3364 4097 3633 4180 pretiosi
3657 4098 3849 4180 pretii
3887 4098 4213 4163 rationem
4234 4096 4486 4164 habens

2535 4183 2794 4249 miseris
2843 4183 2999 4249 velit
3035 4184 3402 4267 prospicere
3437 4182 3744 4261 coetibus,
3781 4187 3827 4258 ²)
3867 4183 4161 4267 faxitque
4195 4192 4271 4248 ut
4309 4185 4490 4250 mala

2533 4269 2850 4335 tollantur
2911 4269 3146 4352 quibus
3211 4279 3471 4335 tantum
3537 4290 3672 4335 non
3735 4267 4125 4347 obruuntur,
4192 4281 4259 4335 et
4320 4290 4490 4353 quae

2534 4355 2777 4421 desunt
2830 4352 2997 4421 bona
3050 4354 3245 4439 plene
3304 4354 3543 4421 dentur
3601 4363 3668 4420 et
3722 4367 4039 4438 perpetuo
4091 4354 4276 4421 salva
4330 4357 4484 4423 sint.

2533 4442 2661 4506 Tui
2726 4439 2976 4507 labores
3058 4457 3301 4525 tuaque
3380 4441 3747 4526 diligentia,
3830 4442 4078 4525 optime
4151 4440 4488 4519 Blaurere,

2534 4539 2855 4609 tuumque
2897 4527 3242 4593 consilium
3283 4535 3481 4611 atque
3525 4523 3891 4610 prudentia,
3948 4526 4187 4611 quibus
4243 4526 4492 4595 studio-

2533 4612 2791 4678 sissimo
2855 4612 3078 4680 studes
3142 4612 3430 4680 ecelesiis
3488 4612 3846 4686 consulere,
3911 4625 3980 4677 et
4036 4635 4187 4679 cum
4251 4614 4492 4692 fructu,

2533 4699 2678 4781 quis
2736 4719 2870 4763 non
2916 4702 3201 4766 maxime
3262 4698 3536 4783 probet?
3563 4700 3618 4778 ²)
3709 4698 3924 4765 Valde
3966 4697 4267 4783 displicet
4317 4700 4494 4782 quod

2533 4782 2712 4849 aliud
2773 4805 2907 4850 non
2963 4785 3171 4852 habeo
3203 4788 3255 4866 ⁸)
3314 4785 3573 4869 utrique
3618 4797 3913 4850 nostrum
3958 4793 4024 4850 et
4082 4785 4358 4865 facilius,
4418 4787 4495 4851 in

2646 5095 2657 5106 ¹
2741 5023 2803 5091 6)
2842 5025 3204 5107 laenam,
3241 5040 3441 5149 mglqna
3465 5024 3764 5080 autoritate
3786 5024 4079 5093 qaudena's
4114 5043 4206 5097 ap.
4243 5025 4327 5084 Ιο.
4356 5025 4496 5083 Γνί-

2532 5091 3180 5244 wasers*
3217 5092 3290 5147 Μ
3333 5089 3529 5159 ·⁵⁷⁹·>

2744 5231 2808 5297 2)
2841 5247 2939 5286 stc.

2743 5299 2804 5366 3)
2838 5300 3008 5355 babes
3055 5298 3113 5355 T.
