4850 6200
328 467 430 530 153

320 655 433 722 ficii
474 653 774 720 futurum
819 663 897 719 ut
938 650 1008 718 id
1052 652 1444 720 conduceret
1495 652 1810 737 pontifici,
1867 659 2088 719 tamen
2132 653 2256 721 hoc

318 740 455 807 novi
476 740 653 823 quod
675 741 847 806 bona
866 759 1021 823 pars
1042 761 1162 822 pro
1183 738 1390 825 gloria
1403 738 1656 805 Christi
1677 740 1832 823 egit,
1853 738 2022 822 quod
2044 739 2256 806 edicta

316 832 630 892 testantur
671 827 780 909 pia
822 824 1046 891 valde:
1103 826 1441 892 convocati
1498 833 1652 889 sunt
1706 845 1935 891 omnes
1977 847 2254 908 quorum

316 914 620 978 intererat
678 923 744 977 et
797 910 1003 976 libera
1069 912 1242 978 facta
1309 911 1435 976 fuit
1505 911 1807 977 omnibus
1877 910 2254 995 disputandi

385 1006 602 1079 106166,
639 999 751 1081 qui
785 997 1036 1064 vellent
1070 998 1403 1082 proposita
1438 1017 1477 1061 a
1500 997 1820 1063 ministris
1840 997 2249 1083 impugnare.

315 1016 478 1151 &ne
543 1104 966 1169 progressum
1029 1082 1156 1149 fuit
1220 1092 1289 1149 et
1349 1085 1458 1168 pie
1524 1089 1594 1149 et
1655 1094 1837 1149 recto
1902 1084 2130 1149 ordine
2186 1096 2252 1148 et

315 1168 650 1256 abrogatae
700 1170 1199 1254 superstitiones
1251 1170 1637 1253 pontificiae.
1727 1170 2122 1235 Lausannae
2180 1185 2254 1235 ut

310 1277 720 1341 progressum
775 1257 863 1321 sit
922 1257 1113 1321 nosti.
1142 1261 1191 1334 ¹)
1297 1253 1475 1322 8660
1535 1255 1819 1321 1116116111
1883 1255 2063 1321 dedit
2115 1256 2251 1321 Do-

310 1343 517 1409 minus
561 1342 825 1408 senatui
869 1344 935 1406 in
980 1340 1372 1407 adiuvandis
1432 1349 1499 1407 et
1542 1339 1963 1408 sublevandis
2006 1363 2249 1426 paupe-

312 1428 474 1493 ribus
531 1428 616 1494 ob
660 1428 1106 1513 evangelium:
1170 1427 1320 1511 plus
1377 1447 1612 1511 operae
1667 1427 2131 1511 impenderunt
2183 1439 2251 1494 et

309 1512 996 1686 {Qufflfflt
1031 1535 1226 1685 ⁹4¹3&
1261 1526 1489 1665 iffim
1523 1533 1751 1665 ⁰533ssss
1786 1514 2251 1665 1188εὲ311

308 1687 725 1752 Laueannam
761 1696 836 1752 ut
869 1684 1077 1752 bonae
1110 1685 1341 1751 literae
1384 1694 1813 1770 emergerent.
1890 1686 1973 1751 Et
2007 1686 2248 1751 mirum
2299 1740 2303 1751 .

307 1772 461 1855 quod
520 1773 939 1857 improbitate
995 1771 1465 1837 monachorum
1526 1772 1638 1856 qui
1699 1773 1920 1837 omnia
1976 1769 2247 1837 offendi-

2125 468 2284 528 1554
2327 458 2509 531 IUN.

4190 472 4307 532 154

2357 653 2577 739 placet
2629 654 2792 720 mihi
2894 651 3026 719 uod
3085 653 3328 719 Serveto
3428 672 3580 719 uem
3636 653 3908 741 indigne
3963 675 4250 743 passum,
4272 662 4311 697 ¹*

2359 749 2465 818 (61
2508 739 2807 824 discipuli
2945 739 3187 805 rvetini
3230 675 3640 823 6166310661)
3684 739 4051 827 adiungunt
4079 740 4308 809 Hiero-

2356 845 2616 909 nymum
2635 827 2690 904 Β)
2729 835 2796 892 61
2817 847 2901 891 ne
2936 823 3093 911 quid
3133 824 3303 892 desit
3326 825 3698 892 Fauesum·
3733 826 4000 893 addunt.
4059 826 4304 894 Mirum

2357 912 2531 1012 quod
2603 910 2939 1013 Servetini
3003 912 3449 997 evangelistae
3514 932 3650 1012 non
3715 910 3968 979 addunt
4039 914 4306 985 titulum

2354 1005 2811 1150 i'ssnssQuss.
2818 996 4308 1153 Pssff‘kossuffnifflqffwifffinffisffif

2356 1168 2544 1235 Scire
2586 1169 2826 1236 vellem
2873 1169 3018 1255 quis
3062 1168 3342 1236 duorum
3387 1169 3721 1236 insultarit
3759 1170 4007 1238 Servate
4049 1184 4113 1237 et
4157 1173 4308 1256 quis

2355 1277 2503 1320 cum
2566 1255 2683 1320 illo
2738 1257 2823 1321 sit
2879 1265 3275 1341 regnaturus
3331 1277 3491 1321 mox
3556 1256 3727 1341 apud
3789 1258 4045 1323 inferos.
4151 1258 4301 1326 Non

2401 1350 2516 1406 uto
2558 1350 2691 1407 tam
2739 1342 3084 1408 destitutos
3127 1364 3167 1407 a
3209 1341 3497 1407 Domino
3540 1350 3843 1408 senatum
3899 1351 3967 1408 et
4009 1364 4117 1408 eos
4161 1344 4306 1425 qul-

2353 1361 2476 1492 bus
2550 1427 2890 1495 Vandelzus
2958 1436 3095 1493 tam
3152 1428 3389 1494 insana
3457 1437 3557 1495 061
3621 1429 4072 1512 propositurus
4144 1433 4306 1513 quin

2356 1514 2643 1579 sentiant
2702 1514 3061 1580 Dominum
3121 1514 3315 1598 plene
3369 1514 3628 1598 impeti,
3698 1524 3767 1580 et
3829 1536 3899 1581 se
3959 1524 4024 1581 et
4080 1534 4307 1583 omnes

2353 1600 2497 1682 pios
2528 1600 2954 1684 magistratus
2989 1599 3305 1665 damnari.
3366 1599 3576 1685 Spero
3598 1599 3958 1666 Dominum
3995 1600 4304 1667 daturum

2354 1694 2433 1750 ut
2476 1706 2608 1751 non
2655 1696 2911 1752 tantum
2971 1698 3239 1751 senatus
3283 1685 3424 1765 iste,
3484 1707 3714 1752 verum
3760 1688 3956 1752 etiam
4002 1686 4132 1753 alii.
4193 1691 4306 1772 qui

2298 1784 2304 1827 3
2354 1778 2491 1835 tam
2551 1774 2659 1856 pie
2702 1782 2769 1837 et
2825 1782 3047 1838 sancte
3102 1770 3478 1838 iudicarunt
3535 1772 3618 1837 de
3667 1773 3933 1850 Servate,
3995 1794 4126 1839 non
4189 1792 4303 1840 ne-

306 1858 453 1924 culis
515 1858 876 1942 implerunt
936 1878 1070 1922 non
1134 1856 1507 1923 destiterint
1571 1860 1762 1923 toties
1817 1857 1964 1924 falsi
2024 1855 2249 1923 adesse
2297 1852 2303 1875 ⁸

302 1945 535 2027 pressis
592 1955 661 2010 et
716 1945 1095 2028 profligatis.
1187 1942 1410 2025 Quare
1466 1964 1669 2026 quum
1717 1945 2010 2009 Genesin
2069 1954 2247 2009 tuam

302 2040 423 2095 tam
470 2031 839 2110 facundam,
885 2044 1024 2094 tam
1067 2031 1235 2094 mira
1270 2043 1337 2094 et
1379 2029 1587 2094 ardua
1630 2032 2068 2095 continentem
2116 2031 2249 2095 iam

302 2118 362 2182 111
398 2117 622 2183 160061
667 2116 839 2195 edas,
899 2128 1091 2191 recte,
1148 2117 1203 2180 si
1250 2116 1413 2181 mihi
1456 2114 1713 2193 credas,
1773 2116 2003 2182 feceris
2044 2115 2099 2180 61
2144 2115 2250 2180 1116

300 2224 445 2285 quos
512 2202 844 2268 Dominus
909 2204 1168 2267 ornavit
1234 2214 1346 2267 tuo
1410 2201 1676 2267 decores
1742 2223 2033 2268 munere.
2139 2202 2247 2267 Io-

300 2308 530 2354 annem
577 2287 891 2355 Genevae
950 2289 1207 2365 dicasti,
1269 2299 1340 2353 tu
1402 2289 1514 2371 qui
1571 2298 1638 2353 et
1682 2288 1983 2365 Ioannes,
2043 2310 2246 2372 quum

298 2386 357 2439 te
398 2375 683 2441 Geneva
726 2374 994 2451 haheat,
1056 2394 1187 2439 non
1247 2373 1418 2439 male
1465 2372 1731 2439 laudata
1770 2374 1941 2457 quod
1987 2395 2059 2439 as
2107 2375 2245 2440 lum

298 2461 617 2543 quoddam
676 2463 761 2527 sit
816 2461 1123 2527 ecclesiae
1180 2472 1247 2524 et
1307 2461 1657 2542 hospitium
1714 2481 1911 2541 quam
1957 2482 2049 2526 un
2102 2461 2247 2543 'que

296 2546 620 2613 Dominus
676 2546 944 2630 colligit.
1040 2545 1219 2612 8660
1275 2568 1406 2611 11011
1466 2545 1658 2611 (161101
1714 2546 1939 2611 Berna
2007 2567 2246 2629 expers

296 2632 497 2699 laudis
548 2634 745 2700 huius
802 2654 945 2699 0660
1003 2633 1107 2699 061
1163 2633 1356 2698 debet
1399 2633 1466 2697 in
1514 2633 1706 2697 terris
1753 2633 2030 2698 Geneva
2072 2632 2243 2715 quod

295 2718 398 2783 sit:
446 2730 518 2784 et
562 2718 875 2803 quidquid
934 2739 1055 2804 per
1097 2718 1431 2785 cuniculos
1487 2732 1705 2784 actum
1762 2720 1848 2783 sit
1891 2739 2009 2801 per
2050 2739 2242 2802 quos·

295 2803 451 2883 dam,
501 2815 727 2871 tamen
747 2803 1076 2871 Dominus
1100 2806 1387 2870 Bernam
1433 2803 1648 2868 noluit
1690 2824 1982 2887 unquam
2022 2814 2245 2887 aperte

292 2892 407 2956 nisi
463 2892 537 2956 in
594 2891 841 2957 bonum
885 2891 1199 2956 Genevae
1256 2910 1465 2973 agere.
1556 2890 1823 2955 Donum
1868 2889 1995 2955 Dei
2057 2891 2245 2957 nobis

292 2977 350 3041 in
393 2978 609 3062 pretio
655 2997 797 3042 esse
842 2975 1033 3042 debet
1087 2988 1154 3042 et
1205 2975 1372 3059 quod
1421 2975 1704 3041 Satanas
1748 2974 2083 3041 contendit
2126 2998 2245 3061 per

292 3084 429 3131 6606
472 3064 828 3131 obscurare
872 3084 1003 3128 non
1049 3061 1241 3128 debet
1278 3063 1577 3147 gratiam.
1668 3062 1878 3146 Spero
1901 3061 2243 3129 Christum

291 3150 611 3216 facturum
658 3148 830 3233 quod
876 3161 941 3214 te
986 3171 1117 3214 non
1154 3149 1515 3232 poenitebit
1550 3169 1588 3212 0
1672 3169 1801 3213 rae.
1873 3147 2027 3215 8010
2072 3151 2237 3233 quod

289 3233 501 3303 hostes
524 3235 781 3303 Christi
816 3238 933 3320 qui
967 3246 1030 3300 te
1068 3236 1264 3300 huius
1286 3237 1499 3319 gratia
1533 3255 1571 3298 0
1619 3246 1813 3300 erunt
1837 3245 2242 3318 rumpentur,

290 3324 449 3404 quod
496 3323 624 3390 hac
670 3323 783 3387 via
826 3322 945 3387 tihi
993 3332 1214 3406 pateat
1269 3343 1568 3387 accessus
1609 3322 1689 3385 ad
1736 3320 1945 3386 multa
1988 3323 2058 3385 in
2104 3323 2240 3407 glo-

288 3409 445 3473 riam
490 3407 791 3485 Domini,
850 3419 916 3474 et
971 3429 1129 3472 sane
1174 3407 1438 3490 expedit
1481 3416 1557 3472 ut
1599 3406 1976 3492 intelligant
2019 3419 2083 3472 te
2127 3427 2239 3493 ag·

290 3515 547 3562 noscere
584 3495 857 3560 Domini
904 3493 1077 3560 dona
1118 3496 1191 3558 in
1238 3493 1395 3576 ipsis
1440 3503 1509 3558 et
1542 3494 1636 3560 eis
1681 3515 1762 3558 ex
1808 3495 2030 3559 animo
2073 3493 2238 3560 bene

286 3581 465 3647 velle.
550 3580 649 3647 Ut
692 3600 921 3646 omnes
963 3600 1144 3645 amas
1188 3580 1256 3644 in
1305 3580 1608 3656 Domine,
1653 3578 1887 3662 quibus
1931 3579 2243 3665 dignatur

288 3666 591 3734 Christus
653 3668 780 3746 uti,
850 3665 1005 3751 quid
1066 3686 1201 3731 non
1260 3667 1535 3742 faceres,
1595 3666 1709 3749 qui
1765 3665 1984 3732 hostes
2041 3666 2241 3732 etiam

287 3752 500 3839 diligis
564 3763 634 3819 et
692 3763 1125 3837 tyrannorum
1186 3752 1382 3817 saluti
1438 3750 1796 3818 studuisti?
1886 3753 2040 3817 Alia
2082 3761 2242 3818 sunt

324 3861 442 3905 nae
486 3850 565 3905 tu
606 3841 631 3902 i
680 3861 750 3905 se
795 3838 1029 3904 melius
1072 3839 1245 3904 nosti
1306 3849 1373 3903 01
1424 3858 1542 3921 pro
1587 3849 1703 3903 tua
1746 3837 2098 3922 prudentia
2142 3840 2238 3904 vi-

321 3925 461 3992 ebis
505 3926 619 4010 qui
707 3926 925 4010 potius
972 3924 1367 4010 eligendum,
1412 3933 1479 3990 et
1522 3944 1693 4008 ages.

444 4012 701 4077 Mirum
773 4023 873 4076 est
948 4009 1314 4077 Vandellum
1331 4013 1389 4088 ²)
1461 4019 1529 4075 et
1599 4011 1710 4074 isti
1780 4008 2027 4075 similes
2099 4022 2237 4075 tam

282 4117 542 4165 caecum
589 4119 734 4163 esse
776 4107 854 4163 ut
897 4118 1030 4163 non
1071 4095 1298 4163 videat
1351 4118 1544 4179 quam
1604 4096 1941 4161 insaniant
1986 4095 2081 4162 illi
2125 4098 2237 4180 qui

288 4183 549 4270 Georyio
610 4185 798 4266 paria
859 4182 1301 4249 ohtruserunt.
1419 4181 1632 4247 Valde
1702 4182 1967 4265 iniquus
2021 4193 2123 4249 est
2178 4183 2235 4249 si

282 4278 535 4335 tantum
583 4291 721 4335 non
756 4268 1118 4335 detestatur
1152 4269 1581 4353 iniquitatem.
1650 4268 2033 4334 Persimiles
2067 4269 2234 4334 mihi

282 4355 588 4423 videntur
612 4354 931 4421 militibus
965 4357 1075 4440 qui
1111 4353 1286 4421 ferre
1321 4364 1595 4439 possunt
1630 4354 1940 4420 miseram
1974 4355 2231 4439 plebem

278 4463 543 4524 prorsus
590 4440 814 4525 perdi:
859 4440 1333 4509 comburantur
1374 4441 1447 4506 in
1493 4439 1739 4524 propiis
1785 4437 2071 4520 aedibus,
2120 4462 2234 4506 ne·

277 4541 505 4594 centur
560 4550 601 4594 a
659 4529 918 4611 quovis,
993 4548 1107 4592 sus

276 4634 501 4696 parum
547 4625 665 4679 aut
706 4613 877 4678 nihil
921 4621 1038 4679 est.

278 4700 350 4765 ob
392 4701 667 4785 quaevis
712 4699 842 4765 alia
882 4699 1142 4783 plectat,
1189 4698 1311 4764 hoc
1352 4697 1699 4782 indignum
1745 4707 1860 4762 est.
1951 4695 2232 4765 Sinendi

276 4795 444 4864 sunt,
490 4786 768 4864 ferendi,
810 4785 864 4852 si
910 4791 1187 4869 possunt
1228 4784 1635 4851 ulciscuntur
1675 4793 1952 4849 mortem
1986 4784 2230 4851 militis.

272 4870 644 4939 Haereticis
689 4870 961 4956 quilibet
1006 4870 1176 4936 male
1212 4872 1501 4936 sentiens
1538 4872 1603 4935 in
1650 4891 1726 4936 eo
1770 4877 1870 4935 est
1911 4868 2068 4950 loco,
2114 4869 2229 4938 sed

1175 4612 1255 4678 ed
1299 4612 1357 4679 si
1400 4613 1548 4695 quis
1590 4611 1866 4677 militem
1910 4612 1991 4678 ob
2036 4613 2230 4692 furta,

276 5029 391 5038 0—-

278 5127 452 5183 1204.
484 5130 539 5198 1)
579 5129 844 5187 calvinus
904 5131 1023 5199 ipse
1085 5129 1335 5195 interfuit
1390 5127 1780 5197 Disputationi
1835 5127 2231 5184 Muranum&

284 5195 392 5252 Gal.
436 5197 555 5260 Oet.
591 5197 731 5254 1586
766 5199 997 5253 habitae.

273 5267 552 5470 fga-3393.
634 5338 729 5393 Ibi
767 5339 929 5391 etiam
985 5337 1076 5390 ille
1124 5334 1394 5406 Georffi‘ue
1448 5336 1786 5403 quaerendus
1836 5334 2084 5405 quicqua
2139 5333 2228 5389 ale

2290 3457 2297 3528 1

2276 5055 2285 5174 f

2397 1856 2681 1923 lecturos
2704 1862 2738 1897 ¹⁸
2789 1858 3100 1925 iniuriam
3148 1879 3278 1942 qua
3341 1868 3480 1924 tam
3549 1856 3842 1943 improbe
3911 1858 4302 1925 afficiuntur.

2409 1962 2532 2009 ane
2593 1945 2647 2009 si
2706 1952 2843 2009 tam
2902 1944 3166 2010 nefandi
3237 1944 3743 2010 calumniatores
3799 1965 3929 2010 non
3987 1954 4244 2029 parant,
4268 1949 4304 1984 ⁸

2352 2050 2472 2113 pro
2515 2029 2644 2095 illis
2690 2030 3084 2113 respondere
3130 2028 3320 2095 debet
3377 2030 3732 2096 Vandellus.

2527 2115 2601 2181 81
2647 2126 2718 2181 tu
2765 2117 2870 2181 vel
2914 2117 3258 2182 minimum
3304 2117 3421 2181 atti
3474 2118 3630 2183 'sses
3666 2117 3735 2181 in
3781 2118 3913 2182 tuis
3959 2117 4190 2195 literis,
4236 2128 4300 2184 te

2352 2202 2738 2267 invisissem.
2831 2202 2966 2268 Sed
3010 2203 3306 2285 quamvis
3362 2203 3428 2266 ni
3482 2203 3526 2267 il
3573 2202 3932 2288 attigisses,
3989 2214 4056 2268 et
4109 2203 4178 2268 in
4224 2225 4304 2269 ea

2352 2308 2563 2353 essem
2609 2288 2936 2354 sententia
2980 2301 3054 2354 ut
3095 2286 3252 2353 dum
3288 2288 3542 2354 Thraso
3587 2288 3767 2353 velut
3806 2302 4304 2375 expugnaturus

2351 2373 2547 2439 aedes
2581 2384 2879 2457 patentes
2913 2373 3172 2459 Sangae
3215 2382 3284 2439 et
3339 2374 3680 2440 Gnatones
3704 2374 3757 2459 ⁴)
3801 2376 4083 2454 instruit,
4131 2374 4301 2459 quod

2350 2480 2483 2524 non
2542 2461 2683 2525 sine
2737 2461 3056 2544 sanguine
3110 2480 3252 2526 esse
3309 2461 3553 2526 factum
3609 2459 3832 2539 audie,
3904 2482 4028 2526 1106
4082 2483 4302 2526 coram

2349 2544 2725 2628 loquemur:
2799 2566 3026 2610 verum
3098 2544 3385 2630 collegae
3399 2548 3459 2621 ὃ)
3529 2566 3663 2611 11011
3723 2545 3883 2611 adeo
3955 2548 4302 2630 probatum

2349 2652 2550 2715 quum
2592 2631 2839 2697 diceret
2873 2631 3085 2716 magis
3128 2629 3436 2715 expedire
3473 2643 3547 2697 ut
3583 2633 3638 2696 is
3682 2631 3914 2710 adiret,
3958 2633 4126 2716 quod
4167 2653 4300 2698 non

2348 2716 2681 2800 impedivi.
2774 2716 2846 2782 81
2907 2718 2968 2782 01
3028 2716 3287 2783 vacabit
3347 2739 3464 2803 per
3519 2718 3649 2782 alia
3690 2718 3928 2800 quibus
3972 2740 4042 2783 se
4087 2728 4300 2782 totum

2346 2802 2660 2883 involvit,
2731 2804 2970 2886 poterit
3032 2803 3278 2869 referre
3343 2814 3415 2869 ut
3485 2802 3771 2868 habeant
3843 2825 3948 2869 res
4019 2816 4296 2881 nostrae,

2347 2890 2649 2972 quamvis
2696 2890 3110 2955 narrationes
3153 2890 3340 2955 iuxta
3379 2890 3650 2956 affectus
3693 2891 3856 2955 fiant
3889 2889 4294 2975 plerumque.

2535 2973 2737 3040 Dolet
2809 2975 2969 3040 mihi
3047 2975 3142 3040 ita
3214 2975 3652 3060 Ramnendum
3728 2984 4099 3058 exceptum:
4182 2975 4298 3040 sed

2350 3060 2533 3127 iubes
2606 3081 2713 3128 me
2792 3061 2957 3128 bene
3029 3082 3308 3146 sperare.
3423 3060 3743 3148 Optarem
3819 3060 4223 3128 Mutari-num
4242 3064 4300 3141 ⁶)

2346 3147 2608 3232 plenius
2652 3150 2901 3214 servire
2945 3147 3262 3214 Domino:
3319 3148 3435 3214 sed
3478 3170 3680 3232 quum
3724 3148 3935 3215 nostri
3978 3149 4296 3216 eiusmodi

2347 3235 2482 3300 sint
2539 3243 2613 3299 ut
2669 3235 2838 3300 nihil
2890 3235 3056 3301 bene
3115 3236 3183 3300 in
3244 3235 3365 3300 hac
3421 3256 3494 3299 re
3535 3255 3799 3318 sperare
3842 3235 4108 3318 possim,
4167 3257 4300 3301 non

2347 3330 2524 3387 esset
2609 3320 2780 3386 male
2857 3321 3195 3405 appositus
3271 3321 3356 3387 ad
3433 3320 3850 3392 Drallianam
3938 3321 4296 3388 ecelesiam.

2291 3429 2295 3442 ·
2346 3406 2655 3472 Christus
2698 3405 2869 3490 quod
2912 3417 3015 3472 est
3048 3408 3367 3490 optimum
3401 3407 3658 3472 efficiat.
3725 3406 3831 3472 Ad
3857 3406 4302 3489 Bullinyerum

2344 3492 2594 3577 scripsi.
2619 3494 2676 3576 ⁷)
2765 3492 2916 3559 8010
2980 3513 3115 3558 11011
3172 3502 3308 3557 16111
3365 3492 3726 3557 dilaturum
3781 3513 4162 3575 responsum
4225 3503 4302 3559 ut

2344 3580 2488 3662 ipse
2529 3578 2668 3645 feci.
2767 3580 3087 3645 Tosscmus
3142 3580 3363 3644 omnia
3413 3587 3648 3661 pacata
3690 3576 3932 3644 scribit.
3962 3580 4014 3661 ⁸)
4103 3578 4300 3658 Quod

2346 3665 2598 3732 utinam
2645 3664 2811 3730 bene
2854 3685 2930 3732 ac
2972 3665 3096 3750 pie.

2515 3751 2744 3817 Placet
2779 3751 2966 3817 nobis
3000 3750 3172 3834 quod
3209 3750 3311 3817 vel
3355 3749 3690 3816 tantillum
3725 3757 3987 3816 tuarum
4028 3751 4298 3820 laudum

2346 3837 2532 3903 nobis
2576 3838 3063 3904 communicant
3104 3837 3260 3903 boni
3305 3837 3464 3915 viri,
3523 3836 3780 3901 utinam
3839 3835 4036 3901 multi
4080 3847 4300 3904 essent

2343 3943 2506 4007 quos
2549 3943 2684 3988 non
2728 3943 2915 3989 secus
2958 3943 3156 4007 quam
3195 3930 3267 3987 te
3311 3922 3696 3988 calumniari
3757 3931 4025 4005 possent
4067 3939 4132 3986 61.
4179 3943 4299 3988 nos

2340 4008 2515 4075 male
2559 4007 2935 4076 audiremus
2977 4029 3017 4073 a
3061 4017 3197 4074 tam
3253 4008 3473 4092 impiis
3517 4008 3691 4092 quod
3733 4007 4168 4091 penderemus
4211 4007 4297 4076 ab

2340 4094 2676 4162 eiusmodi.
2745 4093 2926 4176 Quid
2969 4094 3149 4161 enim
3191 4115 3533 4178 possemus
3569 4116 3610 4160 a
3644 4103 3708 4159 te
3748 4095 3994 4160 sentire
4038 4094 4300 4162 diversa

2340 4201 2549 4265 quum
2595 4189 2667 4246 tu
2710 4201 2878 4263 quae
2900 4179 3156 4248 Christi
3199 4189 3359 4247 sunt
3402 4182 3665 4260 sentias,
3712 4201 3754 4246 a
3794 4200 3922 4265 quo
3966 4181 4297 4248 malumus

2337 4268 2552 4350 perire
2609 4286 2804 4350 quam
2879 4266 3154 4351 seiungi.
3257 4268 3567 4333 Christus
3621 4267 3880 4332 miseris
3957 4266 4294 4332 meliorem

2339 4351 2451 4418 det
2524 4360 2812 4418 mentem
2884 4373 3077 4436 quam
3149 4374 3220 4418 se
3299 4353 3584 4437 perdunt
3649 4361 3752 4417 ter
3823 4353 4069 4418 miseri.
4180 4350 4296 4416 810

1194 4525 1523 4606 ndatur,*
1578 4525 1747 4591 nihil
1806 4547 1936 4591 non
1993 4528 2229 4605 ferant,
2338 4529 2383 4536 μ’
2404 4530 2606 4536 “m'‘
2655 4531 2660 4534 ⁴

2542 4643 2606 4710 3)
2640 4645 2716 4699 Et
2748 4645 2891 4698 enfin
2937 4645 2989 4698 le
3035 4645 3136 4697 but
3177 4643 3334 4699 dudit
3369 4644 3503 4698 livre
3540 4643 3707 4697 estoit
3730 4643 3798 4696 de
3833 4659 3892 4695 se
3927 4651 4117 4710 portei-
4153 4657 4292 4710 pour

2334 4721 2530 4769 avocat
2570 4715 2641 4768 de
2676 4715 2874 4769 Servet
2907 4713 3164 4767 Hierone
3211 4719 3270 4766 et
3313 4719 3500 4767 autres
3535 4711 3893 4790 heretiques„
3923 4709 4293 4764 condemnant

2332 4783 2388 4836 16
2420 4799 2846 4908 antegradatio&
2864 4782 3396 4918 exffieitt)pumcion
3414 4781 3714 4851 eorporelle
3750 4796 3844 4833 sur
3871 4779 4069 4847 Jceulx.
4121 4777 4288 4850 (Ray.

2333 4851 2401 4906 ae
2462 4990 2474 5002 .
2538 4919 2600 4986 4)
2642 4867 2885 4990 Sao-903⁸
2920 4927 2972 4975 et
3009 4920 3351 4974 0601110601»
3396 4935 3462 4973 ex
3517 4917 3792 4972 Eunucho
3838 4915 4162 4972 Terentiano
4201 4932 4287 4971 00-

2330 4993 2508 5044 mm'
2537 5057 2593 5118 5)
2632 5058 2939 5113 marmus
2969 5058 3087 5127 ipse
3124 5057 3305 5139 Gem-
3306 5072 3398 5139 αφ
3431 5063 3609 5126 peiere
3642 5056 3791 5137 aab·
3780 5058 3851 5139 ft.
3939 5125 3948 5136 ·

2540 5126 2602 5189 6)
2643 5125 2788 5182 Cave
2832 5126 2898 5180 de
2937 5126 3200 5181 Corda-to
3247 5131 3462 5196 comtes.
3547 5121 3684 5179 Fun
3730 5124 3818 5179 11οο
3866 5125 4015 5178 alme

2345 5197 2403 5252 V.
2440 5195 2518 5250 D.
2559 5195 2641 5250 Μ.
2689 5195 2757 5251 de
2801 5210 2909 5265 quo
2945 5196 3220 5251 Lamiam
3272 5193 3536 5249 mittendo
3571 5199 3749 5248 adun
3796 5193 3936 5263 10906
3970 5208 4034 5246 m.

4104 5125 4286 5177 uidam

4111 5207 4284 5246 anua—

582 5268 707 5324 lam
741 5268 981 5338 loquitur
1030 5266 1098 5321 de
1141 5266 1316 5324 libello
1361 5265 1457 5322 alo
1502 5266 1571 5322 de
1605 5280 1713 5336 quo
1746 5279 1923 5337 nuper
1965 5263 2229 5320 Calvinus
2329 5268 2418 5321 rio
2454 5263 2608 5319 1556.

2541 5332 2601 5397 7)
2630 5333 3051 5458 §amodum

2539 5401 2600 5466 8)
2703 5443 2716 5455 .
2755 5400 2906 5470 1959,
2943 5407 3051 5457 not
3087 5400 3137 5453 2.
