4850 6200
503 408 624 472 851

497 595 628 659 ista
669 593 1001 660 communi
1053 591 1347 656 omnium
1403 588 1668 655 nomine
1719 586 2082 673 expediam,
2140 587 2451 673 angustia

499 679 837 763 temporis,
877 681 963 753 ¹⁷)
1027 675 1337 744 valetudo
1403 675 1651 741 afflicta
1714 682 1783 740 et
1841 694 2023 741 acres
2085 675 2316 758 eapitis
2382 682 2453 739 et

499 765 653 830 colli
697 764 980 830 dolores:
1025 782 1281 827 moeror
1322 763 1481 827 item
1525 760 1749 847 gravis
1790 767 2144 844 conceptus
2184 782 2269 825 ex
2315 760 2450 825 Lo-

499 850 803 917 carnensi
861 849 1136 933 negotio.
1172 851 1260 922 ¹⁸)
1361 845 1622 914 Soissae
1687 854 1842 912 sunt
1904 848 2102 912 urbes
2166 866 2453 930 evange-

500 937 683 1004 licae.
751 937 991 1011 Berua,
1036 934 1320 1012 Basilea,
1364 941 1432 999 et
1454 931 1959 998 Schaffhusium
2003 933 2249 1016 recepit
2268 934 2305 968 ⁴*
2348 952 2452 996 se·

465 1066 472 1075 -
545 1024 863 1088 uestrium
885 1024 1117 1105 capita.
1183 1020 1503 1103 Tigurum
1538 1018 1859 1083 hactenus
1893 1018 2182 1101 recipere
2217 1016 2447 1082 noluit.

501 1043 740 1191 {lapitri
784 1109 919 1174 fere
960 1105 1338 1173 huiusmodi
1381 1115 1563 1170 sunt:
1636 1107 1707 1167 12
1753 1102 2160 1186 respublicae
2202 1102 2451 1169 Helve-

504 1195 747 1260 tiorum
790 1194 897 1260 vel
944 1198 978 1255 7
1018 1193 1285 1257 nomine
1337 1194 1410 1254 12
1455 1189 1725 1255 iubente
1769 1209 1880 1254 eos
1958 1189 2026 1253 ui
2070 1209 2310 1254 novam
2351 1208 2451 1253 re-

502 1291 817 1362 ceperunt
858 1279 1240 1363 religionem
1284 1276 1410 1342 hac
1453 1276 1679 1341 relicta
1713 1295 1910 1341 conce
1955 1294 2065 1341 ere
2099 1295 2328 1339 rursus
2365 1271 2449 1338 ad

500 1385 726 1430 veram
793 1374 860 1431 et
922 1365 1263 1447 antiquam
1328 1361 1727 1446 religionem.
1838 1360 2229 1442 Quicunque
2295 1380 2449 1425 vero

498 1451 784 1518 noluerit
837 1453 1119 1535 migrato
1175 1451 1354 1513 intra
1412 1452 1449 1512 3
1505 1466 1764 1513 menses
1809 1456 1928 1513 etc.
2018 1445 2291 1511 Addunt
2347 1466 2449 1510 se-

498 1548 795 1620 questres
837 1539 1014 1621 pacis
1070 1535 1287 1618 capita
1344 1534 1637 1617 proxime
1680 1556 1721 1598 a
1769 1532 1939 1598 bello
1998 1544 2218 1597 nostro
2262 1542 2451 1614 pacta

499 1623 595 1689 ita
651 1623 893 1690 iubere.
981 1620 1062 1686 Id
1117 1640 1276 1685 vero
1335 1619 1568 1686 nolunt
1625 1638 1976 1703 agnoscere
2032 1618 2267 1694 nostri,
2335 1616 2450 1682 sed

498 1707 711 1774 modis
755 1709 1056 1774 omnibus
1100 1715 1433 1784 asserunt,
1487 1706 1664 1788 pacis
1707 1705 1924 1787 capita
1981 1704 2256 1769 liberam
2302 1723 2451 1786 per-

498 1796 764 1860 mittere
805 1793 1206 1877 religionem.
1295 1792 1649 1857 Praeterea
1704 1790 1938 1855 nolunt
1990 1789 2134 1855 aliis
2189 1797 2452 1855 autores

499 1900 642 1946 esse
708 1879 1185 1964 abnegationis,
1254 1877 1488 1943 nolunt
1547 1876 1809 1941 nomine
1873 1876 2162 1959 ipsorum
2218 1881 2253 1936 7
2313 1895 2450 1939 res-

499 1963 793 2050 publicas
851 1964 1024 2049 apud
1079 1962 1302 2029 fideles
1355 1963 1810 2029 Locarnenses
1867 1961 2240 2044 praedicare
2300 1982 2449 2026 nos-

498 2062 671 2115 tram
728 2051 1111 2135 religionem
1169 2069 1310 2115 esse
1365 2069 1622 2126 novam,
1679 2048 2067 2132 papisticam
2110 2067 2341 2112 veram
2384 2055 2452 2111 et

498 2146 807 2203 veterem.
880 2135 1066 2203 Aliae
1100 2134 1295 2201 urbes
1330 2144 1550 2203 autem
1584 2141 1836 2217 putant,
1881 2134 1973 2198 ibi
2007 2132 2262 2198 nullum
2307 2152 2451 2197 esse

496 2222 866 2306 periculum
910 2242 1112 2304 quum
1159 2226 1193 2283 7
1241 2221 1644 2304 respublicae
1689 2240 1807 2284 sua
1849 2219 2154 2301 opinione
2197 2218 2315 2282 illa
2358 2218 2452 2283 sic

498 2310 953 2391 pronuncient.
1043 2305 1269 2379 Grave
1327 2322 1428 2372 est
1480 2305 1724 2371 nostris
1766 2306 2085 2370 mulctare
2141 2303 2291 2369 illos
2334 2325 2449 2368 ex-

499 2392 648 2460 silio
715 2396 822 2477 qui
887 2392 1051 2458 nihil
1121 2393 1277 2458 mali
1345 2392 1658 2457 fecerunt.
1758 2390 1972 2458 Urbes
2039 2390 2243 2456 satius
2308 2409 2451 2454 esse

497 2490 753 2561 putant,
793 2480 1023 2545 exsilio
1060 2477 1208 2544 illos
1244 2498 1441 2561 quam
1478 2476 1779 2542 incendio
1815 2485 1882 2540 et
1916 2476 2212 2541 omnium
2245 2475 2450 2541 facul-

497 2574 712 2632 tatum
789 2564 1289 2649 depraedatione
1367 2562 1691 2629 mulctari.
1803 2562 2029 2628 Nostri
2099 2572 2451 2644 utrumque

495 2651 794 2737 iniquum
850 2671 994 2717 esse
1048 2648 1479 2727 contendunt,
1538 2668 1753 2731 neque
1807 2647 1982 2713 mala
2035 2646 2331 2713 facienda
2375 2655 2452 2710 ut

497 2740 767 2804 veniant
809 2736 998 2802 bona.
1084 2735 1392 2802 Breviter
1448 2735 1687 2799 nolunt
1743 2733 2114 2800 consentire
2159 2741 2233 2797 ut
2273 2733 2450 2816 ipso·

495 2844 649 2889 rum
692 2823 921 2909 religio
971 2823 1041 2887 in
1101 2822 1246 2887 aliis
1298 2819 1572 2886 eandem
1631 2819 2010 2904 religionem
2054 2817 2450 2884 habentibus

493 2910 811 2994 puniatur
856 2918 925 2974 et
957 2905 1399 2990 proscribatur
1441 2918 1509 2971 et
1552 2907 1730 2972 locus
1764 2903 2223 2988 praecludatur
2266 2905 2454 2987 spiri-

492 2996 593 3060 tui
657 3004 726 3059 et
789 2994 1041 3079 gratiae
1104 2992 1250 3057 Dei.
1355 2994 1572 3075 Atque
1634 2989 1797 3056 haec
1860 3010 2078 3056 coram
2146 2988 2450 3056 omnibus

494 3079 968 3147 confoederatis
1024 3076 1228 3144 semel
1283 3088 1349 3143 et
1403 3078 1642 3143 iterum
1695 3077 1970 3160 professi
2030 3084 2202 3143 sunt.
2305 3075 2447 3141 Iam

492 3183 654 3231 vero
698 3165 1002 3231 audimus
1046 3183 1284 3230 novam
1339 3162 1697 3229 adventare
1738 3163 2135 3248 legationem
2180 3183 2264 3228 ex
2307 3182 2447 3228 om-

491 3252 687 3318 nibus
730 3271 855 3316 eva
986 3250 1127 3316 licis
1162 3248 1434 3315 urbibus
1477 3259 1545 3313 et
1587 3249 2036 3332 sequestribus
2078 3259 2147 3313 et
2168 3247 2447 3314 Rhaetis

535 3337 608 3404 ui
650 3357 846 3421 persu
933 3347 1086 3401 eant
1126 3336 1368 3402 nostris
1409 3341 1488 3399 ut
1540 3355 1610 3400 se
1654 3355 1789 3399 non
1832 3340 2157 3418 separent,
2214 3333 2329 3401 sed
2371 3334 2445 3399 in

489 3358 610 3488 {lla
651 3422 1067 3489 consentiant
1107 3422 1336 3505 capita.
1428 3419 1598 3489 Cras
1646 3427 2109 3504 exspectantur
2153 3420 2442 3486 affuturi.

490 3505 674 3590 Quid
715 3509 1014 3575 futurum
1058 3508 1162 3584 sit,
1208 3507 1393 3572 novit
1419 3505 1764 3584 Dominus,
1808 3527 2004 3590 quem
2049 3526 2162 3572 oro
2207 3512 2282 3571 ut
2322 3524 2445 3570 nos

490 3595 575 3661 ab
619 3594 799 3660 omni
841 3594 1014 3659 malo
1055 3601 1375 3677 protegat.
1439 3590 1572 3659 Odi
1615 3592 1841 3657 civiles
1883 3590 2030 3657 illas
2073 3593 2145 3657 in
2188 3592 2446 3676 religio-

490 3680 690 3746 nibus
733 3679 1216 3745 moderationes
1231 3730 1248 3757 ,
1305 3679 1517 3744 sciens
1570 3676 1726 3762 quid
1769 3676 2107 3745 Solomoni
2150 3676 2448 3745 evenerit

493 3765 554 3831 3.
599 3765 766 3852 Reg.
804 3764 897 3831 11.
944 3773 1065 3832 etc.
1131 3763 1349 3830 Valde
1391 3771 1632 3841 metuo,
1676 3764 1731 3829 si
1775 3764 1871 3829 ita
1911 3785 2262 3849 pergamus
2305 3782 2443 3827 om-

489 3871 611 3919 nes
662 3851 732 3916 in
787 3851 1090 3917 exsilium
1150 3850 1320 3915 nibil
1372 3849 1528 3916 mali
1584 3850 1983 3926 meritorum,
2043 3863 2110 3912 et
2166 3850 2236 3913 in
2293 3868 2444 3932 pro·

489 3938 915 4022 scriptionem
957 3936 1256 4004 veritatis
1294 3936 1681 4016 consentire,
1735 3957 1822 4000 ne
1865 3944 1931 4000 et
1974 3935 2158 4000 nobis
2202 3935 2444 4000 verita·

489 4030 626 4089 tem
669 4022 1009 4100 subducat,
1065 4030 1134 4088 et
1175 4043 1296 4088 nos
1337 4031 1723 4105 nostrosque
1764 4021 1836 4086 in
1878 4021 2181 4086 exsilium
2226 4021 2447 4085 mittat

488 4108 888 4174 iustissimus
944 4108 1288 4174 Dominus.
1368 4106 1575 4175 Orate
1640 4127 1759 4191 pro
1820 4107 2006 4172 nobis
2062 4105 2441 4172 Dominum.

488 4194 788 4261 Pessime
830 4193 1134 4260 audimus
1176 4194 1421 4277 passim
1459 4191 1634 4277 apud
1686 4214 1912 4259 omnes
1955 4213 2074 4258 ceu
2119 4192 2446 4258 cerebrosi

489 4288 560 4346 et
600 4280 996 4364 pertinaces,
1052 4280 1166 4363 qui
1219 4279 1730 4345 moderationem
1783 4298 2054 4362 aequam
2109 4279 2444 4364 religionis

486 4375 836 4451 praetextu
877 4366 1081 4432 crassi
1124 4385 1516 4451 respuamus
1558 4373 1678 4431 etc.

656 4451 865 4518 Venit
916 4451 1052 4516 iam
1104 4451 1304 4517 etiam
1361 4473 1401 4518 a
1441 4452 1924 4535 Bavenspurgo
1967 4449 2250 4517 Ioannes
2293 4449 2442 4533 qui-

484 4535 640 4604 dam
721 4535 1064 4621 Wllinyus
1126 4538 1567 4616 concionator,
1635 4558 1824 4620 quem
1890 4535 2046 4601 inde
2110 4535 2443 4601 eiecerunt

487 4623 1137 4708 Ravenspurgenses,
1354 4645 1562 4701 enses,
1606 4622 2184 4706 Memmingenses,
2229 4620 2442 4687 Uber-

487 4707 825 4795 lingenses
880 4721 949 4775 et
1014 4709 1233 4776 nescio
1286 4709 1399 4792 qui
1466 4708 1580 4774 alii
1645 4709 1910 4774 urbium
1972 4706 2202 4791 legati,
2269 4703 2441 4789 quod

664 4981 752 5063 37)
787 4983 901 5066 Hie
934 4984 1180 5038 subsistit
1211 4997 1360 5036 exem
1455 4998 1486 5034 r
1515 4983 1682 5049 prius
1714 4982 1823 5046 (α),
1859 4994 1980 5034 cun·
2014 4980 2440 5047 ubam-ipim.-

491 5049 680 5104 loanm
713 5050 954 5107 cavino.
1019 5053 1273 5106 Decemb.
1311 5051 1339 5104 1
1469 5055 1626 5128 Anno
1662 5048 1689 5101 1

662 5118 756 5184 18)
797 5119 1074 5176 Postridie
1109 5120 1226 5176 Gal.
1256 5119 1390 5174 Dec.
1430 5120 1674 5174 Commu
1710 5116 1966 5171 Basileus
1997 5116 2200 5172 habitis
2230 5117 2439 5181 fads-⁸

489 5192 572 5242 cd
605 5195 666 5242 ιιι
711 5189 858 5244 ultra
903 5189 974 5243 60
1004 5191 1255 5255 familiae
1290 5188 1724 5243 Looarnmcum
1770 5187 1943 5240 sotum
1985 5191 2190 5241 vertere
2222 5191 2441 5243 eonem

481 5255 804 5395 ffioequae
838 5259 899 5311 ia
944 5258 1135 5313 vallem
1180 5253 1907 5392 Tell-'fagnoesiesmnt
1940 5254 2171 5323 (Hella,
2209 5255 2436 5326 Ephesi.

2027 397 2555 470 EPIS'POLA‘E
2598 403 3021 467 2064—2066
3136 336 3151 351 ι

4375 407 4501 470 362

2552 588 2855 655 videatur
2918 590 3464 655 sacramentarius
3482 642 3497 667 ‚
3563 589 3817 659 addunt
3875 591 4238 659 seditiosus.
4326 592 4392 659 Ν
4393 614 4501 660 am

2551 695 2753 759 quum
2801 675 3226 758 magistratus
3259 675 3878 761 Ravenspurgensis
3930 678 4147 761 ipsum
4203 678 4504 746 inaudita

2552 782 2749 828 causa
2804 761 3072 827 civitate
3127 761 3328 827 vellet
3376 762 3638 839 eiicere,
3696 763 3877 830 cives
3934 784 4005 830 se
4058 776 4504 847 opposuerunt

2552 847 2984 931 magistratui,
3028 847 3436 931 postulantes
3479 858 3553 913 ut
3608 847 3916 915 audiatur
3957 849 4339 934 priusquam
4383 851 4503 916 eii·

2550 933 2777 999 cietur.
2866 932 3013 998 Hoc
3066 932 3310 1000 factum
3352 933 3598 1001 civium
3641 934 3868 1001 dicunt
3920 955 4061 1002 esse
4113 936 4502 1004 seditionem

2554 1025 2623 1084 et
2692 1018 3063 1102 Willinyum
3132 1018 3469 1086 seditionis
3524 1030 3839 1087 autorem.
3943 1021 4185 1107 Legati
4237 1021 4498 1089 urbium

2553 1126 2624 1170 so
2686 1105 3135 1188 interposuere
3202 1118 3570 1189 sequestres
3633 1117 3701 1171 et
3764 1108 4098 1174 communi
4173 1109 4502 1175 sententia

2553 1191 2996 1274 approbarunt
3039 1192 3462 1275 magistratus
3505 1190 3858 1259 decretum.

2725 1275 3008 1341 Oomitia
3047 1277 3381 1361 Augustae
3422 1279 3554 1342 iam
3599 1278 3821 1344 futura
3861 1286 4039 1345 certo
4081 1278 4389 1347 dicuntur
4413 1284 4499 1362 ¹⁹)

2552 1370 2620 1428 et
2662 1362 2733 1426 in
2772 1362 2875 1428 his
2919 1383 3173 1445 quoque
3228 1363 3441 1429 multa
3494 1365 3792 1430 iactitant
3844 1364 4195 1431 statuenda
4235 1387 4352 1450 pro
4396 1388 4501 1432 re-

2552 1449 2888 1531 paratione
2952 1449 3250 1531 papismi.
3357 1450 3521 1514 'Pam
3586 1450 3832 1515 scilieet
3906 1451 4155 1517 feroces
4217 1452 4503 1519 reddidit

2554 1532 2962 1600 adversarios
3020 1534 3220 1601 unius
3263 1535 3547 1618 Angliae
3602 1538 3790 1621 regni
3847 1556 4051 1602 casus.
4142 1535 4275 1604 Sed
4334 1540 4503 1604 vivit

2552 1618 2894 1697 Dominus,
2940 1620 3233 1686 omnium
3276 1641 3631 1705 regnorum
3653 1632 3880 1705 potens
3915 1621 4236 1702 dominus,
4277 1632 4501 1690 manet

2552 1704 2626 1771 in
2668 1715 3008 1771 aeternum
3055 1705 3308 1772 Ohristi
3351 1707 3614 1772 veritas.

2723 1791 2857 1857 Pro
2893 1791 3385 1858 Melanchthonis
3423 1792 3632 1859 literis
3659 1796 3751 1871 ²⁰)
3794 1795 4118 1861 maximas
4166 1815 4288 1879 ago
4347 1816 4500 1880 gra-

2552 1876 2713 1955 tias,
2778 1898 2940 1958 quas
2996 1887 3063 1943 et
3118 1878 3228 1945 hic
3293 1879 3571 1945 remitto.
3662 1879 3974 1946 Vicissim
4039 1879 4317 1948 exhibeo
4381 1881 4501 1948 tibi

2553 1963 2636 2029 D.
2697 1984 2740 2029 a
2783 1964 2984 2030 Lasco
3040 1964 3263 2031 literas
3307 1976 3376 2029 et
3431 1963 3743 2043 libellum,
3771 1967 3862 2049 ²¹)
3921 1963 4035 2032 sed
4092 1988 4169 2032 ea
4226 1966 4370 2052 lege
4426 1978 4502 2033 ut

2553 2050 2868 2115 remittas.

2726 2134 2832 2201 De
2876 2135 3095 2201 Laelio
3138 2134 3485 2221 diligenter
3525 2137 3868 2219 inquiram.
3959 2136 4274 2204 Oondona
4317 2135 4498 2215 mihi,

2555 2219 2835 2299 obsecro,
2897 2222 3234 2287 turbatum
3293 2223 3414 2289 hoc
3471 2223 3809 2306 scriptum.
3897 2223 4048 2288 Non
4102 2223 4292 2288 licuit
4332 2224 4501 2290 rele-

2555 2326 2710 2391 gere
2752 2315 2819 2372 et
2852 2307 3063 2373 multa
3105 2307 3299 2373 simul
3333 2330 3439 2374 me
3471 2320 3784 2392 premunt
3818 2317 3886 2375 et
3914 2320 4185 2393 angunt.
4248 2307 4501 2376 Omnes

2553 2392 2789 2458 fratres
2826 2403 2890 2457 te
2933 2402 3002 2457 et
3035 2405 3430 2479 symmystas
3463 2395 3753 2460 salutant
3787 2394 4180 2461 amicissime
4213 2403 4282 2460 et
4317 2395 4501 2461 vobis

2556 2477 3071 2545 benedictionem
3100 2478 3369 2545 Domini
3412 2481 3875 2564 imprecantur.
3941 2479 4109 2545 Vale
4142 2490 4502 2558 aeternum,

2554 2563 3006 2630 colendissimo
3062 2574 3127 2630 et
3181 2565 3513 2632 carissime
3565 2567 3783 2631 frater.
3873 2565 4186 2632 Salutant
4243 2576 4309 2632 te
4364 2567 4493 2632 mei

2553 2650 2900 2798 ggneriwet
2956 2660 3093 2717 tota
3150 2672 3298 2717 mea
3351 2649 3598 2718 domus.
3689 2652 3921 2737 Tiguri
3972 2658 4065 2717 15.
4111 2651 4495 2719 Decembris

3756 2876 3940 2942 Tuus
3982 2896 4064 2941 ex
4108 2875 4327 2940 animo

3828 2961 4270 3047 Bullingerus.

3418 3473 3621 3544 2⁰65.

2944 3625 3615 3695 BULLINGERUS
3663 3627 4096 3696 CALVINO.

2718 3794 3031 3864 Deam·
3072 3798 3333 3880 eiquae
3385 3799 4097 3881 mperexGemam'a
4150 3801 4279 3884 ipsi
4335 3823 4494 3870 κωπ-

2545 3881 2714 3950 oiata
2765 3888 2917 3949 sunt
2963 3883 3040 3949 de
3095 3883 3568 3951 Lutheranismi
3598 3885 4039 3969 propre-ssibus
4091 3892 4149 3953 et
4199 3893 4496 3957 crescente

2546 3967 2863 4048 barbarie,
2908 3970 2980 4035 id
3021 3971 3183 4052 quod
3224 3970 3630 4052 Defensionis
3669 3972 3993 4038 editionem
4023 3975 4494 4056 properandum

2537 4054 2799 4140 βαρεῖαι.
2891 4054 3256 4122 Novissima
3297 4057 3374 4125 de
3420 4057 3909 4125 Locamensium
3950 4060 4188 4144 neyoiio
4228 4060 4424 4128 addit.

2545 4225 2653 4294 (Ex
2691 4224 3026 4296 autographo
3063 4226 3231 4284 Aroh.
3266 4226 3444 4282 Turio.
3484 4228 3631 4282 Plut.
3665 4228 3762 4283 VI.
3798 4228 3922 4283 Vol.
3968 4227 4115 4283 117¹»,
4144 4231 4274 4285 olim
4317 4231 4492 4287 scrin.

2785 4293 2843 4350 Ο.
2877 4295 3016 4365 Epp.
3051 4294 3201 4351 Tom.
3237 4296 3309 4351 11.
3348 4296 3440 4354 rol.
3473 4296 3591 4352 299.
3629 4326 3695 4337 —
3732 4297 3944 4353 Simler.
3981 4298 4101 4353 Vol.
4136 4297 4250 4364 83.)

2713 4566 2812 4700 ἐξ)
2847 4565 3126 4693 W
3160 4576 3290 4626 suat
3322 4570 3376 4625 d.
3409 4569 3496 4624 29.
3536 4570 3667 4627 Dec.
3706 4570 3898 4638 (secia.
3933 4571 4026 4626 III.
4061 4570 4216 4641 480).

2714 4704 2810 4772 21)
2850 4704 2932 4773 Of.
2968 4705 3216 4778 Kuypen
3254 4709 3330 4764 11.
3366 4708 3483 4764 707.
3521 4709 3599 4764 N.
3633 4705 3742 4762 104.
3799 4707 3848 4763 0
4000 4715 4062 4763 at
4089 4716 4284 4766 eontra
4324 4710 4489 4768 Weet·

2539 4771 2766 4841 phalam
2800 4775 3033 4830 scribere
3079 4792 3265 4832 cmm
3292 4778 3584 4849 quominus
3614 4784 3859 4844 pergeret
4098 4780 4110 4792 ⁰
4206 4784 4492 4848 tempeuaen

2543 4842 2842 4924 impedivit.
2912 4819 3076 4899 Edidi
3111 4853 3310 4912 tamen,
3348 4847 3544 4917 inquit,
3590 4847 3811 4899 brevem
3846 4846 4325 4903 conseseiunculam
4361 4850 4487 4905 doc-

2546 4918 2720 4965 trinae
2754 4928 2907 4966 meae
2943 4929 3083 4983 quae
3117 4915 3400 4969 calumniis
3434 4916 3814 4984 impetebatur.
3883 4915 4033 4969 Haec
4067 4933 4255 4971 rursus
4289 4936 4323 4971 a
4356 4935 4489 4974 non·

2543 4980 2705 5034 nullis
2740 4984 3040 5051 oppugnari
3083 4999 3179 5037 coe
3218 4990 3277 5036 ta
3320 4984 3379 5036 in
3424 4991 3583 5037 coetu
3616 4983 3832 5038 demum
3867 4985 4084 5054 publico
4119 4986 4487 5042 ministrorum

2541 5048 2701 5103 huius
2735 5051 2945 5120 patriae
2979 5069 3013 5104 a
3047 5069 3133 5106 me
3206 5052 3390 5106 efensa
3424 5059 3522 5108 est.
3576 5052 3694 5116 (Dc
3719 5052 3927 5108 christo·
3955 5057 4327 5111 comminue

2540 5117 2583 5172 1.
2635 5117 2780 5184 233.)
2850 5120 3007 5174 Nunc
3049 5122 3151 5174 sub
3203 5122 3358 5189 prelo
3405 5127 3490 5174 est
3537 5122 3700 5176 Ratio
3750 5123 4089 5193 gubernandi
4143 5132 4384 5180 nostram
4427 5144 4483 5180 ua

2538 5187 2631 5309 5An
2669 5189 2772 5324 lia)
2791 5189 3072 5244 ecclesiam
3116 5205 3237 5243 cum
3282 5190 3398 5244 eius
3446 5190 3640 5246 ritibus
3683 5207 3747 5245 ae
3792 5193 4159 5249 caeremoniis.
4241 5193 4487 5258 (Eudae

2713 5326 2807 5392 22)
2844 5326 3014 5382 Prior
3042 5341 3184 5396 pare
3215 5329 3473 5396 epistolae
3506 5330 3716 5399 scripta
3749 5336 3870 5385 erat
3895 5330 4167 5400 pom-idio
4202 5331 4357 5388 Idus.
