4850 6200
500 445 579 507 71
2026 432 2554 507 EPISTOLAE
2603 435 3022 501 1923—1925
4433 437 4516 500 ⁷2

1385 626 1579 699 102⁸,

1000 766 1499 835 PARELLUS
1546 764 1982 833 CALVINO.

691 940 956 1007 Librum
995 946 1208 1005 contr-a
1246 939 1566 1006 Servatum
1605 940 1912 1017 seriptum
1950 937 2252 1002 maximis
2292 936 2464 1019 effla-rt

514 1028 830 1095 laudibus.
896 1024 1232 1091 Praeterea
1259 1024 1566 1109 quaedam
1586 1022 1765 1090 habet
1784 1023 1863 1088 de
1882 1023 2124 1105 nuptiis
2146 1021 2460 1099 Iudithae,

518 1115 597 1181 de
637 1113 872 1213 nopotio
920 1110 1231 1189 biber-tm,
1289 1111 1367 1176 de
1409 1110 1590 1175 rebus
1637 1107 1836 1174 Orbas
1873 1108 2082 1192 yestiS,
2126 1108 2200 1173 de
2237 1108 2462 1193 rapina

520 1200 793 1283 Anyhae
832 1202 889 1263 ot
932 1196 1124 1263 Lassi
1165 1196 1407 1263 exsilio.

819 1366 929 1429 (Ex
966 1366 1304 1436 autographo
1338 1366 1471 1419 Cod.
1509 1364 1709 1419 Genev.
1748 1364 1866 1430 115,
1904 1366 1992 1419 fol.
2031 1363 2171 1429 lffl.)

685 1538 953 1604 Eximio
1030 1537 1182 1604 Iesu
1263 1537 1515 1604 Christi
1595 1558 1784 1604 servo
1862 1536 2099 1603 Ioanni
2178 1536 2458 1603 Calvino

510 1626 757 1709 pastori
793 1625 1103 1691 ecclesiae
1125 1623 1553 1701 Genevensis,
1593 1623 1954 1690 fortissimo
1988 1623 2455 1707 propugnatori

508 1711 790 1794 pietatis,
837 1710 1021 1775 fratri
1067 1720 1133 1775 et
1174 1717 1579 1795 symmystae
1622 1731 1819 1793 quam
1863 1710 2216 1775 carissimo.

1946 1794 2279 1861 Genevae.

682 1930 753 1997 S.
814 1928 1007 2011 Quod
1065 1931 1369 2014 optabam
1429 1931 1717 1997 maxime
1771 1929 2039 1996 tandem
2091 1931 2344 1997 obtinui
2389 1939 2459 1997 et

512 2024 768 2083 tantum
792 2038 925 2082 non
948 2025 1174 2098 raptus
1196 2037 1344 2082 sum
1366 2026 1556 2083 extra
1578 2036 1702 2082 me.
1741 2016 1815 2082 M
1949 2036 2022 2082 as
2044 2037 2166 2101 ago
2190 2016 2456 2083 Christo

511 2103 757 2187 gratias
792 2102 903 2184 qui
946 2124 1065 2168 sua
1102 2101 1248 2167 luce
1286 2104 1561 2168 veritate
1595 2102 1831 2169 rectitu
1880 2103 1985 2168 ine
2020 2111 2086 2168 et
2126 2104 2455 2185 aequitate

511 2191 604 2254 ita
636 2188 686 2273 ¹)
731 2188 1069 2265 instruxit,
1124 2201 1201 2252 ut
1245 2186 1600 2271 profundas
1644 2189 1963 2267 tenebrae,
2008 2186 2227 2255 fucata
2268 2210 2454 2254 men-

509 2273 712 2351 dacia,
759 2272 1061 2339 distortos
1097 2284 1164 2337 et
1198 2274 1580 2359 ambagibus
1615 2273 1843 2359 plenos
1885 2292 2140 2340 errores
2173 2283 2240 2340 et
2274 2275 2455 2341 omni

510 2358 855 2444 iniquitate
923 2358 1188 2443 plenam
1217 2363 1269 2438 ²)
1336 2359 1524 2444 impii
1593 2369 1659 2425 et
1722 2360 2144 2442 perditissimi
2215 2358 2455 2426 Servati

509 2466 704 2528 quem
748 2444 1223 2511 haereticorum
1277 2446 1466 2511 facile
1553 2445 1872 2529 rincipem
1898 2449 1955 2525 ⁸)
1998 2454 2269 2523 constat,
2312 2456 2454 2512 tam

509 2538 730 2613 aperte
776 2538 843 2596 et
885 2530 1100 2613 palam
1144 2530 1446 2597 omnibus
1489 2467 1737 2611 fgceris,
1784 2544 1858 2597 ut
1899 2533 2170 2616 posthac
2217 2552 2453 2598 nocere

509 2614 676 2681 nulli
716 2617 920 2699 possit
962 2617 1091 2682 nisi
1134 2617 1246 2699 qui
1292 2617 1508 2683 studio
1541 2618 1755 2701 perire
1798 2618 1975 2683 velit.
2040 2618 2261 2683 Erunt
2301 2639 2452 2701 pro-

506 2703 677 2769 fecto
720 2702 869 2787 plus
912 2722 1112 2786 quam
1155 2701 1407 2768 ferreae
1449 2704 1684 2769 fiontis
1729 2703 2028 2770 homines
2073 2705 2185 2788 qui
2229 2704 2337 2770 vel
2381 2705 2450 2769 in

508 2786 765 2853 tantillo
824 2788 1077 2886 perdito
1135 2788 1447 2854 faverunt
1489 2796 1558 2854 et
1598 2789 1711 2873 qui
1765 2789 2078 2856 iudicium
2122 2788 2453 2876 improba·

504 2886 677 2941 runt.
767 2872 844 2940 81
888 2894 1000 2940 eos
1057 2894 1193 2939 non
1251 2874 1522 2957 pudeat,
1582 2895 1740 2941 sane
1783 2896 1947 2960 opus
1987 2884 2128 2941 erat
2170 2888 2238 2941 te
2282 2876 2453 2943 hanc

509 2958 777 3025 Christo
832 2967 900 3024 et
956 2958 1266 3025 ecclesiae
1309 2979 1553 3026 navare
1615 2980 1882 3043 operam
1940 2970 2013 3026 ut
2071 2983 2202 3027 non
2259 2961 2454 3027 modo

506 3056 885 3130 praesentes
949 3064 1180 3111 verum
1234 3046 1432 3112 etiam
1489 3045 1731 3130 posteri
1788 3063 2128 3113 armentur
2184 3047 2252 3112 in
2295 3069 2454 3114 vere

506 3129 854 3198 retinendo
879 3129 1169 3208 Christe,
1211 3131 1355 3197 Deo
1400 3152 1557 3198 vero
1601 3153 1884 3214 veroque
1928 3133 2207 3199 homine.
2274 3133 2454 3199 Mul-

506 3228 649 3282 tum
704 3216 826 3282 tibi
883 3237 1108 3283 omnes
1164 3217 1257 3300 pii
1313 3216 1553 3283 debent
1610 3218 1681 3282 in
1741 3217 2007 3284 Christo
2064 3227 2131 3284 et
2184 3231 2455 3304 propter

508 3302 869 3380 Christum,
926 3304 1038 3386 qui
1084 3322 1205 3369 sua
1264 3302 1439 3369 dona
1493 3315 1715 3371 servet
1756 3315 1994 3388 augeat
2036 3313 2103 3369 et
2158 3305 2454 3388 perficiat

510 3389 576 3454 in
622 3396 689 3454 te
732 3399 801 3454 et
843 3388 1083 3454 efficiat
1125 3399 1201 3454 ut
1243 3409 1501 3473 semper
1541 3390 1756 3474 magis
1799 3403 1866 3455 et
1899 3391 2113 3474 mag-is
2156 3390 2455 3456 omnium

509 3475 801 3540 serviant
857 3471 1291 3541 aedificationi
1350 3487 1418 3540 et
1458 3475 1710 3542 Christi
1769 3496 1992 3561 regno.
2081 3475 2227 3559 Ego
2284 3473 2456 3558 quod

510 3559 627 3626 tibi
688 3559 961 3626 debeam
1015 3581 1215 3643 quum
1286 3559 1600 3627 solvendo
1656 3582 1996 3645 nunquam
2048 3561 2203 3640 sim,
2261 3561 2458 3644 plane

512 3649 739 3713 vincor
795 3644 1249 3730 magnitudine
1304 3654 1567 3712 tuorum
1609 3647 2001 3713 officiorum:
2071 3647 2185 3714 sed
2241 3649 2459 3731 placet

506 3735 576 3798 in
620 3751 771 3797 aere
816 3743 927 3797 tuo
967 3741 1286 3816 perpetuo
1329 3753 1489 3799 esse.

679 3815 1020 3899 Querebar
1075 3819 1144 3883 in
1210 3819 1375 3885 meis
1431 3817 1640 3885 literis
1659 3821 1720 3897 ⁴)
1780 3818 1861 3885 de
1914 3840 1993 3885 ea
2047 3839 2214 3902 quae
2265 3828 2456 3885 tuum

508 3924 640 3968 non
687 3902 941 3969 audivit
984 3903 1344 3970 consilium.
1417 3904 1665 3970 Parum
1710 3916 1812 3970 est
1850 3903 2027 3988 quod
2059 3925 2284 3970 meum
2318 3925 2456 3970 non

506 3990 733 4073 magni
794 3990 997 4054 fieret.
1087 3988 1491 4056 Gratulabar
1535 3990 1755 4058 ludim
1780 3992 1839 4068 5)
1888 3989 2223 4056 meliorem
2267 4011 2454 4055 men-

509 4083 644 4140 tem
690 4074 892 4141 fuisse
928 4095 1123 4158 quam
1158 4075 1366 4142 alteri.
1456 4077 1578 4154 Tu,
1626 4075 1739 4142 ubi
1776 4076 1944 4141 nihil
1978 4077 2106 4141 nisi
2150 4087 2455 4142 sanctum

508 4169 576 4225 et
617 4159 894 4243 probum
938 4162 1149 4226 sentio
1183 4158 1265 4226 de
1310 4161 1548 4243 Iudith,
1592 4162 1839 4246 aliquid
1883 4161 2148 4229 subesse
2183 4163 2452 4229 vereris.

507 4245 654 4331 Ego
731 4255 803 4312 ut
878 4256 1109 4348 pergat
1186 4269 1224 4312 o
1270 4256 1338 4313 to
1417 4258 1483 4314 et
1567 4246 2119 4332 quemadmodum
2197 4267 2458 4331 semper

510 4332 795 4398 habuisti
817 4344 1061 4399 sanctis
1077 4334 1197 4400 obe
1244 4333 1491 4399 ientem
1507 4334 1701 4401 iussis
1724 4344 1792 4400 et
1813 4353 2070 4419 semper
2089 4333 2255 4401 bene
2271 4332 2456 4400 audi-

506 4418 607 4482 vit
642 4416 737 4482 ita
770 4431 1162 4502 perseveret.
1231 4419 1306 4486 Si
1343 4419 1552 4486 altera
1584 4419 1929 4487 consilium
1962 4432 2147 4485 tuum
2182 4427 2459 4504 sequuta

502 4503 739 4572 fuisset
756 4503 1060 4571 idoneum
1086 4514 1281 4572 nacta
1300 4517 1444 4572 erat
1463 4506 1704 4584 virum,
1739 4527 1930 4591 quem
1954 4506 2173 4574 nescio
2236 4505 2459 4572 uando

508 4591 818 4657 inveniet.
908 4589 1087 4658 Sane
1131 4590 1299 4657 nihil
1343 4589 1642 4659 desidero
1684 4593 1753 4658 in
1798 4603 2024 4659 sancta
2066 4527 2305 4676 puefla,
2351 4592 2459 4658 cui

508 4676 804 4762 gratulor
862 4687 930 4744 et
988 4675 1108 4742 tibi
1165 4678 1304 4744 eius
1358 4678 1568 4764 gratia
1627 4700 1702 4745 ac
1757 4679 1926 4756 viro,
1985 4687 2061 4743 ut
2118 4677 2456 4760 Nicolao⁶)

507 4781 780 4846 quoque.

688 5232 1074 5426 ’Ξῗξώω
1105 5301 1218 5377 καφ·
1252 5295 1327 5377 ⁶2
1679 5366 1690 5378 .
1970 5365 1981 5377 .
2158 5364 2170 5376 .

988 5377 1063 5417 an
1102 5362 1323 5421 Nncolm
1357 5364 1424 5419 de
1464 5365 1575 5420 Fer
1605 5365 1721 5432 filio
1753 5371 1998 5435 nuptam
2034 5363 2308 5422 lud-sta?

2735 623 3075 710 Collegam
3089 626 3150 709 ⁷)
3205 622 3514 691 admonui
3557 634 3634 692 nt
3675 623 4002 693 scriberet.
4092 621 4304 708 Spero
4357 644 4533 690 eum·

2563 711 2908 778 facturum.
2995 710 3129 777 Hic
3151 714 3204 791 ⁸)
3263 711 3461 779 habet
3511 712 3732 796 aliqua
3773 721 3992 777 tecum
4033 711 4344 778 conferre.
4433 708 4516 776 Si

2563 794 2834 863 idoneus
2876 797 3260 862 inveniatur
3274 848 3289 875 ,
3390 795 3633 864 rudens
3690 808 3770 898 et·
3798 797 3977 882 pius,
3995 882 4010 897 ⁶
4041 797 4208 863 citra
4263 806 4516 863 metum

2562 881 3875 1068 zffissgzzss⁰⁶0⁸⁸3²1¹1¹2225⁶35⁰d⁰13¹23⁸m5⁰
3901 890 4516 1052 ἶῗηωέἰζῗωῗῖἕί

2566 1052 2822 1120 dentior
2888 1052 3083 1120 rediit
3151 1076 3346 1138 quam
3413 1064 3789 1121 accesserat.
3903 1053 4209 1121 Summa:
4286 1076 4513 1138 pacem

2569 1140 2890 1220 volumus,
2937 1139 3184 1207 bellum
3230 1140 3400 1206 male
3444 1152 3777 1225 coeptum:
3840 1141 4029 1207 cuius
4070 1141 4318 1223 priores
4360 1162 4513 1224 pro-

2565 1248 2832 1310 gressus
2904 1229 3264 1310 pessimum
3336 1226 3712 1294 habuerunt
3774 1226 4048 1293 exitum.
4160 1225 4512 1293 Confertur

2564 1312 2871 1377 omnibus
2914 1313 3115 1379 iussis
3173 1321 3243 1379 et
3283 1312 3610 1379 mandatis
3652 1312 3905 1379 Christi
3947 1334 3989 1378 a
4029 1312 4264 1395 quibus
4307 1313 4513 1379 absti-

2563 1396 2855 1464 nendum
2909 1398 3116 1465 veluti
3180 1421 3222 1465 a
3286 1408 3427 1465 tam
3494 1399 3718 1483 iniquo
3789 1397 3977 1465 bello.
4004 1401 4057 1473 ’)
4156 1397 4293 1464 Sed
4352 1406 4512 1464 sunt

2560 1485 2784 1549 omnia
2824 1485 2895 1549 in
2941 1505 3144 1550 manu
3188 1485 3462 1550 Domini
3503 1485 3615 1568 qui
3658 1505 3824 1569 opus
3865 1505 4059 1551 suum
4101 1485 4411 1568 perficiet.

2731 1568 3077 1637 Orbanum
3095 1570 3526 1656 negotium¹⁰)
3551 1570 3810 1637 videtur
3829 1571 3900 1635 in
3924 1569 4189 1638 meliore
4209 1592 4325 1653 spe
4347 1592 4510 1637 esse.

2560 1654 2786 1721 Fieret
2843 1656 3028 1722 facile
3043 1708 3058 1735 ,
3128 1656 3259 1723 nisi
3316 1663 3503 1723 tanta
3557 1656 4009 1723 laboraremus
4061 1654 4330 1722 invidia.
4431 1655 4512 1723 Si

2560 1742 2822 1808 vinctus
2856 1742 3060 1808 vellet
3094 1742 3322 1810 amicis
3357 1751 3425 1807 et
3455 1743 3766 1808 fratribus
3800 1743 4123 1809 nuncium
4156 1742 4513 1821 remittere,

2560 1828 2775 1893 omnia
2796 1825 2963 1894 bene
2985 1827 3326 1907 haberent,
3349 1850 3526 1895 nunc
3550 1829 3772 1894 omnia
3790 1827 4027 1912 perdit,
4050 1827 4208 1894 dum
4229 1829 4514 1895 salutem

2558 1922 2762 1992 curat,
2808 1913 3001 1997 idque
3046 1930 3194 1980 cum
3237 1915 3454 1980 fructu
3493 1914 3815 1980 omnium:
3863 1913 3978 1981 sed
4021 1915 4132 1998 qui
4174 1914 4511 1981 faventem

2559 1999 2760 2066 habet
2803 1998 3139 2067 Christum
3186 2000 3405 2066 omnia
3446 1999 3635 2066 facile
3675 2009 3891 2084 potest
3930 2008 4364 2067 contemnere.

2729 2085 2976 2170 Anglia
3016 2086 3226 2151 fertur
3270 2107 3499 2153 rursus
3542 2087 3810 2153 missam
3855 2085 4257 2153 amandasse.
4347 2086 4510 2152 His-

2557 2192 2764 2254 panos
2805 2171 2908 2238 bis
2949 2172 3131 2237 mille
3174 2192 3397 2239 caesos
3441 2180 3508 2237 et
3549 2173 3846 2258 reginam
3892 2171 4140 2239 nubere
4183 2173 4329 2238 viro
4373 2173 4510 2257 pri-

2555 2258 2764 2323 mario
2806 2258 2981 2322 inter
3021 2257 3300 2340 Anglos:
3329 2262 3417 2340 ¹¹)
3483 2256 3596 2324 sed
3651 2259 3762 2324 vix
3822 2257 4014 2324 credo
4057 2268 4194 2324 tam
4237 2260 4511 2344 impiam

2556 2342 2842 2409 sobolem
2886 2364 3074 2426 posse
3116 2342 3200 2409 ad
3243 2345 3515 2410 meliora
3558 2343 3751 2410 trahi.
3840 2343 4035 2425 Quod
4078 2342 4304 2411 scribit
4348 2343 4510 2409 Buz-

2555 2427 2834 2513 linyms
2875 2431 3098 2496 conari
3143 2452 3185 2497 a
3229 2429 3430 2497 Lasco
3488 2429 3742 2497 utinam
3785 2431 4051 2496 tandem
4094 2431 4507 2514 perficiatur:

2557 2535 2714 2580 nam
2770 2513 2961 2581 audio
3018 2537 3059 2581 a
3101 2513 3288 2582 Dano
3343 2516 3518 2582 male
3572 2525 3875 2601 exceptos
3930 2539 4014 2585 ex
4057 2516 4302 2602 Anglia
4359 2536 4509 2599 pro-

2550 2600 2746 2686 fugos
2789 2603 2929 2683 pios
2972 2600 3164 2685 idque
3207 2603 3464 2669 ratione
3507 2603 3738 2687 episco.
3766 2604 3848 2678 ¹²)
3892 2604 4002 2687 qui
4047 2603 4246 2669 verbo
4285 2601 4510 2668 Lateri

2557 2686 2892 2753 arrodunt.
2961 2688 3145 2754 Deus
3177 2690 3400 2754 omnia
3433 2695 3783 2772 componat
3816 2697 3884 2754 et
3924 2689 4047 2754 tibi
4079 2688 4231 2773 plus
4270 2688 4509 2773 quietis

2557 2781 2624 2838 et
2663 2774 2844 2856 pacis
2885 2773 3222 2858 largiatur,
3284 2783 3360 2839 nt
3402 2774 3663 2860 plenius
3706 2776 4045 2841 incumbas
4089 2775 4291 2841 sacris
4337 2786 4509 2840 trac·

2555 2857 2794 2926 tandis.
2858 2858 3029 2961 ‘Vale
3064 2881 3274 2960 quam·
3295 2862 3557 2960 optime.
3622 2860 3933 2927 Christus
3956 2860 4121 2926 faxit
4153 2868 4229 2926 ut
4262 2860 4512 2926 diutius

2556 2964 2743 3181 ’1ξὲιὲ
2744 2945 3000 3115 1ξὲἑὲἰο
3025 2946 3719 3098 masmae.
3754 2945 4132 3100 ⁰302th
4164 2946 4506 3098 85³Mm¹¹²¹²⁸¹²12

3586 3258 3768 3323 Tuus
3805 3266 3976 3324 totus
4011 3257 4335 3323 Fax-ellus.

3349 3587 3732 3596 -ffss--q—

3433 3855 3622 3926 1924.

2782 4009 3325 4078 GARNERIUS
3371 4010 3790 4079 CALVINO
3832 4009 4276 4079 FARELLO

3254 4112 3374 4178 m*
3418 4111 3787 4179 VIRE'PO.

2734 4282 2984 4348 Narrat
3023 4284 3178 4366 quid
3218 4303 3417 4365 nuper
3460 4283 3872 4351 Man-bachius
3913 4291 4166 4353 senam-s·
4201 4288 4510 4372 Aryento-

2559 4369 2835 4435 ratensis
2883 4374 3092 4434 orator
3141 4388 3354 4435 coram
3420 4372 3703 4436 concione
3757 4372 3927 4438 circa
3980 4380 4368 4439 sacramenta
4425 4376 4506 4438 ab

2558 4456 2697 4536 ipso
2728 4454 3142 4536 mactaverit
3182 4459 3238 4521 ct
3279 4454 3435 4538 quid
3477 4457 3615 4539 ipse
3654 4457 4056 4541 responderit.

2765 4744 2825 4812 7)
2862 4744 3207 4826 myrta.
3281 4746 3471 4803 Etiam
3505 4748 3637 4803 hacc
3668 4764 3772 4803 nos
3798 4749 4035 4818 {aym

2763 4882 2825 4948 9)
2859 4883 3016 4938 Haec
3048 4882 3237 4938 mia
3268 4886 3563 4939 sermm
3593 4886 4072 4940 ammi-ue
4094 4885 4368 4955 descripta
4389 4887 4506 4944 Fa-

2556 4954 2820 5088 mam)
2963 4968 3118 5075 ¹lest>
3290 4953 3352 5022 Γ
3510 4970 3533 5022 ⁵
3671 4955 3812 5007 Τ
4037 4953 4048 4968 0
4201 4993 4215 5006 ’

2733 5089 2822 5155 11)
2914 5107 2952 5142 n
2989 5089 3057 5144 de
3089 5090 3251 5145 Lord
3288 5089 3588 5160 Gourtency
3620 5090 3741 5145 carl
3770 5087 4191 5158 ot'Devonelu're
4221 5093 4508 5164 loquitar&

2729 5157 2821 5226 12)
2863 5156 3034 5227 Loqe:
3071 5159 3460 5229 episcoporum,
3496 5158 3613 5214 scil.
3648 5158 3864 5214 Paulus
3880 5158 4257 5232 Noviomagus
4290 5164 4506 5220 concio—

2555 5227 2982 5296 maulim,
3058 5227 3071 5240 '
3270 5228 4508 5302 eonnaflmmssmooduomiaeqnaau-

2557 5241 3340 5363 mmmmm
3391 5298 4146 5369 memoremur-dur.
4234 5299 4504 5368 Quium

2550 5366 2800 5435 patriam
2835 5379 3030 5421 noem
3066 5366 3177 5421 ab·
3206 5371 3258 5423 et
3291 5369 3405 5423 suis
3440 5367 3719 5423 amaus
3748 5368 4055 5438 quaerebat.
