4850 6200
480 466 612 530 311

475 649 636 734 plus
677 668 874 735 quam
920 654 1116 715 antea
1167 647 1480 715 effutivit:
1538 655 1993 731 praeterquam
2039 647 2215 712 enim
2261 646 2432 731 quod

478 755 715 802 omnes
774 756 895 801 008
947 734 1019 800 10
1077 755 1296 800 errore
1339 754 1416 800 ac
1458 733 1753 800 tenebris
1796 753 1938 799 esse
1982 733 2172 811 dicat,
2229 753 2429 816 quum

479 832 708 888 tamen
766 820 1037 887 ecclesia
1095 828 1321 886 nostra
1371 840 1492 904 per
1549 820 1771 884 omnia
1822 839 1971 884 cum
2017 827 2238 885 vestra
2279 838 2435 884 con-

477 907 760 985 sentiat,
826 905 1027 972 audet
1069 905 1253 971 velut
1303 906 1489 990 gigas
1532 906 1614 971 de
1657 916 2072 971 sacrosancta
2136 903 2436 969 trinitate

483 990 686 1058 verba
737 992 982 1058 faciens
1036 988 1269 1068 dicere,
1328 991 1461 1057 imo
1506 991 1807 1075 gloriari:
1868 999 2121 1056 turrem
2177 989 2350 1056 hanc
2392 1010 2436 1054 a

477 1077 928 1144 fundamentis
971 1086 1283 1143 evertam.
1372 1077 1605 1142 Altera
1646 1097 1804 1143 vero
1848 1086 1967 1153 081,
2011 1073 2186 1158 quod
2227 1096 2432 1158 quum

483 1162 658 1247 apud
694 1184 809 1228 vos
844 1172 997 1248 agat
1030 1177 1251 1229 noster
1285 1161 1550 1244 quidam
1578 1163 1796 1241 Italus,
1819 1167 1876 1247 ²)
1910 1161 2152 1247 probus
2187 1160 2433 1245 alioqui

480 1248 774 1328 iuvenis,
833 1249 910 1326 is,
967 1259 1045 1314 ut
1088 1249 1526 1331 suspicamur,
1587 1258 1656 1315 et
1709 1248 1846 1314 fere
1900 1268 1983 1313 ex
2038 1247 2177 1312 eius
2220 1247 2432 1312 literis

482 1332 568 1400 ad
611 1335 821 1399 civem
867 1334 1190 1433 quendam
1239 1355 1432 1399 suum
1478 1335 1737 1417 scriptis
1780 1340 2183 1417 compertum
2232 1332 2429 1399 habe-

480 1440 666 1499 mus,
726 1439 808 1485 ex
852 1440 992 1486 0108
1037 1419 1237 1486 001100
1280 1418 1460 1486 bibit.
1549 1421 1719 1485 Nam
1767 1431 1836 1485 et
1877 1420 2018 1503 ipse
2062 1419 2152 1485 de
2187 1419 2427 1504 tripar-

482 1506 606 1570 tita
635 1504 916 1589 quadam
959 1504 1308 1585 chimaera,
1325 1508 1381 1583 ⁸)
1421 1525 1614 1590 quam
1639 1503 1827 1572 nobis
1870 1505 2199 1590 impingit,
2241 1526 2428 1570 men-

481 1590 735 1656 tionem
791 1591 965 1659 facit.
1065 1590 1147 1657 Id
1201 1612 1359 1657 vero
1422 1592 1611 1657 nobis
1679 1593 1984 1657 timorem
2042 1591 2285 1658 incutit
2343 1612 2427 1656 00

479 1675 656 1743 idem
701 1695 852 1742 cum
897 1677 1046 1743 aliis
1087 1677 1435 1744 iuvenibus
1476 1678 1718 1743 vestris
1760 1677 1972 1743 faciat.
2039 1677 2257 1743 Tuum
2302 1677 2431 1742 erit

485 1760 589 1829 dis
638 1763 807 1828 icere
865 1772 933 1827 ct
987 1763 1361 1847 prospicere
1415 1784 1499 1828 ne
1558 1762 1712 1848 quid
1765 1762 1890 1830 hac
1948 1763 2017 1828 in
2074 1783 2146 1828 re
2205 1761 2427 1828 damni

483 1868 596 1914 000
623 1847 758 1913 0810
834 1856 1059 1913 vestra
1134 1857 1203 1914 et
1278 1850 1661 1932 praesertim
1742 1849 2057 1914 iuventus
2122 1850 2427 1933 patiatur.

484 1933 658 1999 Nam
694 1933 775 1998 de
809 1932 997 1998 vobis
1035 1933 1352 1999 ministris
1397 1945 1464 2001 et
1506 1934 1875 2001 doctoribus
1908 1934 2057 2018 quis
2093 1934 2196 1999 vel
2234 1935 2426 1999 mini-

484 2039 668 2084 mum
731 2019 1030 2085 timorem
1107 2019 1351 2085 habere
1417 2029 1613 2104 queat
1677 2021 1779 2085 vel
1846 2018 2126 2085 debeat?
2237 2018 2429 2085 Addo

483 2103 654 2188 quod
713 2102 872 2172 haec
930 2103 1103 2188 apud
1146 2125 1264 2171 vos
1322 2108 1579 2172 mansio
1622 2104 1914 2171 timenda
1955 2117 2073 2180 est,
2132 2126 2218 2171 ne
2262 2106 2433 2170 sicut

483 2189 614 2272 ipsi
655 2190 1018 2256 maximum
1057 2190 1346 2257 favorem
1385 2191 1705 2269 conciliat,
1750 2192 1844 2256 ita
1885 2189 2057 2274 apud
2091 2191 2254 2258 alios
2296 2211 2429 2257 non

486 2275 577 2340 sit
616 2276 890 2341 maximi
938 2275 1179 2354 damni,
1240 2287 1314 2342 ut
1357 2297 1486 2342 000
1533 2277 1856 2343 habeatur
1898 2276 2132 2343 saltem
2174 2297 2295 2362 pro
2337 2277 2434 2341 ita

485 2360 829 2445 pestilente
884 2371 952 2428 et
1003 2362 1363 2445 deplorato:
1426 2361 1666 2447 alioqui
1726 2384 1766 2428 a
1808 2361 1998 2428 vobis
2055 2382 2192 2428 non
2231 2365 2431 2429 sueti·

483 2457 771 2526 neretur,
815 2445 1054 2514 nedum
1101 2450 1182 2514 ab
1228 2447 1552 2532 aliquibus
1595 2447 1989 2514 laudaretur.
2056 2447 2241 2515 Haec
2275 2456 2435 2514 sunt

485 2553 656 2616 quae
720 2530 801 2596 ad
865 2542 932 2599 te
996 2532 1336 2601 scribenda
1398 2535 1470 2599 in
1549 2534 1981 2618 praesentiam
2062 2535 2435 2600 necessaria

486 2639 630 2684 esse
695 2619 1082 2685 existimavi.
1194 2620 1294 2685 Ea
1368 2628 1519 2685 tuae
1597 2620 1985 2704 prudentiae
2050 2639 2127 2686 ac
2202 2621 2432 2704 pietati

483 2702 958 2770 consideranda
1022 2705 1351 2789 relinquo,
1414 2717 1480 2771 01
1536 2707 1708 2771 81001
1772 2704 1852 2770 (10
1908 2726 2047 2781 100,
2114 2717 2215 2771 801
2279 2707 2434 2782 8010,

484 2809 746 2854 omnem
811 2790 1157 2856 candorem
1225 2791 1342 2856 tibi
1400 2790 1846 2873 persuadebis,
1915 2792 2010 2855 ita
2073 2792 2435 2857 Dominum

487 2874 962 2941 ardentissimis
1007 2878 1177 2942 votis
1222 2877 1461 2960 rogabo
1516 2886 1593 2941 ut
1633 2878 1868 2960 spiritu
1913 2877 2166 2943 consilii
2214 2879 2314 2943 sui
2359 2899 2435 2944 ac

483 2960 887 3026 fortitudinis
951 2962 1116 3026 velit
1179 2971 1254 3045 10,
1326 2982 1552 3046 103010
1615 2982 1690 3029 00
1754 2962 2135 3047 gubernare.
2248 2963 2436 3030 Bene

483 3047 652 3125 vale,
697 3046 790 3112 mi
824 3045 1204 3132 Bullinyere,
1250 3057 1319 3114 et
1361 3049 1520 3115 scito
1565 3067 1672 3114 me
1715 3069 1799 3114 ex
1844 3049 2063 3114 animo
2105 3057 2171 3115 te
2214 3069 2438 3116 amare

485 3143 556 3198 01
596 3132 960 3199 observare.

663 3216 918 3284 Datum
962 3219 1272 3286 Genevae
1316 3219 1421 3285 die
1473 3226 1569 3285 14.
1614 3220 2023 3287 Novembris.
2044 3222 2103 3305 ⁴)

1334 3356 1515 3422 'l'uus
1557 3355 1791 3425 Celsus
1832 3358 2310 3443 Martineugus.

1265 3618 1674 3629 -—-—-——-—-—-

1366 3853 1567 3926 2046.

567 4008 690 4074 LE
736 3992 1039 4075 SENAT
1083 4009 1208 4075 DE
1253 4010 1568 4075 BERNE
1615 4009 1804 4078 Aux
1855 4006 2361 4076 MINIs'rREs

822 4110 1004 4178 088
1049 4109 1461 4180 00188118
1507 4109 2108 4201 FRANQAISES.

666 4282 1009 4366 Injcnction
1063 4285 1138 4350 de
1194 4284 1525 4351 s’abstenir
1578 4285 1654 4351 de
1707 4288 1835 4349 tout
1890 4304 1953 4349 ce
1995 4283 2108 4367 qui
2135 4286 2441 4366 pourrait

492 4368 759 4436 troubler
807 4371 872 4437 la
915 4371 1084 4451 paiz
1140 4370 1215 4436 de
1273 4369 1537 4454 l'Eylise
1592 4375 1650 4436 ct
1695 4369 2271 4452 particulierement
2327 4371 2441 4436 des

488 4457 1098 4607 ffieaesseimozae
1151 4458 1265 4539 qui
1322 4462 1424 4521 ont
1465 4456 1686 4522 motive}
1727 4456 1815 4521 les
1845 4457 2125 4538 plaiae-s*
2165 4457 2240 4522 de
2283 4476 2440 4521 ceux

493 4714 783 4778 (Archivcs
831 4713 899 4766 (10
947 4711 1143 4770 Berne.
1192 4712 1404 4766 Welsch
1452 4712 1889 4767 Minima-Bu&
1926 4712 1992 4766 D.
2038 4711 2132 4765 fol.
2165 4710 2259 4778 80,
2306 4727 2440 4765 avec

491 4789 636 4836 cette
672 4781 1023 4849 inscription:
1062 4780 1191 4836 Den
1223 4781 1506 4838 weltschen
1540 4781 1781 4837 Classen.
1803 4782 1848 4838 ¹)
1900 4780 2115 4835 Ruchst
2148 4779 2438 4844 v11.299.)

695 4969 758 5100 {i
792 4970 883 5092 ¹0⁰2
908 4967 1485 5094 Ῑῗςῖηυῖῗᾶοῗῖῗνιῗῴι).
1549 5039 1686 5108 opp.
1725 5037 1877 5092 vm.
1913 5035 2027 5090 746.
2062 5036 2179 5091 827.

696 5107 759 5172 4)
865 5107 1058 5160 mlerus
1090 5108 1402 5177 (πάθοι-ἱραί.
1453 5104 1599 5161 1554.

493 5174 761 5238 20401)
805 5176 890 5230 On
942 5192 1296 5245 rmarquera
1356 5192 1458 5244 quc
1519 5174 1666 5229 Pe'da
1729 5174 1995 5228 s’adresse
2045 5176 2084 5230 ὰ
2137 5181 2310 5229 tontes
2358 5177 2438 5230 les

498 5244 711 5299 Classes
746 5251 793 5298 et
827 5246 1036 5299 n’entre
1080 5247 1223 5298 dans
1258 5261 1440 5299 aucun
1487 5242 1656 5298 detail
1684 5243 1986 5311 personnel.
2060 5242 2439 5300 Evidemmt

485 5316 541 5366 'le
581 5313 793 5367 0003011
837 5315 1044 5368 voulait
1089 5310 1315 5367 re'mblir
1362 5315 1415 5365 la
1460 5315 1597 5379 poia:
1644 5329 1752 5380 par
1793 5312 1842 5365 le
1877 5311 2084 5366 silence.
2162 5312 2343 5384 Comp.
2380 5315 2438 5368 la

473 5383 635 5452 piace
668 5385 933 5438 emicante.
1003 5381 1252 5448 (Ructat
1284 5380 1380 5434 v1.
1419 5380 1560 5447 122.)

1988 457 2517 528 EPIS'POLAE
2561 458 2988 522 2045—2048

4366 458 4499 520 312

2710 642 3070 730 Ladvoyer
3125 650 3196 709 et
3235 640 3502 709 Ocnseil
3560 640 3642 708 de
3682 641 3921 709 Bcrue.
4009 642 4250 710 Nostre
4307 643 4484 710 salu-

2536 730 2764 807 tation,
2813 727 3248 795 honnorables
3303 727 3486 795 docte
3536 736 3843 795 800νοοω
3894 727 4088 796 011018
4127 744 4196 797 et
4236 750 4483 815 aymes.

2535 815 2634 881 Ilz
2676 835 2841 882 nous
2898 825 3017 881 ont
3077 813 3304 882 nobles
3355 814 3570 899 801308
3611 821 3681 880 01
3720 813 4036 899 prudente
4075 836 4244 882 nous
4286 816 4483 882 chere

2536 922 2726 986 amys
2790 910 2859 967 et
2921 899 3410 986 combcurgeois
3473 898 3862 984 Sindicques
3939 910 4010 966 et
4068 899 4334 968 Oonseil
4400 901 4484 967 de

2537 986 2811 1055 Geneve
2874 1007 2996 1071 par
3056 986 3288 1053 lettres
3305 987 3361 1066 ²)
3420 985 3577 1051 faict
3628 986 3976 1064 entendre,
4044 1007 4295 1053 comme
4357 1008 4485 1072 par

2532 1072 2712 1139 leurs
2768 1073 3157 1158 prescheurs
3213 1081 3448 1158 seyent
3502 1071 3790 1140 advertis
3846 1092 4086 1156 pource
4143 1093 4269 1157 que
4322 1093 4484 1142 avoc

2534 1157 2749 1244 grand
2825 1158 3132 1226 scandale
3194 1157 3277 1224 de
3338 1157 3709 1243 Levangile
3784 1157 3933 1223 leur
4007 1157 4298 1225 doctrine
4359 1179 4489 1244 par

2534 1244 2808 1311 0010008
2843 1243 2924 1310 (10
2966 1266 3133 1311 0008
3176 1241 3566 1327 prescheurs
3599 1252 3668 1309 et
3699 1243 3945 1310 0011108
3988 1244 4311 1312 soubiectz
4355 1245 4483 1311 soit

2534 1340 2671 1397 este
2737 1331 3052 1407 blasmee,
3122 1329 3286 1396 dont
3347 1350 3516 1413 pour
3573 1329 3894 1396 remedier
3957 1349 3997 1394 a
4051 1330 4140 1396 tel
4194 1330 4329 1396 mal
4385 1330 4489 1396 Ila

2534 1417 2796 1483 avoient
2861 1415 3146 1482 delibere
3213 1415 3293 1482 de
3359 1416 3650 1481 recourir
3713 1437 3868 1482 vers
3932 1436 4099 1482 nous
4159 1436 4331 1502 pour
4396 1437 4481 1484 en

2531 1503 2696 1569 faire
2761 1501 3083 1586 plaintiff,
3109 1505 3163 1580 ⁸)
3229 1512 3296 1567 et
3359 1521 3526 1566 nous
3586 1502 3763 1585 prier
3827 1501 3917 1587 dy
3972 1512 4212 1568 mettre
4265 1503 4483 1568 ordre.

2534 1586 2634 1654 Or
2691 1609 2857 1673 pour
2912 1607 2987 1654 ce
3042 1608 3168 1672 que
3225 1588 3289 1653 10
3344 1586 3559 1653 bruict
3627 1586 3708 1653 de
3764 1587 3952 1654 telles
4013 1587 4312 1655 diffames
4375 1598 4475 1656 est

2533 1672 2743 1758 grand
2787 1684 2854 1740 01
2888 1673 3211 1740 maulvais
3246 1684 3314 1740 et
3347 1694 3475 1756 que
3508 1673 3796 1739 redonde
3831 1693 3871 1738 a
3905 1673 4115 1759 grand
4157 1675 4478 1758 opprobre

2533 1781 2697 1843 pour
2741 1770 2919 1826 toute
2963 1760 3027 1825 la
3068 1762 3437 1837 crestiente,
3483 1758 3628 1824 leur
3670 1779 3711 1823 a
3753 1760 3999 1827 semble
4044 1761 4169 1827 bon
4213 1781 4338 1845 000
4382 1762 4483 1827 108

2535 1845 2703 1913 (11018
2746 1847 3081 1912 ministres
3135 1857 3403 1912 eussent
3457 1865 3720 1912 recours
3761 1866 3882 1910 ver
3923 1868 4087 1913 nous
4130 1858 4251 1913 etc.
4338 1846 4484 1914 Sur

2533 1953 2607 1998 ce
2649 1952 2819 1998 nous
2874 1940 2993 1997 ont
3048 1930 3310 1998 lesdicts
3366 1930 3702 1997 ministres
3758 1930 3839 1996 de
3894 1931 4166 2000 Geneve
4233 1935 4479 2017 escript

2534 2037 2620 2083 au
2675 2030 2955 2084 0001000
3011 2015 3098 2082 (10
3158 2017 3392 2084 double
3462 2014 3542 2083 (10
3609 2016 3791 2083 10018
3856 2017 4086 2084 lettres
4151 2019 4480 2104 cycncloz.

2535 2101 2636 2169 Or
2695 2112 2931 2189 ayants
2992 2102 3294 2170 lesdictes
3355 2102 3586 2169 lettres
3648 2103 3800 2169 bien
3866 2103 4228 2171 entendues
4284 2113 4354 2172 01
4414 2105 4482 2170 la

2534 2189 2835 2255 mattiere
2890 2188 3265 2274 consydere.
3325 2189 3863 2273 principalement
3905 2189 4000 2255 les
4042 2189 4483 2257 diffamatione

2535 2284 2601 2339 et
2665 2273 2945 2341 blasmes
3011 2295 3093 2340 00
3143 2275 3369 2360 3001108
3429 2275 3796 2341 mentiones
3853 2297 3935 2341 00
3991 2296 4195 2341 avons
4248 2296 4481 2343 receuz

2535 2360 2917 2445 tresgrands
2962 2359 3304 2446 deplaisirs
3347 2370 3416 2425 et
3457 2371 3712 2445 regrets
3746 2382 3908 2427 veuz
3939 2381 4064 2446 000
4099 2384 4220 2446 par
4254 2361 4489 2447 3001108

2532 2446 2631 2512 108
2674 2446 2943 2531 08311808
2978 2467 3113 2514 000
3145 2446 3508 2513 seulement
3535 2456 3683 2512 sont
3717 2446 4042 2513 troublees
4074 2449 4242 2513 mais
4286 2469 4483 2534 aussy

2537 2532 2850 2598 offensees
2895 2541 2963 2599 et
3005 2531 3469 2610 scandalisees,
3531 2542 3597 2597 01
3639 2553 3982 2599 0011101000
4025 2536 4200 2617 90111,
4256 2535 4483 2611 00100,

2539 2618 2942 2700 110000111110
2988 2617 3377 2685 Ohrestiene
3420 2618 3671 2684 amittis
3714 2629 3781 2685 et
3822 2618 4166 2685 fraternite
4207 2639 4489 2704 ruynee‚

2539 2713 2605 2768 et
2648 2703 2978 2770 ensemble
3020 2704 3228 2789 grand
3252 2714 3321 2769 et
3348 2706 3549 2789 petits
3592 2704 4170 2772 mervileusement
4213 2706 4487 2772 scanda-

2538 2790 2713 2855 lisez.
2799 2791 2983 2856 Dcnt
3024 2792 3316 2856 cussions
3363 2791 3511 2857 bien
3556 2811 3756 2873 pense
3799 2799 3866 2856 et
3908 2813 4074 2857 nous
4118 2794 4326 2857 confie
4360 2812 4493 2872 que

2537 2875 2637 2941 les
2679 2877 3143 2960 personnaiges
3187 2896 3483 2941 nommes
3526 2875 3802 2943 esdictes
3837 2876 4062 2943 lettres
4096 2900 4166 2943 se
4199 2879 4490 2944 feussent

2542 2961 2622 3027 de
2656 2961 2796 3027 cela
2832 2961 3208 3046 depourttez
3245 2972 3313 3027 et
3348 2962 3496 3028 bien
3533 2963 3890 3048 consydere
3926 2964 3991 3028 10
4024 2984 4491 3048 consequence,

2541 3067 2705 3132 pour
2738 3047 2964 3115 obvier
2996 3069 3067 3115 08
3103 3048 3409 3126 troubles,
3452 3048 3821 3128 fascheries,
3858 3047 4191 3128 divisione,
4237 3049 4488 3117 dissen-

2544 3134 2743 3212 sicns,
2802 3154 3040 3219 noyses
3082 3146 3150 3200 et
3192 3133 3516 3218 plusieurs
3559 3135 3803 3201 aultres
3847 3136 4071 3201 maulx
4116 3157 4493 3220 provenans

2544 3219 2625 3285 de
2666 3241 2742 3286 ce
2785 3219 2879 3286 018
2903 3225 2938 3258 ¹*
2980 3220 3277 3304 Esglises
3334 3239 3533 3304 aussy
3577 3241 3647 3286 08
3690 3221 3873 3287 (10018
3916 3231 3982 3286 01
4015 3223 4360 3308 3081101010
4402 3244 4489 3288 00

2544 3306 2609 3370 10
2653 3306 2899 3373 saincte
2932 3306 3309 3389 escripture,
3356 3306 3809 3390 pareillement
3843 3329 3926 3373 au
3963 3308 4197 3392 simple
4230 3309 4491 3393 peuple,

2545 3412 2749 3476 voyre
2810 3391 3106 3458 feussent
3167 3400 3341 3457 estez
3402 3412 3620 3458 mors
3675 3392 3788 3459 des
3845 3406 4366 3461 remonstrances
4419 3407 4489 3460 et

2542 3476 2981 3543 admonitions
3024 3497 3096 3542 es
3130 3475 3424 3544 derniers
3461 3478 3819 3562 chapittres
3854 3499 3973 3564 par
4006 3502 4171 3547 nous
4212 3484 4491 3546 commis

2542 3562 2771 3629 faictes
2830 3562 3284 3647 pareillement
3339 3584 3379 3628 a
3436 3584 3599 3629 nous
3663 3564 4139 3640 ordonnances,
4214 3576 4489 3644 estatus,

2543 3648 3018 3728 mandements,
3063 3648 3268 3715 edicta
3325 3659 3393 3716 01
3448 3650 3930 3731 exhortatione,
3987 3672 4156 3735 pour
4198 3663 4483 3719 entrctc-

2544 3743 2727 3800 ment
2749 3739 2784 3774 ¹*
2827 3734 2908 3800 de
2952 3735 3134 3818 paix,
3191 3735 3394 3801 union
3469 3736 3894 3820 tranquillite,
3940 3737 4276 3817 concorde,
4336 3742 4430 3804 018
4451 3745 4489 3780 *

2543 3820 2837 3904 Esglises
2894 3843 3094 3906 aussy
3150 3821 3525 3888 fraternelle
3583 3820 3915 3898 dilection,
3988 3845 4109 3907 par
4163 3823 4491 3908 cydevant

2541 3927 2897 3986 esmanees‚
2955 3908 3138 3973 Dcnt
3187 3929 3309 3992 par
3362 3910 3563 3989 justes
3616 3929 3892 3993 raysons
3950 3909 4210 3977 lesdicts
4268 3921 4489 3977 trans-

2542 4012 2880 4075 310880018
2939 3995 3241 4060 00101001
3296 3993 3449 4059 bien
3501 3995 3734 4059 merite
3789 4003 4012 4061 nostre
4070 3996 4318 4081 griefve
4359 4018 4486 4081 pu-

2541 4079 2768 4156 nition,
2829 4088 2897 4145 et
2949 4090 3380 4146 mesmement
3423 4081 3861 4147 bauissement
3903 4081 4062 4146 hors
4106 4103 4273 4148 nous
4314 4104 4491 4168 pays

2542 4175 2608 4228 et
2664 4171 2872 4230 terres
2926 4164 3158 4232 lannee
3224 4186 3453 4250 908800
3509 4187 3860 4232 1110008800.
3881 4168 3940 4247 ⁴)
4040 4168 4487 4254 Touttesfoys,

2541 4271 2706 4334 pour
2747 4272 2821 4317 ce
2862 4270 3025 4333 coup
3062 4251 3240 4318 leurs
3281 4253 3553 4318 voulans
3590 4252 3670 4318 de
3713 4252 4072 4337 8103011010
4106 4274 4300 4338 grace
4333 4275 4487 4338 par-

2541 4335 2810 4412 donner,
2854 4356 3165 4420 esperans
3186 4359 3311 4422 000
3353 4360 3433 4424 cy
3456 4359 3647 4424 apres
3679 4359 3765 4404 00
3806 4346 4267 4405 commettrcnt
4301 4339 4493 4408 telles

2540 4440 2622 4485 00
2657 4419 3042 4489 semblables
3065 4423 3319 4502 faultes,
3344 4445 3553 4491 avons
3575 4433 3720 4490 tous
3744 4425 4236 4510 3000101010001
4259 4437 4325 4491 01
4344 4447 4491 4512 ung

2539 4505 2821 4573 chescun
2877 4509 3474 4591 particulierement
3521 4521 4013 4595 expressemeut
4049 4510 4364 4577 mandans
4416 4522 4489 4578 01

2538 4592 3004 4660 commandans
3030 4616 3110 4661 en
3136 4606 3283 4662 tant
3310 4618 3436 4682 000
3461 4595 3732 4681 desyres
3761 4594 4043 4662 devitter
4066 4609 4290 4662 nostre
4311 4598 4495 4664 male

2777 4681 3024 4765 griefve
3059 4683 3361 4765 punition
3412 4691 3478 4748 et
3525 4681 3773 4748 susdict
3823 4681 4311 4748 bannissement
4355 4705 4486 4769 quc

2583 4774 2981 4832 cresnavant
3042 4790 3205 4835 vous
3278 4789 3435 4854 ayes
3501 4788 3541 4832 a
3601 4766 3948 4851 depourter
4002 4767 4082 4834 de
4145 4769 4355 4835 ticulx
4411 4781 4483 4836 01

2538 4850 2927 4918 semblables
2962 4854 3336 4940 0011101308,
3383 4853 3680 4929 blasmes,
3726 4854 3973 4933 envies,
4018 4854 4482 4930 diffamatione.

2537 4936 2904 5018 offensione,
2949 4939 3306 5016 scandales,
3348 4939 3824 5006 concertaticns
3858 4941 4082 5006 vaines
4117 4956 4185 5006 et
4216 4941 4489 5008 frivolos

2538 5021 2993 5107 disputatione,
3038 5047 3112 5092 ce
3155 5035 3307 5110 scyt
3348 5024 3878 5108 publicquement
3920 5047 4002 5092 ou
4046 5039 4490 5096 secrctemeut

2737 5246 2799 5314 2)
2836 5247 2981 5303 Oeno
3007 5247 3157 5316 pisce
3188 5263 3256 5301 ne
3288 5248 3415 5304 s’eet
3438 5249 3603 5317 point
3633 5247 3849 5303 trouve}
3880 5265 3995 5304 aaz·
4032 5250 4305 5306 Arabim.

2739 5315 2800 5380 3)
2843 5315 3022 5385 Oomp.
3056 5315 3196 5370 2020
3229 5320 3366 5372 suiv.

2740 5382 2802 5451 4)
2839 5383 2889 5441 7.
2925 5385 3072 5441 Δοιὶι
3106 5384 3260 5440 1553.
3332 5386 3553 5443 Rue-hat
3588 5386 3681 5442 v1.
3713 5385 3835 5442 496.
