<?xml version="1.0" encoding="UTF-8"?>
<!DOCTYPE html PUBLIC "-//W3C//DTD XHTML 1.0 Transitional//EN"
    "http://www.w3.org/TR/xhtml1/DTD/xhtml1-transitional.dtd">
<html xmlns="http://www.w3.org/1999/xhtml" xml:lang="en" lang="en">
 <head>
  <title>
</title>
<meta http-equiv="Content-Type" content="text/html;charset=utf-8" />
  <meta name='ocr-system' content='tesseract 3.04.00' />
  <meta name='ocr-capabilities' content='ocr_page ocr_carea ocr_par ocr_line ocrx_word'/>
</head>
<body>
  <div class='ocr_page' id='page_1' title='image "./ioanniscalvinio09unkngoog_0133.png"; bbox 0 0 4850 6200; ppageno 0'>
   <div class='ocr_carea' id='block_1_1' title="bbox 11 1112 91 6162">
    <p class='ocr_par' dir='ltr' id='par_1_1' title="bbox 11 1112 91 6162">
     <span class='ocr_line' id='line_1_1' title="bbox 11 1112 91 6162; baseline 0 0"><span class='ocrx_word' id='word_1_1' title='bbox 11 1112 91 6162; x_wconf 95' lang='lat' dir='ltr'><strong> </strong></span> 
     </span>
    </p>
   </div>
   <div class='ocr_carea' id='block_1_2' title="bbox 312 437 413 499">
    <p class='ocr_par' dir='ltr' id='par_1_2' title="bbox 312 437 413 499">
     <span class='ocr_line' id='line_1_2' title="bbox 312 437 413 499; baseline 0.01 -1"><span class='ocrx_word' id='word_1_2' title='bbox 312 437 413 499; x_wconf 79' lang='lat'><strong>269</strong></span> 
     </span>
    </p>
   </div>
   <div class='ocr_carea' id='block_1_3' title="bbox 281 619 2224 2409">
    <p class='ocr_par' dir='ltr' id='par_1_3' title="bbox 281 619 2224 2409">
     <span class='ocr_line' id='line_1_3' title="bbox 307 619 2222 709; baseline -0.001 -21"><span class='ocrx_word' id='word_1_3' title='bbox 307 622 576 709; x_wconf 76' lang='lat' dir='ltr'><strong>plectitur</strong></span> <span class='ocrx_word' id='word_1_4' title='bbox 593 673 610 700; x_wconf 95' lang='lat'><strong>,</strong></span> <span class='ocrx_word' id='word_1_5' title='bbox 667 620 748 686; x_wconf 89' lang='lat' dir='ltr'><strong>de</strong></span> <span class='ocrx_word' id='word_1_6' title='bbox 792 621 1165 687; x_wconf 75' lang='lat' dir='ltr'><strong>div-inarum</strong></span> <span class='ocrx_word' id='word_1_7' title='bbox 1221 640 1648 704; x_wconf 85' lang='lat' dir='ltr'><strong>personarum</strong></span> <span class='ocrx_word' id='word_1_8' title='bbox 1692 619 2222 703; x_wconf 88' lang='lat' dir='ltr'><strong>proprietatibus,</strong></span> 
     </span>
     <span class='ocr_line' id='line_1_4' title="bbox 307 705 2224 791; baseline -0.002 -16"><span class='ocrx_word' id='word_1_9' title='bbox 307 710 371 775; x_wconf 84' lang='lat' dir='ltr'><strong>dc</strong></span> <span class='ocrx_word' id='word_1_10' title='bbox 403 708 825 791; x_wconf 81' lang='lat' dir='ltr'><strong>patefactione</strong></span> <span class='ocrx_word' id='word_1_11' title='bbox 867 708 997 774; x_wconf 87' lang='lat' dir='ltr'><strong>Dei</strong></span> <span class='ocrx_word' id='word_1_12' title='bbox 1051 705 1152 771; x_wconf 74' lang='grc' dir='ltr'><strong>διὰ</strong></span> <span class='ocrx_word' id='word_1_13' title='bbox 1196 707 1369 788; x_wconf 74' lang='grc' dir='ltr'><strong><em>λόγου</em></strong></span> <span class='ocrx_word' id='word_1_14' title='bbox 1412 711 1517 771; x_wconf 70' lang='grc' dir='ltr'><strong>καὶ</strong></span> <span class='ocrx_word' id='word_1_15' title='bbox 1555 706 1885 785; x_wconf 69' lang='grc' dir='ltr'><strong><em>πνεύματος</em></strong></span> <span class='ocrx_word' id='word_1_16' title='bbox 1947 707 2019 771; x_wconf 92' lang='lat' dir='ltr'><strong>in</strong></span> <span class='ocrx_word' id='word_1_17' title='bbox 2063 728 2224 772; x_wconf 85' lang='lat' dir='ltr'><strong>vera</strong></span> 
     </span>
     <span class='ocr_line' id='line_1_5' title="bbox 307 792 2220 861; baseline -0.002 0"><span class='ocrx_word' id='word_1_18' title='bbox 307 794 696 861; x_wconf 69' lang='lat' dir='ltr'><strong>conversione</strong></span> <span class='ocrx_word' id='word_1_19' title='bbox 766 815 884 860; x_wconf 88' lang='lat' dir='ltr'><strong>seu</strong></span> <span class='ocrx_word' id='word_1_20' title='bbox 954 793 1413 860; x_wconf 90' lang='lat' dir='ltr'><strong>consolatione.</strong></span> <span class='ocrx_word' id='word_1_21' title='bbox 1519 793 1623 858; x_wconf 92' lang='lat' dir='ltr'><strong>De</strong></span> <span class='ocrx_word' id='word_1_22' title='bbox 1679 792 1784 857; x_wconf 84' lang='lat' dir='ltr'><strong>his</strong></span> <span class='ocrx_word' id='word_1_23' title='bbox 1850 792 2055 857; x_wconf 87' lang='lat' dir='ltr'><strong>tantis</strong></span> <span class='ocrx_word' id='word_1_24' title='bbox 2117 813 2220 858; x_wconf 86' lang='lat' dir='ltr'><strong>re-</strong></span> 
     </span>
     <span class='ocr_line' id='line_1_6' title="bbox 302 879 2219 963; baseline -0.002 -16"><span class='ocrx_word' id='word_1_25' title='bbox 302 881 400 947; x_wconf 78' lang='lat' dir='ltr'><strong>bus</strong></span> <span class='ocrx_word' id='word_1_26' title='bbox 425 881 713 945; x_wconf 80' lang='lat' dir='ltr'><strong>maxime</strong></span> <span class='ocrx_word' id='word_1_27' title='bbox 755 889 975 945; x_wconf 89' lang='lat' dir='ltr'><strong>tecum</strong></span> <span class='ocrx_word' id='word_1_28' title='bbox 1006 879 1182 962; x_wconf 88' lang='lat' dir='ltr'><strong>loqui</strong></span> <span class='ocrx_word' id='word_1_29' title='bbox 1225 899 1551 963; x_wconf 85' lang='lat' dir='ltr'><strong>cuperem,</strong></span> <span class='ocrx_word' id='word_1_30' title='bbox 1588 898 1780 963; x_wconf 90' lang='lat' dir='ltr'><strong>quem</strong></span> <span class='ocrx_word' id='word_1_31' title='bbox 1817 879 1950 944; x_wconf 92' lang='lat' dir='ltr'><strong>scio</strong></span> <span class='ocrx_word' id='word_1_32' title='bbox 1995 899 2219 944; x_wconf 90' lang='lat' dir='ltr'><strong>aman-</strong></span> 
     </span>
     <span class='ocr_line' id='line_1_7' title="bbox 302 964 2218 1047; baseline -0.002 -16"><span class='ocrx_word' id='word_1_33' title='bbox 302 974 412 1031; x_wconf 86' lang='lat' dir='ltr'><strong>tem</strong></span> <span class='ocrx_word' id='word_1_34' title='bbox 449 986 592 1030; x_wconf 87' lang='lat' dir='ltr'><strong>esse</strong></span> <span class='ocrx_word' id='word_1_35' title='bbox 630 966 957 1042; x_wconf 82' lang='lat' dir='ltr'><strong>veritatis,</strong></span> <span class='ocrx_word' id='word_1_36' title='bbox 1019 974 1088 1030; x_wconf 91' lang='lat' dir='ltr'><strong>et</strong></span> <span class='ocrx_word' id='word_1_37' title='bbox 1143 986 1278 1030; x_wconf 89' lang='lat' dir='ltr'><strong>non</strong></span> <span class='ocrx_word' id='word_1_38' title='bbox 1320 965 1564 1031; x_wconf 90' lang='lat' dir='ltr'><strong>habere</strong></span> <span class='ocrx_word' id='word_1_39' title='bbox 1606 964 1899 1029; x_wconf 90' lang='lat' dir='ltr'><strong>animum</strong></span> <span class='ocrx_word' id='word_1_40' title='bbox 1943 983 2218 1047; x_wconf 90' lang='lat' dir='ltr'><strong>occupa-</strong></span> 
     </span>
     <span class='ocr_line' id='line_1_8' title="bbox 298 1049 2218 1131; baseline -0.001 -14"><span class='ocrx_word' id='word_1_41' title='bbox 298 1062 417 1117; x_wconf 84' lang='lat' dir='ltr'><strong>tum</strong></span> <span class='ocrx_word' id='word_1_42' title='bbox 454 1050 648 1131; x_wconf 86' lang='lat' dir='ltr'><strong>odiis,</strong></span> <span class='ocrx_word' id='word_1_43' title='bbox 704 1060 820 1118; x_wconf 89' lang='lat' dir='ltr'><strong>aut</strong></span> <span class='ocrx_word' id='word_1_44' title='bbox 873 1052 1019 1117; x_wconf 88' lang='lat' dir='ltr'><strong>aliis</strong></span> <span class='ocrx_word' id='word_1_45' title='bbox 1077 1052 1297 1117; x_wconf 88' lang='lat' dir='ltr'><strong>stultis</strong></span> <span class='ocrx_word' id='word_1_46' title='bbox 1341 1051 1700 1117; x_wconf 85' lang='lat' dir='ltr'><strong>affectibus.</strong></span> <span class='ocrx_word' id='word_1_47' title='bbox 1789 1049 1903 1116; x_wconf 81' lang='lat' dir='ltr'><strong>Sic</strong></span> <span class='ocrx_word' id='word_1_48' title='bbox 1946 1050 2041 1113; x_wconf 89' lang='lat' dir='ltr'><strong>ait</strong></span> <span class='ocrx_word' id='word_1_49' title='bbox 2083 1051 2218 1115; x_wconf 89' lang='lat' dir='ltr'><strong>Na-</strong></span> 
     </span>
     <span class='ocr_line' id='line_1_9' title="bbox 299 1135 2220 1243; baseline -0.002 -40"><span class='ocrx_word' id='word_1_50' title='bbox 299 1138 616 1203; x_wconf 79' lang='lat' dir='ltr'><strong>zianzenus</strong></span> <span class='ocrx_word' id='word_1_51' title='bbox 669 1135 764 1199; x_wconf 69' lang='lat' dir='ltr'><strong>’Ex</strong></span> <span class='ocrx_word' id='word_1_52' title='bbox 807 1136 1008 1220; x_wconf 63' lang='grc' dir='ltr'><strong><em>φατὸς</em></strong></span> <span class='ocrx_word' id='word_1_53' title='bbox 1062 1139 1166 1200; x_wconf 81' lang='grc' dir='ltr'><strong>τοῦ</strong></span> <span class='ocrx_word' id='word_1_54' title='bbox 1220 1136 1449 1243; x_wconf 46' lang='grc' dir='ltr'><strong><em>πατρός</em></strong></span> <span class='ocrx_word' id='word_1_55' title='bbox 1502 1138 1636 1220; x_wconf 70' lang='grc' dir='ltr'><strong>φῦς</strong></span> <span class='ocrx_word' id='word_1_56' title='bbox 1693 1135 2220 1219; x_wconf 75' lang='grc' dir='ltr'><strong><em>καταλαμβάνομεν</em></strong></span> 
     </span>
     <span class='ocr_line' id='line_1_10' title="bbox 295 1223 2218 1310; baseline -0.001 -24"><span class='ocrx_word' id='word_1_57' title='bbox 295 1224 378 1287; x_wconf 68' lang='grc' dir='ltr'><strong>τὸν</strong></span> <span class='ocrx_word' id='word_1_58' title='bbox 410 1223 526 1286; x_wconf 74' lang='grc' dir='ltr'><strong>υἱὸν</strong></span> <span class='ocrx_word' id='word_1_59' title='bbox 568 1225 630 1288; x_wconf 75' lang='grc' dir='ltr'><strong>ἓν</strong></span> <span class='ocrx_word' id='word_1_60' title='bbox 671 1228 830 1306; x_wconf 67' lang='lat'><strong>9011</strong></span> <span class='ocrx_word' id='word_1_61' title='bbox 867 1225 962 1308; x_wconf 77' lang='grc' dir='ltr'><strong>τῷ</strong></span> <span class='ocrx_word' id='word_1_62' title='bbox 1002 1223 1296 1303; x_wconf 67' lang='grc' dir='ltr'><strong>πνεύματι</strong></span> <span class='ocrx_word' id='word_1_63' title='bbox 1338 1232 1515 1310; x_wconf 77' lang='grc' dir='ltr'><strong><em>αγίφ.</em></strong></span> <span class='ocrx_word' id='word_1_64' title='bbox 1602 1223 1751 1287; x_wconf 81' lang='lat' dir='ltr'><strong>Etsi</strong></span> <span class='ocrx_word' id='word_1_65' title='bbox 1795 1243 2004 1305; x_wconf 83' lang='lat' dir='ltr'><strong>pauca</strong></span> <span class='ocrx_word' id='word_1_66' title='bbox 2061 1233 2218 1288; x_wconf 86' lang='lat' dir='ltr'><strong>sunt</strong></span> 
     </span>
     <span class='ocr_line' id='line_1_11' title="bbox 296 1307 2216 1394; baseline -0.002 -18"><span class='ocrx_word' id='word_1_67' title='bbox 296 1311 410 1376; x_wconf 85' lang='lat' dir='ltr'><strong>eius</strong></span> <span class='ocrx_word' id='word_1_68' title='bbox 447 1311 785 1393; x_wconf 89' lang='lat' dir='ltr'><strong>scriptoris</strong></span> <span class='ocrx_word' id='word_1_69' title='bbox 829 1307 1003 1374; x_wconf 87' lang='lat' dir='ltr'><strong>diota</strong></span> <span class='ocrx_word' id='word_1_70' title='bbox 1045 1309 1126 1374; x_wconf 91' lang='lat' dir='ltr'><strong>de</strong></span> <span class='ocrx_word' id='word_1_71' title='bbox 1169 1309 1284 1374; x_wconf 87' lang='lat' dir='ltr'><strong>illa</strong></span> <span class='ocrx_word' id='word_1_72' title='bbox 1340 1308 1677 1394; x_wconf 77' lang='lat' dir='ltr'><strong>agnitione</strong></span> <span class='ocrx_word' id='word_1_73' title='bbox 1720 1307 1850 1373; x_wconf 92' lang='lat' dir='ltr'><strong>Dei</strong></span> <span class='ocrx_word' id='word_1_74' title='bbox 1906 1328 2072 1390; x_wconf 88' lang='lat' dir='ltr'><strong>quae</strong></span> <span class='ocrx_word' id='word_1_75' title='bbox 2114 1308 2216 1373; x_wconf 89' lang='lat' dir='ltr'><strong>lu-</strong></span> 
     </span>
     <span class='ocr_line' id='line_1_12' title="bbox 294 1392 2216 1473; baseline -0.002 -11"><span class='ocrx_word' id='word_1_76' title='bbox 294 1404 378 1462; x_wconf 86' lang='lat' dir='ltr'><strong>cet</strong></span> <span class='ocrx_word' id='word_1_77' title='bbox 412 1396 478 1460; x_wconf 91' lang='lat' dir='ltr'><strong>in</strong></span> <span class='ocrx_word' id='word_1_78' title='bbox 524 1416 682 1460; x_wconf 86' lang='lat' dir='ltr'><strong>vera</strong></span> <span class='ocrx_word' id='word_1_79' title='bbox 725 1395 1186 1473; x_wconf 78' lang='lat' dir='ltr'><strong>consolatione,</strong></span> <span class='ocrx_word' id='word_1_80' title='bbox 1233 1409 1454 1461; x_wconf 89' lang='lat' dir='ltr'><strong>tamen</strong></span> <span class='ocrx_word' id='word_1_81' title='bbox 1492 1395 1613 1461; x_wconf 89' lang='lat' dir='ltr'><strong>hoc</strong></span> <span class='ocrx_word' id='word_1_82' title='bbox 1649 1393 1821 1459; x_wconf 85' lang='lat' dir='ltr'><strong>dicto</strong></span> <span class='ocrx_word' id='word_1_83' title='bbox 1856 1392 2216 1459; x_wconf 84' lang='lat' dir='ltr'><strong>delectatus</strong></span> 
     </span>
     <span class='ocr_line' id='line_1_13' title="bbox 292 1481 2216 1566; baseline -0.001 -18"><span class='ocrx_word' id='word_1_84' title='bbox 292 1503 439 1548; x_wconf 84' lang='lat' dir='ltr'><strong>sum:</strong></span> <span class='ocrx_word' id='word_1_85' title='bbox 491 1481 668 1565; x_wconf 89' lang='lat' dir='ltr'><strong>quod</strong></span> <span class='ocrx_word' id='word_1_86' title='bbox 711 1483 957 1547; x_wconf 90' lang='lat' dir='ltr'><strong>inserui</strong></span> <span class='ocrx_word' id='word_1_87' title='bbox 1000 1481 1153 1547; x_wconf 89' lang='lat' dir='ltr'><strong>huic</strong></span> <span class='ocrx_word' id='word_1_88' title='bbox 1196 1481 1537 1566; x_wconf 88' lang='lat' dir='ltr'><strong>epistolae,</strong></span> <span class='ocrx_word' id='word_1_89' title='bbox 1591 1481 1745 1564; x_wconf 88' lang='lat' dir='ltr'><strong>quia</strong></span> <span class='ocrx_word' id='word_1_90' title='bbox 1801 1481 1921 1545; x_wconf 88' lang='lat' dir='ltr'><strong>tibi</strong></span> <span class='ocrx_word' id='word_1_91' title='bbox 1963 1501 2216 1563; x_wconf 90' lang='lat' dir='ltr'><strong>quoque</strong></span> 
     </span>
     <span class='ocr_line' id='line_1_14' title="bbox 290 1565 2212 1653; baseline -0.002 -20"><span class='ocrx_word' id='word_1_92' title='bbox 290 1578 516 1653; x_wconf 79' lang='lat' dir='ltr'><strong>gratam</strong></span> <span class='ocrx_word' id='word_1_93' title='bbox 561 1568 701 1632; x_wconf 84' lang='lat' dir='ltr'><strong>fore</strong></span> <span class='ocrx_word' id='word_1_94' title='bbox 744 1569 886 1633; x_wconf 90' lang='lat' dir='ltr'><strong>eius</strong></span> <span class='ocrx_word' id='word_1_95' title='bbox 927 1568 1328 1633; x_wconf 82' lang='lat' dir='ltr'><strong>mentionem</strong></span> <span class='ocrx_word' id='word_1_96' title='bbox 1375 1567 1756 1632; x_wconf 88' lang='lat' dir='ltr'><strong>arbitrabar.</strong></span> <span class='ocrx_word' id='word_1_97' title='bbox 1818 1565 2003 1630; x_wconf 88' lang='lat' dir='ltr'><strong>Haec</strong></span> <span class='ocrx_word' id='word_1_98' title='bbox 2045 1565 2212 1630; x_wconf 89' lang='lat' dir='ltr'><strong>nihil</strong></span> 
     </span>
     <span class='ocr_line' id='line_1_15' title="bbox 289 1651 2212 1739; baseline 0.001 -23"><span class='ocrx_word' id='word_1_99' title='bbox 289 1653 419 1739; x_wconf 73' lang='grc' dir='ltr'><strong>πρὸς</strong></span> <span class='ocrx_word' id='word_1_100' title='bbox 455 1654 559 1731; x_wconf 65' lang='grc' dir='ltr'><strong>τὴν</strong></span> <span class='ocrx_word' id='word_1_101' title='bbox 602 1652 1033 1737; x_wconf 59' lang='lat' dir='ltr'><strong>detumescat.</strong></span> <span class='ocrx_word' id='word_1_102' title='bbox 1121 1654 1182 1717; x_wconf 88' lang='lat' dir='ltr'>N</span> <span class='ocrx_word' id='word_1_103' title='bbox 1186 1675 1272 1718; x_wconf 92' lang='lat' dir='ltr'><strong>on</strong></span> <span class='ocrx_word' id='word_1_104' title='bbox 1318 1652 1591 1737; x_wconf 88' lang='lat' dir='ltr'><strong>despero</strong></span> <span class='ocrx_word' id='word_1_105' title='bbox 1646 1673 1765 1718; x_wconf 91' lang='lat' dir='ltr'><strong>nos</strong></span> <span class='ocrx_word' id='word_1_106' title='bbox 1808 1651 2212 1735; x_wconf 81' lang='lat' dir='ltr'><strong>colloquuta-</strong></span> 
     </span>
     <span class='ocr_line' id='line_1_16' title="bbox 288 1739 2212 1823; baseline -0.001 -18"><span class='ocrx_word' id='word_1_107' title='bbox 288 1760 378 1805; x_wconf 85' lang='lat' dir='ltr'><strong>ros</strong></span> <span class='ocrx_word' id='word_1_108' title='bbox 426 1761 598 1819; x_wconf 88' lang='lat' dir='ltr'><strong>esse,</strong></span> <span class='ocrx_word' id='word_1_109' title='bbox 657 1750 1010 1823; x_wconf 86' lang='lat' dir='ltr'><strong>antequam</strong></span> <span class='ocrx_word' id='word_1_110' title='bbox 1070 1759 1153 1804; x_wconf 88' lang='lat' dir='ltr'><strong>ex</strong></span> <span class='ocrx_word' id='word_1_111' title='bbox 1212 1740 1336 1804; x_wconf 90' lang='lat' dir='ltr'><strong>hoc</strong></span> <span class='ocrx_word' id='word_1_112' title='bbox 1390 1739 1649 1805; x_wconf 79' lang='lat' dir='ltr'><strong>mortali</strong></span> <span class='ocrx_word' id='word_1_113' title='bbox 1711 1758 1969 1803; x_wconf 88' lang='lat' dir='ltr'><strong>carcere</strong></span> <span class='ocrx_word' id='word_1_114' title='bbox 2022 1760 2212 1803; x_wconf 92' lang='lat' dir='ltr'><strong>mens</strong></span> 
     </span>
     <span class='ocr_line' id='line_1_17' title="bbox 287 1824 2212 1909; baseline -0.002 -17"><span class='ocrx_word' id='word_1_115' title='bbox 287 1826 566 1892; x_wconf 85' lang='lat' dir='ltr'><strong>discedat.</strong></span> <span class='ocrx_word' id='word_1_116' title='bbox 632 1827 778 1891; x_wconf 87' lang='lat' dir='ltr'><strong>Etsi</strong></span> <span class='ocrx_word' id='word_1_117' title='bbox 815 1827 991 1890; x_wconf 91' lang='lat' dir='ltr'><strong>enim</strong></span> <span class='ocrx_word' id='word_1_118' title='bbox 1037 1834 1304 1909; x_wconf 89' lang='lat' dir='ltr'><strong>propter</strong></span> <span class='ocrx_word' id='word_1_119' title='bbox 1347 1836 1674 1891; x_wconf 78' lang='lat' dir='ltr'><strong>senectam</strong></span> <span class='ocrx_word' id='word_1_120' title='bbox 1720 1844 1760 1888; x_wconf 90' lang='lat' dir='ltr'><strong>a</strong></span> <span class='ocrx_word' id='word_1_121' title='bbox 1803 1831 1980 1888; x_wconf 91' lang='lat' dir='ltr'><strong>meta</strong></span> <span class='ocrx_word' id='word_1_122' title='bbox 2014 1824 2212 1889; x_wconf 90' lang='lat' dir='ltr'><strong>huius</strong></span> 
     </span>
     <span class='ocr_line' id='line_1_18' title="bbox 286 1909 2212 1995; baseline -0.002 -18"><span class='ocrx_word' id='word_1_123' title='bbox 286 1912 566 1977; x_wconf 86' lang='lat' dir='ltr'><strong>curriculi</strong></span> <span class='ocrx_word' id='word_1_124' title='bbox 624 1933 761 1976; x_wconf 93' lang='lat' dir='ltr'><strong>non</strong></span> <span class='ocrx_word' id='word_1_125' title='bbox 818 1912 1046 1995; x_wconf 89' lang='lat' dir='ltr'><strong>procul</strong></span> <span class='ocrx_word' id='word_1_126' title='bbox 1095 1912 1359 1989; x_wconf 87' lang='lat' dir='ltr'><strong>absum,</strong></span> <span class='ocrx_word' id='word_1_127' title='bbox 1417 1919 1637 1976; x_wconf 86' lang='lat' dir='ltr'><strong>tamen</strong></span> <span class='ocrx_word' id='word_1_128' title='bbox 1693 1909 1985 1992; x_wconf 90' lang='lat' dir='ltr'><strong>quotidie</strong></span> <span class='ocrx_word' id='word_1_129' title='bbox 2038 1929 2212 1975; x_wconf 85' lang='lat' dir='ltr'><strong>nova</strong></span> 
     </span>
     <span class='ocr_line' id='line_1_19' title="bbox 284 1994 2212 2081; baseline -0.001 -19"><span class='ocrx_word' id='word_1_130' title='bbox 284 1999 486 2063; x_wconf 85' lang='lat' dir='ltr'><strong>exsilia</strong></span> <span class='ocrx_word' id='word_1_131' title='bbox 534 2009 859 2081; x_wconf 76' lang='lat' dir='ltr'><strong>exspecto,</strong></span> <span class='ocrx_word' id='word_1_132' title='bbox 963 1996 1102 2063; x_wconf 90' lang='lat' dir='ltr'><strong>Oro</strong></span> <span class='ocrx_word' id='word_1_133' title='bbox 1159 2008 1380 2063; x_wconf 90' lang='lat' dir='ltr'><strong>autem</strong></span> <span class='ocrx_word' id='word_1_134' title='bbox 1443 1998 1655 2062; x_wconf 89' lang='lat' dir='ltr'><strong>filium</strong></span> <span class='ocrx_word' id='word_1_135' title='bbox 1700 1995 1827 2060; x_wconf 91' lang='lat' dir='ltr'><strong>Dei</strong></span> <span class='ocrx_word' id='word_1_136' title='bbox 1874 1994 2212 2061; x_wconf 90' lang='lat' dir='ltr'><strong>dominum</strong></span> 
     </span>
     <span class='ocr_line' id='line_1_20' title="bbox 284 2082 2212 2165; baseline -0.002 -17"><span class='ocrx_word' id='word_1_137' title='bbox 284 2096 557 2149; x_wconf 85' lang='lat' dir='ltr'><strong>nostrum</strong></span> <span class='ocrx_word' id='word_1_138' title='bbox 603 2085 821 2151; x_wconf 86' lang='lat' dir='ltr'><strong>Iesum</strong></span> <span class='ocrx_word' id='word_1_139' title='bbox 883 2082 1226 2149; x_wconf 76' lang='lat' dir='ltr'><strong>Christum</strong></span> <span class='ocrx_word' id='word_1_140' title='bbox 1281 2085 1666 2150; x_wconf 84' lang='lat' dir='ltr'><strong>crucifixum</strong></span> <span class='ocrx_word' id='word_1_141' title='bbox 1723 2103 1841 2165; x_wconf 90' lang='lat' dir='ltr'><strong>pro</strong></span> <span class='ocrx_word' id='word_1_142' title='bbox 1900 2082 2088 2147; x_wconf 91' lang='lat' dir='ltr'><strong>nobis</strong></span> <span class='ocrx_word' id='word_1_143' title='bbox 2146 2092 2212 2145; x_wconf 89' lang='lat' dir='ltr'><strong>ot</strong></span> 
     </span>
     <span class='ocr_line' id='line_1_21' title="bbox 281 2168 2211 2247; baseline -0.001 -12"><span class='ocrx_word' id='word_1_144' title='bbox 281 2172 745 2247; x_wconf 87' lang='lat' dir='ltr'><strong>resuscitatum,</strong></span> <span class='ocrx_word' id='word_1_145' title='bbox 790 2168 1123 2235; x_wconf 76' lang='lat' dir='ltr'><strong>custodem</strong></span> <span class='ocrx_word' id='word_1_146' title='bbox 1169 2169 1479 2236; x_wconf 86' lang='lat' dir='ltr'><strong>ecclesiae</strong></span> <span class='ocrx_word' id='word_1_147' title='bbox 1522 2191 1707 2247; x_wconf 90' lang='lat' dir='ltr'><strong>suae,</strong></span> <span class='ocrx_word' id='word_1_148' title='bbox 1754 2176 1829 2233; x_wconf 91' lang='lat' dir='ltr'><strong>ut</strong></span> <span class='ocrx_word' id='word_1_149' title='bbox 1870 2176 1937 2232; x_wconf 90' lang='lat' dir='ltr'><strong>te</strong></span> <span class='ocrx_word' id='word_1_150' title='bbox 1981 2176 2049 2233; x_wconf 91' lang='lat' dir='ltr'><strong>et</strong></span> <span class='ocrx_word' id='word_1_151' title='bbox 2090 2190 2211 2233; x_wconf 92' lang='lat' dir='ltr'><strong>nos</strong></span> 
     </span>
     <span class='ocr_line' id='line_1_22' title="bbox 281 2254 2210 2341; baseline 0 -22"><span class='ocrx_word' id='word_1_152' title='bbox 281 2275 479 2322; x_wconf 87' lang='lat' dir='ltr'><strong>omnes</strong></span> <span class='ocrx_word' id='word_1_153' title='bbox 525 2256 864 2341; x_wconf 82' lang='lat' dir='ltr'><strong>gubernet.</strong></span> <span class='ocrx_word' id='word_1_154' title='bbox 953 2256 1137 2321; x_wconf 91' lang='lat' dir='ltr'><strong>Bene</strong></span> <span class='ocrx_word' id='word_1_155' title='bbox 1184 2256 1332 2320; x_wconf 85' lang='lat' dir='ltr'><strong>vale</strong></span> <span class='ocrx_word' id='word_1_156' title='bbox 1376 2256 1712 2322; x_wconf 88' lang='lat' dir='ltr'><strong>carissime</strong></span> <span class='ocrx_word' id='word_1_157' title='bbox 1769 2254 1992 2319; x_wconf 83' lang='lat' dir='ltr'><strong>frater.</strong></span> <span class='ocrx_word' id='word_1_158' title='bbox 2081 2254 2210 2319; x_wconf 90' lang='lat' dir='ltr'><strong>Die</strong></span> 
     </span>
     <span class='ocr_line' id='line_1_23' title="bbox 283 2341 932 2409; baseline 0.002 -5"><span class='ocrx_word' id='word_1_159' title='bbox 283 2347 362 2406; x_wconf 84' lang='lat'><strong>14.</strong></span> <span class='ocrx_word' id='word_1_160' title='bbox 405 2341 708 2409; x_wconf 82' lang='lat' dir='ltr'><strong>Octobris</strong></span> <span class='ocrx_word' id='word_1_161' title='bbox 753 2348 932 2406; x_wconf 85' lang='lat'><strong>1554.</strong></span> 
     </span>
    </p>
   </div>
   <div class='ocr_carea' id='block_1_4' title="bbox 713 2871 1756 3103">
    <p class='ocr_par' dir='ltr' id='par_1_4' title="bbox 713 2871 1756 3103">
     <span class='ocr_line' id='line_1_24' title="bbox 1143 2871 1345 2942; baseline -0.005 0"><span class='ocrx_word' id='word_1_162' title='bbox 1143 2871 1345 2942; x_wconf 75' lang='lat'><strong>2032.</strong></span> 
     </span>
     <span class='ocr_line' id='line_1_25' title="bbox 713 3022 1756 3103; baseline -0.003 -9"><span class='ocrx_word' id='word_1_163' title='bbox 713 3026 1188 3094; x_wconf 82' lang='lat' dir='ltr'><strong>CALVINUS</strong></span> <span class='ocrx_word' id='word_1_164' title='bbox 1234 3022 1676 3092; x_wconf 74' lang='lat' dir='ltr'><strong>TOSSANO.</strong></span> <span class='ocrx_word' id='word_1_165' title='bbox 1707 3027 1756 3103; x_wconf 90' lang='lat'><strong>¹)</strong></span> 
     </span>
    </p>
   </div>
   <div class='ocr_carea' id='block_1_5' title="bbox 270 3198 2209 3627">
    <p class='ocr_par' dir='ltr' id='par_1_5' title="bbox 270 3198 2209 3627">
     <span class='ocr_line' id='line_1_26' title="bbox 421 3198 2209 3283; baseline -0.001 -18"><span class='ocrx_word' id='word_1_166' title='bbox 421 3199 780 3281; x_wconf 77' lang='lat' dir='ltr'><strong>Respondet</strong></span> <span class='ocrx_word' id='word_1_167' title='bbox 822 3199 908 3266; x_wconf 79' lang='lat' dir='ltr'><strong>ad</strong></span> <span class='ocrx_word' id='word_1_168' title='bbox 948 3219 1251 3283; x_wconf 73' lang='lat' dir='ltr'><strong>nuperum</strong></span> <span class='ocrx_word' id='word_1_169' title='bbox 1307 3201 1445 3264; x_wconf 80' lang='lat' dir='ltr'><strong>eius</strong></span> <span class='ocrx_word' id='word_1_170' title='bbox 1486 3198 1934 3264; x_wconf 75' lang='lat' dir='ltr'><strong>excusationem</strong></span> <span class='ocrx_word' id='word_1_171' title='bbox 1976 3216 2101 3278; x_wconf 78' lang='lat' dir='ltr'><strong>qua</strong></span> <span class='ocrx_word' id='word_1_172' title='bbox 2139 3217 2209 3263; x_wconf 80' lang='lat' dir='ltr'><strong>se</strong></span> 
     </span>
     <span class='ocr_line' id='line_1_27' title="bbox 272 3282 2209 3368; baseline 0 -19"><span class='ocrx_word' id='word_1_173' title='bbox 272 3304 307 3349; x_wconf 79' lang='lat' dir='ltr'><strong>c</strong></span> <span class='ocrx_word' id='word_1_174' title='bbox 342 3288 692 3368; x_wconf 73' lang='lat' dir='ltr'><strong>suspicione</strong></span> <span class='ocrx_word' id='word_1_175' title='bbox 753 3284 1097 3352; x_wconf 62' lang='lat' dir='ltr'><strong>Sea-ceticae</strong></span> <span class='ocrx_word' id='word_1_176' title='bbox 1148 3284 1466 3352; x_wconf 79' lang='lat' dir='ltr'><strong>haereseos</strong></span> <span class='ocrx_word' id='word_1_177' title='bbox 1530 3282 1901 3350; x_wconf 77' lang='lat' dir='ltr'><strong>vindicabat.</strong></span> <span class='ocrx_word' id='word_1_178' title='bbox 1995 3282 2209 3349; x_wconf 81' lang='lat' dir='ltr'><strong>Talem</strong></span> 
     </span>
     <span class='ocr_line' id='line_1_28' title="bbox 271 3365 2208 3455; baseline -0.003 -17"><span class='ocrx_word' id='word_1_179' title='bbox 271 3373 497 3452; x_wconf 71' lang='lat' dir='ltr'><strong>quidem</strong></span> <span class='ocrx_word' id='word_1_180' title='bbox 547 3372 674 3440; x_wconf 77' lang='lat' dir='ltr'><strong>sibi</strong></span> <span class='ocrx_word' id='word_1_181' title='bbox 729 3392 1123 3455; x_wconf 68' lang='lat' dir='ltr'><strong>nequaquam</strong></span> <span class='ocrx_word' id='word_1_182' title='bbox 1177 3372 1249 3436; x_wconf 78' lang='lat' dir='ltr'><strong>in</strong></span> <span class='ocrx_word' id='word_1_183' title='bbox 1298 3375 1558 3436; x_wconf 80' lang='lat' dir='ltr'><strong>mentem</strong></span> <span class='ocrx_word' id='word_1_184' title='bbox 1611 3371 1850 3436; x_wconf 76' lang='lat' dir='ltr'><strong>venisse</strong></span> <span class='ocrx_word' id='word_1_185' title='bbox 1897 3365 2208 3437; x_wconf 76' lang='lat' dir='ltr'><strong>Calvinus</strong></span> 
     </span>
     <span class='ocr_line' id='line_1_29' title="bbox 270 3456 2207 3540; baseline -0.002 -16"><span class='ocrx_word' id='word_1_186' title='bbox 270 3457 556 3538; x_wconf 71' lang='lat' dir='ltr'><strong>affirmat.</strong></span> <span class='ocrx_word' id='word_1_187' title='bbox 652 3456 812 3523; x_wconf 70' lang='lat' dir='ltr'><strong>Sunt</strong></span> <span class='ocrx_word' id='word_1_188' title='bbox 854 3463 1056 3524; x_wconf 77' lang='lat' dir='ltr'><strong>tamen</strong></span> <span class='ocrx_word' id='word_1_189' title='bbox 1098 3457 1175 3524; x_wconf 79' lang='lat' dir='ltr'><strong>de</strong></span> <span class='ocrx_word' id='word_1_190' title='bbox 1215 3457 1444 3540; x_wconf 78' lang='lat' dir='ltr'><strong>quibus</strong></span> <span class='ocrx_word' id='word_1_191' title='bbox 1497 3457 1678 3539; x_wconf 74' lang='lat' dir='ltr'><strong>queri</strong></span> <span class='ocrx_word' id='word_1_192' title='bbox 1722 3459 1964 3537; x_wconf 78' lang='lat' dir='ltr'><strong>posset,</strong></span> <span class='ocrx_word' id='word_1_193' title='bbox 2017 3456 2207 3522; x_wconf 80' lang='lat' dir='ltr'><strong>etiam</strong></span> 
     </span>
     <span class='ocr_line' id='line_1_30' title="bbox 270 3540 2205 3627; baseline -0.003 -16"><span class='ocrx_word' id='word_1_194' title='bbox 270 3546 453 3624; x_wconf 74' lang='lat' dir='ltr'><strong>quoad</strong></span> <span class='ocrx_word' id='word_1_195' title='bbox 490 3543 650 3627; x_wconf 77' lang='lat' dir='ltr'><strong>fidei</strong></span> <span class='ocrx_word' id='word_1_196' title='bbox 681 3544 1027 3626; x_wconf 77' lang='lat' dir='ltr'><strong>puritatem</strong></span> <span class='ocrx_word' id='word_1_197' title='bbox 1070 3548 1127 3609; x_wconf 77' lang='lat' dir='ltr'><strong>et</strong></span> <span class='ocrx_word' id='word_1_198' title='bbox 1165 3544 1238 3608; x_wconf 79' lang='lat' dir='ltr'><strong>in</strong></span> <span class='ocrx_word' id='word_1_199' title='bbox 1280 3544 1472 3609; x_wconf 78' lang='lat' dir='ltr'><strong>aliter</strong></span> <span class='ocrx_word' id='word_1_200' title='bbox 1510 3543 1835 3608; x_wconf 59' lang='lat' dir='ltr'><strong>santientes</strong></span> <span class='ocrx_word' id='word_1_201' title='bbox 1875 3540 2205 3607; x_wconf 73' lang='lat' dir='ltr'><strong>lenitatem.</strong></span> 
     </span>
    </p>
   </div>
   <div class='ocr_carea' id='block_1_6' title="bbox 269 3710 2206 3853">
    <p class='ocr_par' dir='ltr' id='par_1_6' title="bbox 269 3710 2206 3853">
     <span class='ocr_line' id='line_1_31' title="bbox 269 3710 2206 3786; baseline -0.001 -18"><span class='ocrx_word' id='word_1_202' title='bbox 269 3713 478 3775; x_wconf 77' lang='lat' dir='ltr'><strong>(Calvini</strong></span> <span class='ocrx_word' id='word_1_203' title='bbox 515 3716 664 3786; x_wconf 83' lang='lat' dir='ltr'><strong>Epp.</strong></span> <span class='ocrx_word' id='word_1_204' title='bbox 700 3715 783 3769; x_wconf 87' lang='lat' dir='ltr'><strong>ed.</strong></span> <span class='ocrx_word' id='word_1_205' title='bbox 826 3714 1027 3769; x_wconf 76' lang='lat' dir='ltr'><strong>Gener.</strong></span> <span class='ocrx_word' id='word_1_206' title='bbox 1065 3732 1117 3784; x_wconf 90' lang='lat' dir='ltr'><strong>p.</strong></span> <span class='ocrx_word' id='word_1_207' title='bbox 1156 3712 1272 3781; x_wconf 82' lang='lat'><strong>138,</strong></span> <span class='ocrx_word' id='word_1_208' title='bbox 1309 3714 1468 3768; x_wconf 84' lang='lat' dir='ltr'><strong>Laus.</strong></span> <span class='ocrx_word' id='word_1_209' title='bbox 1504 3730 1561 3783; x_wconf 91' lang='lat' dir='ltr'><strong>p.</strong></span> <span class='ocrx_word' id='word_1_210' title='bbox 1596 3711 1716 3778; x_wconf 81' lang='lat'><strong>307,</strong></span> <span class='ocrx_word' id='word_1_211' title='bbox 1754 3710 1964 3766; x_wconf 85' lang='lat' dir='ltr'><strong>Hanov.</strong></span> <span class='ocrx_word' id='word_1_212' title='bbox 2002 3729 2054 3782; x_wconf 91' lang='lat' dir='ltr'><strong>p.</strong></span> <span class='ocrx_word' id='word_1_213' title='bbox 2084 3710 2206 3782; x_wconf 82' lang='lat'><strong>343,</strong></span> 
     </span>
     <span class='ocr_line' id='line_1_32' title="bbox 777 3781 1681 3853; baseline 0 -17"><span class='ocrx_word' id='word_1_214' title='bbox 777 3783 989 3838; x_wconf 89' lang='lat' dir='ltr'><strong>Ohouet</strong></span> <span class='ocrx_word' id='word_1_215' title='bbox 1022 3800 1074 3853; x_wconf 93' lang='lat' dir='ltr'><strong>p.</strong></span> <span class='ocrx_word' id='word_1_216' title='bbox 1114 3781 1229 3851; x_wconf 80' lang='lat'><strong>186,</strong></span> <span class='ocrx_word' id='word_1_217' title='bbox 1267 3784 1440 3837; x_wconf 82' lang='lat' dir='ltr'><strong>Amst.</strong></span> <span class='ocrx_word' id='word_1_218' title='bbox 1476 3800 1532 3853; x_wconf 89' lang='lat' dir='ltr'><strong>p.</strong></span> <span class='ocrx_word' id='word_1_219' title='bbox 1568 3782 1681 3849; x_wconf 80' lang='lat'><strong>86.)</strong></span> 
     </span>
    </p>
   </div>
   <div class='ocr_carea' id='block_1_7' title="bbox 257 3954 2205 4730">
    <p class='ocr_par' dir='ltr' id='par_1_7' title="bbox 257 3954 2205 4730">
     <span class='ocr_line' id='line_1_33' title="bbox 415 3954 2203 4041; baseline -0.002 -19"><span class='ocrx_word' id='word_1_220' title='bbox 415 3957 567 4041; x_wconf 85' lang='lat' dir='ltr'><strong>Ego</strong></span> <span class='ocrx_word' id='word_1_221' title='bbox 611 3976 794 4034; x_wconf 81' lang='lat' dir='ltr'><strong>vero,</strong></span> <span class='ocrx_word' id='word_1_222' title='bbox 841 3957 932 4021; x_wconf 93' lang='lat' dir='ltr'><strong>mi</strong></span> <span class='ocrx_word' id='word_1_223' title='bbox 974 3956 1206 4035; x_wconf 71' lang='lat' dir='ltr'><strong>frater,</strong></span> <span class='ocrx_word' id='word_1_224' title='bbox 1268 3975 1401 4020; x_wconf 93' lang='lat' dir='ltr'><strong>non</strong></span> <span class='ocrx_word' id='word_1_225' title='bbox 1461 3954 1623 4019; x_wconf 88' lang='lat' dir='ltr'><strong>adeo</strong></span> <span class='ocrx_word' id='word_1_226' title='bbox 1680 3975 1827 4021; x_wconf 90' lang='lat' dir='ltr'><strong>sum</strong></span> <span class='ocrx_word' id='word_1_227' title='bbox 1887 3973 2203 4031; x_wconf 86' lang='lat' dir='ltr'><strong>morosus,</strong></span> 
     </span>
     <span class='ocr_line' id='line_1_34' title="bbox 265 4039 2205 4127; baseline 0 -22"><span class='ocrx_word' id='word_1_228' title='bbox 265 4042 404 4123; x_wconf 89' lang='lat' dir='ltr'><strong>quin</strong></span> <span class='ocrx_word' id='word_1_229' title='bbox 460 4042 695 4109; x_wconf 89' lang='lat' dir='ltr'><strong>amicis</strong></span> <span class='ocrx_word' id='word_1_230' title='bbox 753 4042 945 4108; x_wconf 87' lang='lat' dir='ltr'><strong>facile</strong></span> <span class='ocrx_word' id='word_1_231' title='bbox 987 4043 1321 4127; x_wconf 84' lang='lat' dir='ltr'><strong>ignoscam</strong></span> <span class='ocrx_word' id='word_1_232' title='bbox 1340 4092 1357 4120; x_wconf 95' lang='lat'><strong>,</strong></span> <span class='ocrx_word' id='word_1_233' title='bbox 1419 4040 1679 4106; x_wconf 90' lang='lat' dir='ltr'><strong>etiamsi</strong></span> <span class='ocrx_word' id='word_1_234' title='bbox 1734 4039 1904 4104; x_wconf 89' lang='lat' dir='ltr'><strong>nihil</strong></span> <span class='ocrx_word' id='word_1_235' title='bbox 1962 4039 2044 4104; x_wconf 90' lang='lat' dir='ltr'><strong>ad</strong></span> <span class='ocrx_word' id='word_1_236' title='bbox 2098 4060 2205 4105; x_wconf 92' lang='lat' dir='ltr'><strong>me</strong></span> 
     </span>
     <span class='ocr_line' id='line_1_35' title="bbox 265 4125 2205 4210; baseline -0.001 -19"><span class='ocrx_word' id='word_1_237' title='bbox 265 4137 381 4192; x_wconf 80' lang='lat' dir='ltr'><strong>toto</strong></span> <span class='ocrx_word' id='word_1_238' title='bbox 423 4150 602 4194; x_wconf 89' lang='lat' dir='ltr'><strong>anno</strong></span> <span class='ocrx_word' id='word_1_239' title='bbox 648 4129 954 4194; x_wconf 85' lang='lat' dir='ltr'><strong>scribant.</strong></span> <span class='ocrx_word' id='word_1_240' title='bbox 1043 4127 1214 4194; x_wconf 90' lang='lat' dir='ltr'><strong>Nam</strong></span> <span class='ocrx_word' id='word_1_241' title='bbox 1258 4127 1411 4210; x_wconf 90' lang='lat' dir='ltr'><strong>quia</strong></span> <span class='ocrx_word' id='word_1_242' title='bbox 1450 4127 1522 4190; x_wconf 88' lang='lat' dir='ltr'><strong>in</strong></span> <span class='ocrx_word' id='word_1_243' title='bbox 1565 4126 1692 4191; x_wconf 88' lang='lat' dir='ltr'><strong>hoc</strong></span> <span class='ocrx_word' id='word_1_244' title='bbox 1724 4125 1922 4192; x_wconf 89' lang='lat' dir='ltr'><strong>officii</strong></span> <span class='ocrx_word' id='word_1_245' title='bbox 1965 4146 2205 4209; x_wconf 90' lang='lat' dir='ltr'><strong>genere</strong></span> 
     </span>
     <span class='ocr_line' id='line_1_36' title="bbox 263 4211 2204 4292; baseline 0.001 -17"><span class='ocrx_word' id='word_1_246' title='bbox 263 4214 466 4280; x_wconf 81' lang='lat' dir='ltr'><strong>minus</strong></span> <span class='ocrx_word' id='word_1_247' title='bbox 511 4236 664 4280; x_wconf 90' lang='lat' dir='ltr'><strong>sum</strong></span> <span class='ocrx_word' id='word_1_248' title='bbox 709 4212 1003 4292; x_wconf 87' lang='lat' dir='ltr'><strong>sedulus,</strong></span> <span class='ocrx_word' id='word_1_249' title='bbox 1066 4214 1171 4281; x_wconf 82' lang='lat' dir='ltr'><strong>vel</strong></span> <span class='ocrx_word' id='word_1_250' title='bbox 1227 4213 1463 4278; x_wconf 91' lang='lat' dir='ltr'><strong>saltem</strong></span> <span class='ocrx_word' id='word_1_251' title='bbox 1509 4211 1665 4277; x_wconf 90' lang='lat' dir='ltr'><strong>dum</strong></span> <span class='ocrx_word' id='word_1_252' title='bbox 1709 4233 1816 4277; x_wconf 90' lang='lat' dir='ltr'><strong>me</strong></span> <span class='ocrx_word' id='word_1_253' title='bbox 1860 4211 2062 4276; x_wconf 90' lang='lat' dir='ltr'><strong>alieni</strong></span> <span class='ocrx_word' id='word_1_254' title='bbox 2105 4232 2204 4277; x_wconf 92' lang='lat' dir='ltr'><strong>oc-</strong></span> 
     </span>
     <span class='ocr_line' id='line_1_37' title="bbox 263 4297 2204 4382; baseline -0.001 -19"><span class='ocrx_word' id='word_1_255' title='bbox 263 4316 508 4382; x_wconf 86' lang='lat' dir='ltr'><strong>cupant,</strong></span> <span class='ocrx_word' id='word_1_256' title='bbox 555 4301 834 4365; x_wconf 86' lang='lat' dir='ltr'><strong>summis</strong></span> <span class='ocrx_word' id='word_1_257' title='bbox 877 4300 1103 4365; x_wconf 87' lang='lat' dir='ltr'><strong>amicis</strong></span> <span class='ocrx_word' id='word_1_258' title='bbox 1147 4298 1477 4364; x_wconf 90' lang='lat' dir='ltr'><strong>interdum</strong></span> <span class='ocrx_word' id='word_1_259' title='bbox 1537 4297 1708 4381; x_wconf 89' lang='lat' dir='ltr'><strong>quod</strong></span> <span class='ocrx_word' id='word_1_260' title='bbox 1754 4297 2027 4363; x_wconf 89' lang='lat' dir='ltr'><strong>debetur</strong></span> <span class='ocrx_word' id='word_1_261' title='bbox 2071 4318 2204 4361; x_wconf 91' lang='lat' dir='ltr'><strong>non</strong></span> 
     </span>
     <span class='ocr_line' id='line_1_38' title="bbox 262 4384 2205 4465; baseline -0.002 -13"><span class='ocrx_word' id='word_1_262' title='bbox 262 4387 574 4465; x_wconf 84' lang='lat' dir='ltr'><strong>persolvo:</strong></span> <span class='ocrx_word' id='word_1_263' title='bbox 622 4385 904 4451; x_wconf 86' lang='lat' dir='ltr'><strong>libenter</strong></span> <span class='ocrx_word' id='word_1_264' title='bbox 947 4385 1027 4451; x_wconf 92' lang='lat' dir='ltr'><strong>de</strong></span> <span class='ocrx_word' id='word_1_265' title='bbox 1070 4397 1305 4450; x_wconf 88' lang='lat' dir='ltr'><strong>mutua</strong></span> <span class='ocrx_word' id='word_1_266' title='bbox 1339 4384 1586 4449; x_wconf 86' lang='lat' dir='ltr'><strong>silentii</strong></span> <span class='ocrx_word' id='word_1_267' title='bbox 1622 4385 1817 4449; x_wconf 85' lang='lat' dir='ltr'><strong>venia</strong></span> <span class='ocrx_word' id='word_1_268' title='bbox 1852 4405 2002 4450; x_wconf 91' lang='lat' dir='ltr'><strong>cum</strong></span> <span class='ocrx_word' id='word_1_269' title='bbox 2042 4384 2205 4465; x_wconf 89' lang='lat' dir='ltr'><strong>ipsis</strong></span> 
     </span>
     <span class='ocr_line' id='line_1_39' title="bbox 259 4471 2204 4557; baseline -0.002 -21"><span class='ocrx_word' id='word_1_270' title='bbox 259 4471 552 4550; x_wconf 78' lang='lat' dir='ltr'><strong>paciscor.</strong></span> <span class='ocrx_word' id='word_1_271' title='bbox 656 4473 836 4557; x_wconf 82' lang='lat' dir='ltr'><strong>Ergo</strong></span> <span class='ocrx_word' id='word_1_272' title='bbox 893 4472 1020 4537; x_wconf 89' lang='lat' dir='ltr'><strong>nisi</strong></span> <span class='ocrx_word' id='word_1_273' title='bbox 1080 4471 1210 4537; x_wconf 90' lang='lat' dir='ltr'><strong>alia</strong></span> <span class='ocrx_word' id='word_1_274' title='bbox 1273 4471 1558 4553; x_wconf 88' lang='lat' dir='ltr'><strong>suspicio</strong></span> <span class='ocrx_word' id='word_1_275' title='bbox 1622 4471 1914 4535; x_wconf 90' lang='lat' dir='ltr'><strong>animum</strong></span> <span class='ocrx_word' id='word_1_276' title='bbox 1980 4490 2204 4534; x_wconf 89' lang='lat' dir='ltr'><strong>meum</strong></span> 
     </span>
     <span class='ocr_line' id='line_1_40' title="bbox 257 4556 2203 4642; baseline -0.001 -22"><span class='ocrx_word' id='word_1_277' title='bbox 257 4559 657 4642; x_wconf 82' lang='lat' dir='ltr'><strong>pupugisset,</strong></span> <span class='ocrx_word' id='word_1_278' title='bbox 717 4557 938 4624; x_wconf 87' lang='lat' dir='ltr'><strong>nullas</strong></span> <span class='ocrx_word' id='word_1_279' title='bbox 996 4558 1114 4623; x_wconf 91' lang='lat' dir='ltr'><strong>abs</strong></span> <span class='ocrx_word' id='word_1_280' title='bbox 1173 4565 1239 4623; x_wconf 90' lang='lat' dir='ltr'><strong>te</strong></span> <span class='ocrx_word' id='word_1_281' title='bbox 1283 4556 1510 4621; x_wconf 84' lang='lat' dir='ltr'><strong>literas</strong></span> <span class='ocrx_word' id='word_1_282' title='bbox 1553 4556 1717 4621; x_wconf 90' lang='lat' dir='ltr'><strong>mihi</strong></span> <span class='ocrx_word' id='word_1_283' title='bbox 1762 4556 1988 4620; x_wconf 85' lang='lat' dir='ltr'><strong>venire</strong></span> <span class='ocrx_word' id='word_1_284' title='bbox 2034 4576 2203 4620; x_wconf 91' lang='lat' dir='ltr'><strong>nun-</strong></span> 
     </span>
     <span class='ocr_line' id='line_1_41' title="bbox 257 4640 2201 4730; baseline -0.001 -24"><span class='ocrx_word' id='word_1_285' title='bbox 257 4662 440 4726; x_wconf 90' lang='lat' dir='ltr'><strong>quam</strong></span> <span class='ocrx_word' id='word_1_286' title='bbox 511 4665 709 4730; x_wconf 83' lang='lat' dir='ltr'><strong>aegre</strong></span> <span class='ocrx_word' id='word_1_287' title='bbox 790 4644 1101 4709; x_wconf 85' lang='lat' dir='ltr'><strong>tulissem.</strong></span> <span class='ocrx_word' id='word_1_288' title='bbox 1217 4642 1570 4708; x_wconf 84' lang='lat' dir='ltr'><strong>Caeterum</strong></span> <span class='ocrx_word' id='word_1_289' title='bbox 1637 4642 1848 4706; x_wconf 89' lang='lat' dir='ltr'><strong>multa</strong></span> <span class='ocrx_word' id='word_1_290' title='bbox 1910 4640 2201 4719; x_wconf 87' lang='lat' dir='ltr'><strong>fuerunt,</strong></span> 
     </span>
    </p>
   </div>
   <div class='ocr_carea' id='block_1_8' title="bbox 257 4798 658 4811">
    <p class='ocr_par' dir='ltr' id='par_1_8' title="bbox 257 4798 658 4811">
     <span class='ocr_line' id='line_1_42' title="bbox 257 4798 658 4811; baseline 0 1389"><span class='ocrx_word' id='word_1_291' title='bbox 257 4798 658 4811; x_wconf 95' lang='lat' dir='ltr'><strong> </strong></span> 
     </span>
    </p>
   </div>
   <div class='ocr_carea' id='block_1_9' title="bbox 251 4879 2209 5422">
    <p class='ocr_par' dir='ltr' id='par_1_9' title="bbox 257 4879 2209 5211">
     <span class='ocr_line' id='line_1_43' title="bbox 258 4879 2203 4953; baseline -0.002 -17"><span class='ocrx_word' id='word_1_292' title='bbox 258 4881 506 4950; x_wconf 66' lang='lat'><strong>20321)</strong></span> <span class='ocrx_word' id='word_1_293' title='bbox 548 4884 702 4939; x_wconf 75' lang='lat' dir='ltr'><strong>Beza</strong></span> <span class='ocrx_word' id='word_1_294' title='bbox 745 4898 936 4938; x_wconf 76' lang='lat' dir='ltr'><strong>nomen</strong></span> <span class='ocrx_word' id='word_1_295' title='bbox 982 4884 1301 4953; x_wconf 70' lang='lat' dir='ltr'><strong>suppressit.</strong></span> <span class='ocrx_word' id='word_1_296' title='bbox 1373 4883 1566 4952; x_wconf 75' lang='lat' dir='ltr'><strong>Henry</strong></span> <span class='ocrx_word' id='word_1_297' title='bbox 1613 4881 1709 4936; x_wconf 87' lang='lat'><strong>111.</strong></span> <span class='ocrx_word' id='word_1_298' title='bbox 1755 4879 1860 4934; x_wconf 78' lang='lat'><strong>354</strong></span> <span class='ocrx_word' id='word_1_299' title='bbox 1904 4880 1981 4934; x_wconf 81' lang='lat' dir='ltr'><strong>od</strong></span> <span class='ocrx_word' id='word_1_300' title='bbox 2014 4882 2203 4934; x_wconf 75' lang='lat' dir='ltr'><strong>minis-</strong></span> 
     </span>
     <span class='ocr_line' id='line_1_44' title="bbox 257 4951 2209 5023; baseline -0.003 -17"><span class='ocrx_word' id='word_1_301' title='bbox 257 4956 386 5006; x_wconf 67' lang='lat' dir='ltr'><strong>trum</strong></span> <span class='ocrx_word' id='word_1_302' title='bbox 422 4954 698 5023; x_wconf 72' lang='lat' dir='ltr'><strong>quendam</strong></span> <span class='ocrx_word' id='word_1_303' title='bbox 735 4955 1240 5020; x_wconf 72' lang='lat' dir='ltr'><strong>Arqentoratensem</strong></span> <span class='ocrx_word' id='word_1_304' title='bbox 1279 4954 1541 5021; x_wconf 77' lang='lat' dir='ltr'><strong>scriptam</strong></span> <span class='ocrx_word' id='word_1_305' title='bbox 1573 4951 1828 5020; x_wconf 74' lang='lat' dir='ltr'><strong>perhibet,</strong></span> <span class='ocrx_word' id='word_1_306' title='bbox 1861 4951 2041 5004; x_wconf 73' lang='lat' dir='ltr'><strong>nescio</strong></span> <span class='ocrx_word' id='word_1_307' title='bbox 2075 4952 2209 5018; x_wconf 76' lang='lat' dir='ltr'><strong>quid</strong></span> 
     </span>
     <span class='ocr_line' id='line_1_45' title="bbox 257 5018 2206 5086; baseline -0.002 -11"><span class='ocrx_word' id='word_1_308' title='bbox 257 5025 550 5077; x_wconf 69' lang='lat' dir='ltr'><strong>maiam.</strong></span> <span class='ocrx_word' id='word_1_309' title='bbox 623 5022 748 5077; x_wconf 81' lang='lat' dir='ltr'><strong>Nos</strong></span> <span class='ocrx_word' id='word_1_310' title='bbox 781 5023 1161 5078; x_wconf 71' lang='lat' dir='ltr'><strong>incunctanter</strong></span> <span class='ocrx_word' id='word_1_311' title='bbox 1208 5021 1452 5076; x_wconf 75' lang='lat' dir='ltr'><strong>Tossano</strong></span> <span class='ocrx_word' id='word_1_312' title='bbox 1498 5021 1761 5086; x_wconf 70' lang='lat' dir='ltr'><strong>dicamus,</strong></span> <span class='ocrx_word' id='word_1_313' title='bbox 1806 5020 2004 5074; x_wconf 77' lang='lat' dir='ltr'><strong>collata</strong></span> <span class='ocrx_word' id='word_1_314' title='bbox 2037 5018 2206 5072; x_wconf 73' lang='lat' dir='ltr'><strong>huius</strong></span> 
     </span>
     <span class='ocr_line' id='line_1_46' title="bbox 257 5089 2203 5211; baseline -0.001 -69"><span class='ocrx_word' id='word_1_315' title='bbox 257 5104 328 5211; x_wconf 64' lang='lat' dir='ltr'><strong>z.</strong></span> <span class='ocrx_word' id='word_1_316' title='bbox 365 5091 441 5146; x_wconf 86' lang='lat' dir='ltr'><strong>N.</strong></span> <span class='ocrx_word' id='word_1_317' title='bbox 487 5089 636 5145; x_wconf 82' lang='lat'><strong>1926.</strong></span> <span class='ocrx_word' id='word_1_318' title='bbox 715 5090 967 5146; x_wconf 74' lang='lat' dir='ltr'><strong>Plurima</strong></span> <span class='ocrx_word' id='word_1_319' title='bbox 1011 5091 1318 5160; x_wconf 70' lang='lat' dir='ltr'><strong>quadrant,</strong></span> <span class='ocrx_word' id='word_1_320' title='bbox 1364 5097 1414 5144; x_wconf 74' lang='lat' dir='ltr'><strong>et</strong></span> <span class='ocrx_word' id='word_1_321' title='bbox 1464 5093 1514 5144; x_wconf 80' lang='lat' dir='ltr'><strong>si</strong></span> <span class='ocrx_word' id='word_1_322' title='bbox 1559 5105 1701 5160; x_wconf 77' lang='lat' dir='ltr'><strong>quae</strong></span> <span class='ocrx_word' id='word_1_323' title='bbox 1734 5089 1823 5143; x_wconf 81' lang='lat' dir='ltr'><strong>hic</strong></span> <span class='ocrx_word' id='word_1_324' title='bbox 1855 5089 1997 5143; x_wconf 76' lang='lat' dir='ltr'><strong>attin</strong></span> <span class='ocrx_word' id='word_1_325' title='bbox 2071 5093 2203 5141; x_wconf 80' lang='lat' dir='ltr'><strong>ntur</strong></span> 
     </span>
    </p>

    <p class='ocr_par' dir='ltr' id='par_1_10' title="bbox 251 5157 2203 5422">
     <span class='ocr_line' id='line_1_47' title="bbox 433 5157 2200 5227; baseline -0.002 -12"><span class='ocrx_word' id='word_1_326' title='bbox 433 5163 442 5173; x_wconf 75' lang='lat'><strong>⁴</strong></span> <span class='ocrx_word' id='word_1_327' title='bbox 581 5159 671 5214; x_wconf 70' lang='lat' dir='ltr'><strong>ssle</strong></span> <span class='ocrx_word' id='word_1_328' title='bbox 704 5160 847 5214; x_wconf 69' lang='lat' dir='ltr'><strong>nihil</strong></span> <span class='ocrx_word' id='word_1_329' title='bbox 880 5159 1114 5227; x_wconf 68' lang='lat' dir='ltr'><strong>dixerat,</strong></span> <span class='ocrx_word' id='word_1_330' title='bbox 1158 5161 1467 5214; x_wconf 75' lang='lat' dir='ltr'><strong>memineris</strong></span> <span class='ocrx_word' id='word_1_331' title='bbox 1505 5158 1733 5213; x_wconf 75' lang='lat' dir='ltr'><strong>Culm&#39;no</strong></span> <span class='ocrx_word' id='word_1_332' title='bbox 2010 5157 2200 5211; x_wconf 78' lang='lat' dir='ltr'><strong>ombel-</strong></span> 
     </span>
     <span class='ocr_line' id='line_1_48' title="bbox 251 5226 2200 5299; baseline -0.003 -14"><span class='ocrx_word' id='word_1_333' title='bbox 251 5243 346 5295; x_wconf 65' lang='grc' dir='ltr'><strong>ραν</strong></span> <span class='ocrx_word' id='word_1_334' title='bbox 401 5231 477 5284; x_wconf 80' lang='lat' dir='ltr'><strong>&#39;ae</strong></span> <span class='ocrx_word' id='word_1_335' title='bbox 509 5230 840 5299; x_wconf 65' lang='lat' dir='ltr'><strong>ymbe-mm·</strong></span> <span class='ocrx_word' id='word_1_336' title='bbox 873 5245 938 5282; x_wconf 67' lang='lat' dir='ltr'><strong>ea·</strong></span> <span class='ocrx_word' id='word_1_337' title='bbox 973 5230 1103 5285; x_wconf 81' lang='lat' dir='ltr'><strong>aliis</strong></span> <span class='ocrx_word' id='word_1_338' title='bbox 1136 5230 1384 5295; x_wconf 72' lang='lat' dir='ltr'><strong>fontibus</strong></span> <span class='ocrx_word' id='word_1_339' title='bbox 1400 5231 1597 5297; x_wconf 75' lang='lat' dir='ltr'><strong>optime</strong></span> <span class='ocrx_word' id='word_1_340' title='bbox 1629 5232 1762 5282; x_wconf 76' lang='lat' dir='ltr'><strong>nota</strong></span> <span class='ocrx_word' id='word_1_341' title='bbox 1798 5241 1912 5281; x_wconf 81' lang='lat' dir='ltr'><strong>esse</strong></span> <span class='ocrx_word' id='word_1_342' title='bbox 1939 5226 2200 5295; x_wconf 75' lang='lat' dir='ltr'><strong>potuisse.</strong></span> 
     </span>
     <span class='ocr_line' id='line_1_49' title="bbox 259 5295 2203 5367; baseline -0.001 -16"><span class='ocrx_word' id='word_1_343' title='bbox 259 5295 485 5367; x_wconf 63' lang='lat' dir='ltr'><strong>Sisy-ula</strong></span> <span class='ocrx_word' id='word_1_344' title='bbox 521 5300 664 5354; x_wconf 68' lang='lat' dir='ltr'><strong>inter</strong></span> <span class='ocrx_word' id='word_1_345' title='bbox 700 5313 756 5353; x_wconf 75' lang='lat' dir='ltr'><strong>se</strong></span> <span class='ocrx_word' id='word_1_346' title='bbox 791 5300 1038 5365; x_wconf 76' lang='lat' dir='ltr'><strong>conferre</strong></span> <span class='ocrx_word' id='word_1_347' title='bbox 1071 5300 1184 5353; x_wconf 81' lang='lat' dir='ltr'><strong>iam</strong></span> <span class='ocrx_word' id='word_1_348' title='bbox 1219 5299 1320 5354; x_wconf 75' lang='lat' dir='ltr'><strong>tibi</strong></span> <span class='ocrx_word' id='word_1_349' title='bbox 1359 5299 1724 5366; x_wconf 74' lang='lat' dir='ltr'><strong>permittimus</strong></span> <span class='ocrx_word' id='word_1_350' title='bbox 1771 5296 1837 5351; x_wconf 79' lang='lat' dir='ltr'><strong>de</strong></span> <span class='ocrx_word' id='word_1_351' title='bbox 1869 5295 2074 5352; x_wconf 71' lang='lat' dir='ltr'><strong>iudicio</strong></span> <span class='ocrx_word' id='word_1_352' title='bbox 2109 5301 2203 5349; x_wconf 73' lang='lat' dir='ltr'><strong>tuo</strong></span> 
     </span>
     <span class='ocr_line' id='line_1_50' title="bbox 251 5369 438 5422; baseline -0.011 0"><span class='ocrx_word' id='word_1_353' title='bbox 251 5369 438 5422; x_wconf 70' lang='lat' dir='ltr'><strong>mari.</strong></span> 
     </span>
    </p>
   </div>
   <div class='ocr_carea' id='block_1_10' title="bbox 1990 429 2521 500">
    <p class='ocr_par' dir='ltr' id='par_1_11' title="bbox 1990 429 2521 500">
     <span class='ocr_line' id='line_1_51' title="bbox 1990 429 2521 500; baseline -0.002 -4"><span class='ocrx_word' id='word_1_354' title='bbox 1990 436 2153 498; x_wconf 76' lang='lat'><strong>1564</strong></span> <span class='ocrx_word' id='word_1_355' title='bbox 2195 429 2521 500; x_wconf 70' lang='lat' dir='ltr'><strong>OOTOB.</strong></span> 
     </span>
    </p>
   </div>
   <div class='ocr_carea' id='block_1_11' title="bbox 2235 620 2291 5402">
    <p class='ocr_par' dir='ltr' id='par_1_12' title="bbox 2235 620 2291 5402">
     <span class='ocr_line' id='line_1_52' title="bbox 2235 620 2291 5402; baseline 0 0"><span class='ocrx_word' id='word_1_356' title='bbox 2235 620 2291 5402; x_wconf 95' lang='lat' dir='ltr'><strong> </strong></span> 
     </span>
    </p>
   </div>
   <div class='ocr_carea' id='block_1_12' title="bbox 4151 439 4279 501">
    <p class='ocr_par' dir='ltr' id='par_1_13' title="bbox 4151 439 4279 501">
     <span class='ocr_line' id='line_1_53' title="bbox 4151 439 4279 501; baseline 0.016 -3"><span class='ocrx_word' id='word_1_357' title='bbox 4151 439 4279 501; x_wconf 82' lang='lat'><strong>270</strong></span> 
     </span>
    </p>
   </div>
   <div class='ocr_carea' id='block_1_13' title="bbox 2305 619 4341 5002">
    <p class='ocr_par' dir='ltr' id='par_1_14' title="bbox 2305 619 4341 5002">
     <span class='ocr_line' id='line_1_54' title="bbox 2325 619 4278 703; baseline 0.003 -19"><span class='ocrx_word' id='word_1_358' title='bbox 2325 619 2564 703; x_wconf 88' lang='lat' dir='ltr'><strong>quibus</strong></span> <span class='ocrx_word' id='word_1_359' title='bbox 2608 640 2714 685; x_wconf 92' lang='lat' dir='ltr'><strong>me</strong></span> <span class='ocrx_word' id='word_1_360' title='bbox 2759 619 3081 686; x_wconf 88' lang='lat' dir='ltr'><strong>offensum</strong></span> <span class='ocrx_word' id='word_1_361' title='bbox 3123 620 3323 687; x_wconf 87' lang='lat' dir='ltr'><strong>fuisse</strong></span> <span class='ocrx_word' id='word_1_362' title='bbox 3365 640 3502 686; x_wconf 88' lang='lat' dir='ltr'><strong>non</strong></span> <span class='ocrx_word' id='word_1_363' title='bbox 3545 620 3898 687; x_wconf 86' lang='lat' dir='ltr'><strong>dissimulo.</strong></span> <span class='ocrx_word' id='word_1_364' title='bbox 3988 623 4093 689; x_wconf 90' lang='lat' dir='ltr'><strong>De</strong></span> <span class='ocrx_word' id='word_1_365' title='bbox 4137 644 4278 690; x_wconf 85' lang='lat' dir='ltr'><strong>ves-</strong></span> 
     </span>
     <span class='ocr_line' id='line_1_55' title="bbox 2325 704 4274 791; baseline 0.004 -22"><span class='ocrx_word' id='word_1_366' title='bbox 2325 707 2446 771; x_wconf 86' lang='lat' dir='ltr'><strong>tris</strong></span> <span class='ocrx_word' id='word_1_367' title='bbox 2490 704 2773 772; x_wconf 88' lang='lat' dir='ltr'><strong>dissidiis</strong></span> <span class='ocrx_word' id='word_1_368' title='bbox 2819 728 3011 772; x_wconf 92' lang='lat' dir='ltr'><strong>nemo</strong></span> <span class='ocrx_word' id='word_1_369' title='bbox 3053 706 3334 772; x_wconf 86' lang='lat' dir='ltr'><strong>fratrum</strong></span> <span class='ocrx_word' id='word_1_370' title='bbox 3378 716 3638 772; x_wconf 90' lang='lat' dir='ltr'><strong>tuorum</strong></span> <span class='ocrx_word' id='word_1_371' title='bbox 3679 710 3987 791; x_wconf 82' lang='lat' dir='ltr'><strong>privatim</strong></span> <span class='ocrx_word' id='word_1_372' title='bbox 4032 709 4114 774; x_wconf 87' lang='lat' dir='ltr'><strong>ad</strong></span> <span class='ocrx_word' id='word_1_373' title='bbox 4168 730 4274 776; x_wconf 89' lang='lat' dir='ltr'><strong>me</strong></span> 
     </span>
     <span class='ocr_line' id='line_1_56' title="bbox 2324 790 4274 880; baseline 0.001 -23"><span class='ocrx_word' id='word_1_374' title='bbox 2324 791 2603 876; x_wconf 85' lang='lat' dir='ltr'><strong>scripsit.</strong></span> <span class='ocrx_word' id='word_1_375' title='bbox 2690 790 2817 856; x_wconf 90' lang='lat' dir='ltr'><strong>Per</strong></span> <span class='ocrx_word' id='word_1_376' title='bbox 2862 792 3024 857; x_wconf 86' lang='lat' dir='ltr'><strong>alios</strong></span> <span class='ocrx_word' id='word_1_377' title='bbox 3070 791 3322 858; x_wconf 87' lang='lat' dir='ltr'><strong>delatae</strong></span> <span class='ocrx_word' id='word_1_378' title='bbox 3370 802 3523 859; x_wconf 86' lang='lat' dir='ltr'><strong>sunt</strong></span> <span class='ocrx_word' id='word_1_379' title='bbox 3573 794 4039 877; x_wconf 88' lang='lat' dir='ltr'><strong>querimoniae.</strong></span> <span class='ocrx_word' id='word_1_380' title='bbox 4127 796 4274 880; x_wconf 80' lang='lat' dir='ltr'><strong>Ego</strong></span> 
     </span>
     <span class='ocr_line' id='line_1_57' title="bbox 2322 877 4275 962; baseline 0.002 -21"><span class='ocrx_word' id='word_1_381' title='bbox 2322 899 2457 943; x_wconf 90' lang='lat' dir='ltr'><strong>non</strong></span> <span class='ocrx_word' id='word_1_382' title='bbox 2502 899 2607 944; x_wconf 90' lang='lat' dir='ltr'><strong>me</strong></span> <span class='ocrx_word' id='word_1_383' title='bbox 2651 877 2825 942; x_wconf 87' lang='lat' dir='ltr'><strong>ultra</strong></span> <span class='ocrx_word' id='word_1_384' title='bbox 2867 879 3249 961; x_wconf 88' lang='lat' dir='ltr'><strong>interposui,</strong></span> <span class='ocrx_word' id='word_1_385' title='bbox 3293 899 3488 962; x_wconf 87' lang='lat' dir='ltr'><strong>quam</strong></span> <span class='ocrx_word' id='word_1_386' title='bbox 3524 893 3598 943; x_wconf 86' lang='lat' dir='ltr'><strong>ut</strong></span> <span class='ocrx_word' id='word_1_387' title='bbox 3636 900 3753 962; x_wconf 91' lang='lat' dir='ltr'><strong>per</strong></span> <span class='ocrx_word' id='word_1_388' title='bbox 3795 881 4055 947; x_wconf 89' lang='lat' dir='ltr'><strong>eosdem</strong></span> <span class='ocrx_word' id='word_1_389' title='bbox 4102 903 4275 946; x_wconf 90' lang='lat' dir='ltr'><strong>nun-</strong></span> 
     </span>
     <span class='ocr_line' id='line_1_58' title="bbox 2323 963 4273 1047; baseline 0.002 -18"><span class='ocrx_word' id='word_1_390' title='bbox 2323 965 2455 1029; x_wconf 90' lang='lat' dir='ltr'><strong>cios</strong></span> <span class='ocrx_word' id='word_1_391' title='bbox 2499 963 2840 1030; x_wconf 84' lang='lat' dir='ltr'><strong>suaderem</strong></span> <span class='ocrx_word' id='word_1_392' title='bbox 2877 984 3041 1046; x_wconf 83' lang='lat' dir='ltr'><strong>quae</strong></span> <span class='ocrx_word' id='word_1_393' title='bbox 3076 964 3253 1047; x_wconf 86' lang='lat' dir='ltr'><strong>pacis</strong></span> <span class='ocrx_word' id='word_1_394' title='bbox 3289 973 3356 1030; x_wconf 90' lang='lat' dir='ltr'><strong>et</strong></span> <span class='ocrx_word' id='word_1_395' title='bbox 3391 964 3772 1030; x_wconf 89' lang='lat' dir='ltr'><strong>concordiae</strong></span> <span class='ocrx_word' id='word_1_396' title='bbox 3808 976 4013 1034; x_wconf 86' lang='lat' dir='ltr'><strong>erant.</strong></span> <span class='ocrx_word' id='word_1_397' title='bbox 4074 968 4273 1033; x_wconf 81' lang='lat' dir='ltr'><strong>Certe</strong></span> 
     </span>
     <span class='ocr_line' id='line_1_59' title="bbox 2321 1050 4273 1133; baseline 0.002 -19"><span class='ocrx_word' id='word_1_398' title='bbox 2321 1051 2464 1115; x_wconf 90' lang='lat' dir='ltr'><strong>eius</strong></span> <span class='ocrx_word' id='word_1_399' title='bbox 2503 1051 2761 1133; x_wconf 84' lang='lat' dir='ltr'><strong>generis</strong></span> <span class='ocrx_word' id='word_1_400' title='bbox 2805 1052 3069 1115; x_wconf 87' lang='lat' dir='ltr'><strong>fuerunt</strong></span> <span class='ocrx_word' id='word_1_401' title='bbox 3112 1072 3259 1116; x_wconf 89' lang='lat' dir='ltr'><strong>mea</strong></span> <span class='ocrx_word' id='word_1_402' title='bbox 3283 1050 3571 1129; x_wconf 87' lang='lat' dir='ltr'><strong>consilia,</strong></span> <span class='ocrx_word' id='word_1_403' title='bbox 3619 1059 3848 1117; x_wconf 90' lang='lat' dir='ltr'><strong>utnon</strong></span> <span class='ocrx_word' id='word_1_404' title='bbox 3891 1056 4109 1119; x_wconf 91' lang='lat' dir='ltr'><strong>minus</strong></span> <span class='ocrx_word' id='word_1_405' title='bbox 4156 1054 4273 1117; x_wconf 89' lang='lat' dir='ltr'><strong>ha-</strong></span> 
     </span>
     <span class='ocr_line' id='line_1_60' title="bbox 2322 1135 4273 1222; baseline 0.001 -22"><span class='ocrx_word' id='word_1_406' title='bbox 2322 1135 2458 1200; x_wconf 86' lang='lat' dir='ltr'><strong>bita</strong></span> <span class='ocrx_word' id='word_1_407' title='bbox 2500 1136 2699 1201; x_wconf 87' lang='lat' dir='ltr'><strong>fuerit</strong></span> <span class='ocrx_word' id='word_1_408' title='bbox 2741 1158 2781 1201; x_wconf 89' lang='lat' dir='ltr'><strong>a</strong></span> <span class='ocrx_word' id='word_1_409' title='bbox 2826 1158 2929 1201; x_wconf 91' lang='lat' dir='ltr'><strong>me</strong></span> <span class='ocrx_word' id='word_1_410' title='bbox 2973 1136 3297 1203; x_wconf 87' lang='lat' dir='ltr'><strong>amicitiae</strong></span> <span class='ocrx_word' id='word_1_411' title='bbox 3340 1145 3601 1201; x_wconf 85' lang='lat' dir='ltr'><strong>nostrae</strong></span> <span class='ocrx_word' id='word_1_412' title='bbox 3645 1139 3831 1213; x_wconf 84' lang='lat' dir='ltr'><strong>ratio,</strong></span> <span class='ocrx_word' id='word_1_413' title='bbox 3870 1160 4064 1222; x_wconf 90' lang='lat' dir='ltr'><strong>quam</strong></span> <span class='ocrx_word' id='word_1_414' title='bbox 4110 1139 4273 1204; x_wconf 87' lang='lat' dir='ltr'><strong>fides</strong></span> 
     </span>
     <span class='ocr_line' id='line_1_61' title="bbox 2322 1219 4273 1305; baseline 0.001 -19"><span class='ocrx_word' id='word_1_415' title='bbox 2322 1219 2589 1287; x_wconf 88' lang='lat' dir='ltr'><strong>Christo</strong></span> <span class='ocrx_word' id='word_1_416' title='bbox 2633 1232 2701 1285; x_wconf 90' lang='lat' dir='ltr'><strong>et</strong></span> <span class='ocrx_word' id='word_1_417' title='bbox 2758 1222 3067 1288; x_wconf 88' lang='lat' dir='ltr'><strong>ecclesiae</strong></span> <span class='ocrx_word' id='word_1_418' title='bbox 3123 1224 3450 1305; x_wconf 85' lang='lat' dir='ltr'><strong>praestita.</strong></span> <span class='ocrx_word' id='word_1_419' title='bbox 3542 1221 3763 1303; x_wconf 80' lang='lat' dir='ltr'><strong>Quare</strong></span> <span class='ocrx_word' id='word_1_420' title='bbox 3821 1246 3952 1289; x_wconf 91' lang='lat' dir='ltr'><strong>non</strong></span> <span class='ocrx_word' id='word_1_421' title='bbox 4010 1236 4111 1290; x_wconf 90' lang='lat' dir='ltr'><strong>est</strong></span> <span class='ocrx_word' id='word_1_422' title='bbox 4152 1245 4273 1289; x_wconf 81' lang='lat' dir='ltr'><strong>cur</strong></span> 
     </span>
     <span class='ocr_line' id='line_1_62' title="bbox 2318 1308 4271 1394; baseline 0.001 -22"><span class='ocrx_word' id='word_1_423' title='bbox 2318 1329 2424 1372; x_wconf 91' lang='lat' dir='ltr'><strong>me</strong></span> <span class='ocrx_word' id='word_1_424' title='bbox 2465 1329 2690 1373; x_wconf 89' lang='lat' dir='ltr'><strong>eorum</strong></span> <span class='ocrx_word' id='word_1_425' title='bbox 2736 1308 3008 1391; x_wconf 90' lang='lat' dir='ltr'><strong>pudeat,</strong></span> <span class='ocrx_word' id='word_1_426' title='bbox 3068 1308 3175 1373; x_wconf 85' lang='lat' dir='ltr'><strong>vel</strong></span> <span class='ocrx_word' id='word_1_427' title='bbox 3230 1324 3301 1372; x_wconf 87' lang='lat' dir='ltr'><strong>tu</strong></span> <span class='ocrx_word' id='word_1_428' title='bbox 3361 1329 3617 1373; x_wconf 88' lang='lat' dir='ltr'><strong>mecum</strong></span> <span class='ocrx_word' id='word_1_429' title='bbox 3674 1311 4066 1394; x_wconf 82' lang='lat' dir='ltr'><strong>expostules.</strong></span> <span class='ocrx_word' id='word_1_430' title='bbox 4156 1311 4271 1375; x_wconf 93' lang='lat' dir='ltr'><strong>In-</strong></span> 
     </span>
     <span class='ocr_line' id='line_1_63' title="bbox 2318 1392 4270 1480; baseline 0.001 -23"><span class='ocrx_word' id='word_1_431' title='bbox 2318 1394 2507 1475; x_wconf 88' lang='lat' dir='ltr'><strong>quire</strong></span> <span class='ocrx_word' id='word_1_432' title='bbox 2550 1395 2837 1470; x_wconf 88' lang='lat' dir='ltr'><strong>obsecro,</strong></span> <span class='ocrx_word' id='word_1_433' title='bbox 2884 1394 3170 1477; x_wconf 88' lang='lat' dir='ltr'><strong>reperies</strong></span> <span class='ocrx_word' id='word_1_434' title='bbox 3214 1394 3385 1459; x_wconf 88' lang='lat' dir='ltr'><strong>nihil</strong></span> <span class='ocrx_word' id='word_1_435' title='bbox 3429 1416 3469 1460; x_wconf 87' lang='lat' dir='ltr'><strong>a</strong></span> <span class='ocrx_word' id='word_1_436' title='bbox 3511 1416 3618 1459; x_wconf 89' lang='lat' dir='ltr'><strong>me</strong></span> <span class='ocrx_word' id='word_1_437' title='bbox 3662 1397 4039 1477; x_wconf 85' lang='lat' dir='ltr'><strong>profectum,</strong></span> <span class='ocrx_word' id='word_1_438' title='bbox 4098 1392 4270 1480; x_wconf 90' lang='lat' dir='ltr'><strong>quod</strong></span> 
     </span>
     <span class='ocr_line' id='line_1_64' title="bbox 2318 1478 4273 1566; baseline 0.001 -22"><span class='ocrx_word' id='word_1_439' title='bbox 2318 1501 2452 1544; x_wconf 93' lang='lat' dir='ltr'><strong>non</strong></span> <span class='ocrx_word' id='word_1_440' title='bbox 2510 1478 2631 1545; x_wconf 89' lang='lat' dir='ltr'><strong>tibi</strong></span> <span class='ocrx_word' id='word_1_441' title='bbox 2688 1500 3100 1563; x_wconf 88' lang='lat' dir='ltr'><strong>summopere</strong></span> <span class='ocrx_word' id='word_1_442' title='bbox 3155 1480 3413 1563; x_wconf 86' lang='lat' dir='ltr'><strong>placere</strong></span> <span class='ocrx_word' id='word_1_443' title='bbox 3468 1480 3781 1546; x_wconf 88' lang='lat' dir='ltr'><strong>debuerit.</strong></span> <span class='ocrx_word' id='word_1_444' title='bbox 3871 1487 4091 1566; x_wconf 85' lang='lat' dir='ltr'><strong>Atque</strong></span> <span class='ocrx_word' id='word_1_445' title='bbox 4145 1482 4273 1546; x_wconf 90' lang='lat' dir='ltr'><strong>uti·</strong></span> 
     </span>
     <span class='ocr_line' id='line_1_65' title="bbox 2319 1566 4269 1651; baseline 0.002 -22"><span class='ocrx_word' id='word_1_446' title='bbox 2319 1585 2473 1629; x_wconf 90' lang='lat' dir='ltr'><strong>nam</strong></span> <span class='ocrx_word' id='word_1_447' title='bbox 2520 1568 2731 1648; x_wconf 75' lang='lat' dir='ltr'><strong>magis</strong></span> <span class='ocrx_word' id='word_1_448' title='bbox 2774 1566 3116 1631; x_wconf 83' lang='lat' dir='ltr'><strong>familiaris</strong></span> <span class='ocrx_word' id='word_1_449' title='bbox 3173 1567 3306 1631; x_wconf 90' lang='lat' dir='ltr'><strong>tuis</strong></span> <span class='ocrx_word' id='word_1_450' title='bbox 3349 1568 3731 1651; x_wconf 77' lang='lat' dir='ltr'><strong>symmystis</strong></span> <span class='ocrx_word' id='word_1_451' title='bbox 3774 1568 4022 1633; x_wconf 87' lang='lat' dir='ltr'><strong>fuisses.</strong></span> <span class='ocrx_word' id='word_1_452' title='bbox 4112 1569 4269 1645; x_wconf 85' lang='lat' dir='ltr'><strong>Res,</strong></span> 
     </span>
     <span class='ocr_line' id='line_1_66' title="bbox 2316 1653 4271 1733; baseline 0.002 -17"><span class='ocrx_word' id='word_1_453' title='bbox 2316 1659 2393 1716; x_wconf 90' lang='lat' dir='ltr'><strong>ut</strong></span> <span class='ocrx_word' id='word_1_454' title='bbox 2437 1653 2698 1733; x_wconf 89' lang='lat' dir='ltr'><strong>opinor,</strong></span> <span class='ocrx_word' id='word_1_455' title='bbox 2756 1665 3085 1716; x_wconf 87' lang='lat' dir='ltr'><strong>momento</strong></span> <span class='ocrx_word' id='word_1_456' title='bbox 3143 1661 3472 1719; x_wconf 85' lang='lat' dir='ltr'><strong>transacta</strong></span> <span class='ocrx_word' id='word_1_457' title='bbox 3527 1653 3708 1717; x_wconf 84' lang='lat' dir='ltr'><strong>foret.</strong></span> <span class='ocrx_word' id='word_1_458' title='bbox 3798 1653 4063 1719; x_wconf 87' lang='lat' dir='ltr'><strong>Interea</strong></span> <span class='ocrx_word' id='word_1_459' title='bbox 4120 1666 4271 1719; x_wconf 88' lang='lat' dir='ltr'><strong>tuas</strong></span> 
     </span>
     <span class='ocr_line' id='line_1_67' title="bbox 2317 1736 4271 1822; baseline 0.002 -21"><span class='ocrx_word' id='word_1_460' title='bbox 2317 1737 2400 1801; x_wconf 91' lang='lat' dir='ltr'><strong>ad</strong></span> <span class='ocrx_word' id='word_1_461' title='bbox 2425 1736 2755 1803; x_wconf 81' lang='lat' dir='ltr'><strong>Farellum</strong></span> <span class='ocrx_word' id='word_1_462' title='bbox 2798 1738 3023 1802; x_wconf 84' lang='lat' dir='ltr'><strong>literas</strong></span> <span class='ocrx_word' id='word_1_463' title='bbox 3042 1740 3098 1814; x_wconf 74' lang='grc'><strong>2)</strong></span> <span class='ocrx_word' id='word_1_464' title='bbox 3142 1738 3291 1822; x_wconf 86' lang='lat' dir='ltr'><strong>legi,</strong></span> <span class='ocrx_word' id='word_1_465' title='bbox 3338 1759 3420 1802; x_wconf 79' lang='lat' dir='ltr'><strong>ex</strong></span> <span class='ocrx_word' id='word_1_466' title='bbox 3464 1739 3698 1821; x_wconf 88' lang='lat' dir='ltr'><strong>quibus</strong></span> <span class='ocrx_word' id='word_1_467' title='bbox 3740 1738 3927 1805; x_wconf 85' lang='lat' dir='ltr'><strong>olfeci</strong></span> <span class='ocrx_word' id='word_1_468' title='bbox 3973 1741 4271 1805; x_wconf 89' lang='lat' dir='ltr'><strong>animum</strong></span> 
     </span>
     <span class='ocr_line' id='line_1_68' title="bbox 2317 1822 4268 1909; baseline 0.002 -23"><span class='ocrx_word' id='word_1_469' title='bbox 2317 1832 2503 1887; x_wconf 90' lang='lat' dir='ltr'><strong>tuum</strong></span> <span class='ocrx_word' id='word_1_470' title='bbox 2549 1822 2657 1887; x_wconf 81' lang='lat' dir='ltr'><strong>vel</strong></span> <span class='ocrx_word' id='word_1_471' title='bbox 2701 1824 2769 1886; x_wconf 91' lang='lat' dir='ltr'><strong>in</strong></span> <span class='ocrx_word' id='word_1_472' title='bbox 2817 1845 2921 1889; x_wconf 92' lang='lat' dir='ltr'><strong>me</strong></span> <span class='ocrx_word' id='word_1_473' title='bbox 2966 1844 3108 1889; x_wconf 91' lang='lat' dir='ltr'><strong>esse</strong></span> <span class='ocrx_word' id='word_1_474' title='bbox 3152 1824 3619 1903; x_wconf 80' lang='lat' dir='ltr'><strong>exulceratum,</strong></span> <span class='ocrx_word' id='word_1_475' title='bbox 3672 1824 3771 1889; x_wconf 88' lang='lat' dir='ltr'><strong>vel</strong></span> <span class='ocrx_word' id='word_1_476' title='bbox 3813 1825 4089 1909; x_wconf 84' lang='lat' dir='ltr'><strong>obliquis</strong></span> <span class='ocrx_word' id='word_1_477' title='bbox 4125 1845 4268 1890; x_wconf 87' lang='lat' dir='ltr'><strong>sus-</strong></span> 
     </span>
     <span class='ocr_line' id='line_1_69' title="bbox 2316 1909 4267 1991; baseline 0.002 -19"><span class='ocrx_word' id='word_1_478' title='bbox 2316 1909 2681 1991; x_wconf 86' lang='lat' dir='ltr'><strong>picionibus</strong></span> <span class='ocrx_word' id='word_1_479' title='bbox 2724 1911 3057 1974; x_wconf 85' lang='lat' dir='ltr'><strong>infectum.</strong></span> <span class='ocrx_word' id='word_1_480' title='bbox 3144 1910 3744 1976; x_wconf 85' lang='lat' dir='ltr'><strong>Excandescentiae</strong></span> <span class='ocrx_word' id='word_1_481' title='bbox 3801 1932 3956 1977; x_wconf 82' lang='lat' dir='ltr'><strong>vero</strong></span> <span class='ocrx_word' id='word_1_482' title='bbox 4015 1922 4080 1977; x_wconf 91' lang='lat' dir='ltr'><strong>et</strong></span> <span class='ocrx_word' id='word_1_483' title='bbox 4133 1922 4267 1976; x_wconf 90' lang='lat' dir='ltr'><strong>sto-</strong></span> 
     </span>
     <span class='ocr_line' id='line_1_70' title="bbox 2315 1994 4268 2082; baseline 0.001 -23"><span class='ocrx_word' id='word_1_484' title='bbox 2315 1994 2532 2060; x_wconf 87' lang='lat' dir='ltr'><strong>machi</strong></span> <span class='ocrx_word' id='word_1_485' title='bbox 2577 1996 2647 2058; x_wconf 93' lang='lat' dir='ltr'><strong>in</strong></span> <span class='ocrx_word' id='word_1_486' title='bbox 2707 2016 2846 2073; x_wconf 88' lang='lat' dir='ltr'><strong>eos,</strong></span> <span class='ocrx_word' id='word_1_487' title='bbox 2907 1996 3173 2077; x_wconf 88' lang='lat' dir='ltr'><strong>quibus,</strong></span> <span class='ocrx_word' id='word_1_488' title='bbox 3234 2006 3305 2060; x_wconf 92' lang='lat' dir='ltr'><strong>ut</strong></span> <span class='ocrx_word' id='word_1_489' title='bbox 3359 2017 3539 2062; x_wconf 87' lang='lat' dir='ltr'><strong>nunc</strong></span> <span class='ocrx_word' id='word_1_490' title='bbox 3593 1995 3853 2074; x_wconf 87' lang='lat' dir='ltr'><strong>scribis,</strong></span> <span class='ocrx_word' id='word_1_491' title='bbox 3920 1998 4268 2082; x_wconf 86' lang='lat' dir='ltr'><strong>suffragari</strong></span> 
     </span>
     <span class='ocr_line' id='line_1_71' title="bbox 2314 2080 4270 2163; baseline 0.003 -19"><span class='ocrx_word' id='word_1_492' title='bbox 2314 2101 2421 2145; x_wconf 90' lang='lat' dir='ltr'><strong>me</strong></span> <span class='ocrx_word' id='word_1_493' title='bbox 2468 2081 2764 2163; x_wconf 86' lang='lat' dir='ltr'><strong>putabas,</strong></span> <span class='ocrx_word' id='word_1_494' title='bbox 2809 2080 3042 2163; x_wconf 88' lang='lat' dir='ltr'><strong>plenae</strong></span> <span class='ocrx_word' id='word_1_495' title='bbox 3086 2094 3289 2146; x_wconf 86' lang='lat' dir='ltr'><strong>erant.</strong></span> <span class='ocrx_word' id='word_1_496' title='bbox 3381 2080 3548 2160; x_wconf 88' lang='lat' dir='ltr'><strong>Cur,</strong></span> <span class='ocrx_word' id='word_1_497' title='bbox 3608 2084 3664 2148; x_wconf 91' lang='lat' dir='ltr'><strong>si</strong></span> <span class='ocrx_word' id='word_1_498' title='bbox 3719 2084 4071 2149; x_wconf 84' lang='lat' dir='ltr'><strong>amicitiam</strong></span> <span class='ocrx_word' id='word_1_499' title='bbox 4116 2104 4270 2149; x_wconf 91' lang='lat' dir='ltr'><strong>nos-</strong></span> 
     </span>
     <span class='ocr_line' id='line_1_72' title="bbox 2316 2167 4264 2252; baseline 0.002 -23"><span class='ocrx_word' id='word_1_500' title='bbox 2316 2175 2490 2231; x_wconf 90' lang='lat' dir='ltr'><strong>tram</strong></span> <span class='ocrx_word' id='word_1_501' title='bbox 2554 2167 2799 2231; x_wconf 82' lang='lat' dir='ltr'><strong>laesam</strong></span> <span class='ocrx_word' id='word_1_502' title='bbox 2861 2167 3169 2250; x_wconf 87' lang='lat' dir='ltr'><strong>putabas‚</strong></span> <span class='ocrx_word' id='word_1_503' title='bbox 3237 2188 3368 2231; x_wconf 92' lang='lat' dir='ltr'><strong>non</strong></span> <span class='ocrx_word' id='word_1_504' title='bbox 3425 2169 3649 2233; x_wconf 86' lang='lat' dir='ltr'><strong>statim</strong></span> <span class='ocrx_word' id='word_1_505' title='bbox 3704 2180 4093 2252; x_wconf 85' lang='lat' dir='ltr'><strong>conquestus</strong></span> <span class='ocrx_word' id='word_1_506' title='bbox 4148 2170 4264 2235; x_wconf 82' lang='lat' dir='ltr'><strong>es?</strong></span> 
     </span>
     <span class='ocr_line' id='line_1_73' title="bbox 2313 2251 4267 2335; baseline 0.002 -19"><span class='ocrx_word' id='word_1_507' title='bbox 2313 2253 2570 2317; x_wconf 87' lang='lat' dir='ltr'><strong>Verum</strong></span> <span class='ocrx_word' id='word_1_508' title='bbox 2616 2252 2776 2317; x_wconf 89' lang='lat' dir='ltr'><strong>haec</strong></span> <span class='ocrx_word' id='word_1_509' title='bbox 2820 2251 2993 2335; x_wconf 88' lang='lat' dir='ltr'><strong>apud</strong></span> <span class='ocrx_word' id='word_1_510' title='bbox 3051 2273 3158 2316; x_wconf 92' lang='lat' dir='ltr'><strong>me</strong></span> <span class='ocrx_word' id='word_1_511' title='bbox 3213 2253 3465 2318; x_wconf 86' lang='lat' dir='ltr'><strong>occulta</strong></span> <span class='ocrx_word' id='word_1_512' title='bbox 3507 2255 3831 2319; x_wconf 84' lang='lat' dir='ltr'><strong>continui:</strong></span> <span class='ocrx_word' id='word_1_513' title='bbox 3895 2275 3971 2321; x_wconf 89' lang='lat' dir='ltr'><strong>ac</strong></span> <span class='ocrx_word' id='word_1_514' title='bbox 4014 2278 4098 2321; x_wconf 91' lang='lat' dir='ltr'><strong>ne</strong></span> <span class='ocrx_word' id='word_1_515' title='bbox 4142 2257 4267 2321; x_wconf 92' lang='lat' dir='ltr'><strong>mi-</strong></span> 
     </span>
     <span class='ocr_line' id='line_1_74' title="bbox 2314 2338 4267 2423; baseline 0.002 -20"><span class='ocrx_word' id='word_1_516' title='bbox 2314 2338 2533 2404; x_wconf 84' lang='lat' dir='ltr'><strong>nimae</strong></span> <span class='ocrx_word' id='word_1_517' title='bbox 2596 2339 2855 2421; x_wconf 90' lang='lat' dir='ltr'><strong>quidem</strong></span> <span class='ocrx_word' id='word_1_518' title='bbox 2936 2340 3311 2404; x_wconf 89' lang='lat' dir='ltr'><strong>offensionis</strong></span> <span class='ocrx_word' id='word_1_519' title='bbox 3373 2340 3637 2423; x_wconf 87' lang='lat' dir='ltr'><strong>signum</strong></span> <span class='ocrx_word' id='word_1_520' title='bbox 3700 2339 3867 2405; x_wconf 89' lang='lat' dir='ltr'><strong>dedi.</strong></span> <span class='ocrx_word' id='word_1_521' title='bbox 3979 2343 4267 2408; x_wconf 78' lang='lat' dir='ltr'><strong>Tantum</strong></span> 
     </span>
     <span class='ocr_line' id='line_1_75' title="bbox 2315 2423 4267 2507; baseline 0.003 -20"><span class='ocrx_word' id='word_1_522' title='bbox 2315 2423 2591 2501; x_wconf 79' lang='lat' dir='ltr'><strong>dolebat,</strong></span> <span class='ocrx_word' id='word_1_523' title='bbox 2639 2423 2807 2507; x_wconf 91' lang='lat' dir='ltr'><strong>quod</strong></span> <span class='ocrx_word' id='word_1_524' title='bbox 2852 2434 2919 2489; x_wconf 91' lang='lat' dir='ltr'><strong>te</strong></span> <span class='ocrx_word' id='word_1_525' title='bbox 2964 2447 3004 2489; x_wconf 93' lang='lat' dir='ltr'><strong>a</strong></span> <span class='ocrx_word' id='word_1_526' title='bbox 3047 2424 3342 2490; x_wconf 84' lang='lat' dir='ltr'><strong>fraterna</strong></span> <span class='ocrx_word' id='word_1_527' title='bbox 3386 2426 3979 2493; x_wconf 80' lang='lat' dir='ltr'><strong>communicatione</strong></span> <span class='ocrx_word' id='word_1_528' title='bbox 4022 2428 4267 2494; x_wconf 89' lang='lat' dir='ltr'><strong>subdu-</strong></span> 
     </span>
     <span class='ocr_line' id='line_1_76' title="bbox 2314 2510 4270 2593; baseline 0.002 -18"><span class='ocrx_word' id='word_1_529' title='bbox 2314 2530 2511 2576; x_wconf 83' lang='lat' dir='ltr'><strong>ceres.</strong></span> <span class='ocrx_word' id='word_1_530' title='bbox 2604 2511 2705 2575; x_wconf 90' lang='lat' dir='ltr'><strong>De</strong></span> <span class='ocrx_word' id='word_1_531' title='bbox 2755 2510 3108 2576; x_wconf 87' lang='lat' dir='ltr'><strong>tolerandis</strong></span> <span class='ocrx_word' id='word_1_532' title='bbox 3155 2512 3499 2576; x_wconf 87' lang='lat' dir='ltr'><strong>haereticis</strong></span> <span class='ocrx_word' id='word_1_533' title='bbox 3557 2531 3874 2593; x_wconf 86' lang='lat' dir='ltr'><strong>quaenam</strong></span> <span class='ocrx_word' id='word_1_534' title='bbox 3936 2525 4109 2579; x_wconf 88' lang='lat' dir='ltr'><strong>esset</strong></span> <span class='ocrx_word' id='word_1_535' title='bbox 4152 2522 4270 2579; x_wconf 88' lang='lat' dir='ltr'><strong>tua</strong></span> 
     </span>
     <span class='ocr_line' id='line_1_77' title="bbox 2313 2596 4267 2680; baseline 0.002 -19"><span class='ocrx_word' id='word_1_536' title='bbox 2313 2598 2664 2675; x_wconf 87' lang='lat' dir='ltr'><strong>sententia,</strong></span> <span class='ocrx_word' id='word_1_537' title='bbox 2724 2618 2807 2661; x_wconf 81' lang='lat' dir='ltr'><strong>ex</strong></span> <span class='ocrx_word' id='word_1_538' title='bbox 2866 2596 3251 2680; x_wconf 86' lang='lat' dir='ltr'><strong>quibusdam</strong></span> <span class='ocrx_word' id='word_1_539' title='bbox 3310 2598 3490 2662; x_wconf 83' lang='lat' dir='ltr'><strong>scivi.</strong></span> <span class='ocrx_word' id='word_1_540' title='bbox 3579 2599 3682 2662; x_wconf 79' lang='lat' dir='ltr'><strong>Tu</strong></span> <span class='ocrx_word' id='word_1_541' title='bbox 3738 2597 3998 2680; x_wconf 89' lang='lat' dir='ltr'><strong>quidem</strong></span> <span class='ocrx_word' id='word_1_542' title='bbox 4053 2601 4145 2666; x_wconf 85' lang='lat' dir='ltr'><strong>sic</strong></span> <span class='ocrx_word' id='word_1_543' title='bbox 4197 2600 4267 2664; x_wconf 88' lang='lat' dir='ltr'><strong>in</strong></span> 
     </span>
     <span class='ocr_line' id='line_1_78' title="bbox 2313 2682 4267 2751; baseline 0.001 -4"><span class='ocrx_word' id='word_1_544' title='bbox 2313 2682 2550 2747; x_wconf 85' lang='lat' dir='ltr'><strong>umbra</strong></span> <span class='ocrx_word' id='word_1_545' title='bbox 2594 2682 2857 2748; x_wconf 89' lang='lat' dir='ltr'><strong>iudicas.</strong></span> <span class='ocrx_word' id='word_1_546' title='bbox 2949 2686 3042 2746; x_wconf 87' lang='lat' dir='ltr'><strong>At</strong></span> <span class='ocrx_word' id='word_1_547' title='bbox 3087 2684 3143 2748; x_wconf 89' lang='lat' dir='ltr'><strong>si</strong></span> <span class='ocrx_word' id='word_1_548' title='bbox 3198 2682 3317 2747; x_wconf 91' lang='lat' dir='ltr'><strong>tibi</strong></span> <span class='ocrx_word' id='word_1_549' title='bbox 3376 2684 3547 2748; x_wconf 91' lang='lat' dir='ltr'><strong>serio</strong></span> <span class='ocrx_word' id='word_1_550' title='bbox 3592 2683 3705 2749; x_wconf 86' lang='lat' dir='ltr'><strong>bic·</strong></span> <span class='ocrx_word' id='word_1_551' title='bbox 3742 2685 3969 2749; x_wconf 85' lang='lat' dir='ltr'><strong>fuisset</strong></span> <span class='ocrx_word' id='word_1_552' title='bbox 4010 2694 4267 2751; x_wconf 86' lang='lat' dir='ltr'><strong>certan-</strong></span> 
     </span>
     <span class='ocr_line' id='line_1_79' title="bbox 2312 2767 4264 2847; baseline 0.001 -16"><span class='ocrx_word' id='word_1_553' title='bbox 2312 2768 2492 2845; x_wconf 87' lang='lat' dir='ltr'><strong>dum,</strong></span> <span class='ocrx_word' id='word_1_554' title='bbox 2530 2769 2697 2833; x_wconf 85' lang='lat' dir='ltr'><strong>forte</strong></span> <span class='ocrx_word' id='word_1_555' title='bbox 2733 2768 3078 2833; x_wconf 89' lang='lat' dir='ltr'><strong>consilium</strong></span> <span class='ocrx_word' id='word_1_556' title='bbox 3113 2779 3455 2834; x_wconf 87' lang='lat' dir='ltr'><strong>mutasses.</strong></span> <span class='ocrx_word' id='word_1_557' title='bbox 3524 2767 3764 2835; x_wconf 82' lang='lat' dir='ltr'><strong>Sciunt</strong></span> <span class='ocrx_word' id='word_1_558' title='bbox 3798 2778 4016 2835; x_wconf 90' lang='lat' dir='ltr'><strong>tamen</strong></span> <span class='ocrx_word' id='word_1_559' title='bbox 4054 2772 4264 2847; x_wconf 88' lang='lat' dir='ltr'><strong>amici,</strong></span> 
     </span>
     <span class='ocr_line' id='line_1_80' title="bbox 2311 2852 4265 2940; baseline 0 -21"><span class='ocrx_word' id='word_1_560' title='bbox 2311 2874 2509 2936; x_wconf 91' lang='lat' dir='ltr'><strong>quam</strong></span> <span class='ocrx_word' id='word_1_561' title='bbox 2567 2852 2823 2938; x_wconf 88' lang='lat' dir='ltr'><strong>placide</strong></span> <span class='ocrx_word' id='word_1_562' title='bbox 2882 2862 2951 2919; x_wconf 90' lang='lat' dir='ltr'><strong>et</strong></span> <span class='ocrx_word' id='word_1_563' title='bbox 3009 2856 3280 2920; x_wconf 89' lang='lat' dir='ltr'><strong>comiter</strong></span> <span class='ocrx_word' id='word_1_564' title='bbox 3335 2865 3495 2921; x_wconf 89' lang='lat' dir='ltr'><strong>tunc</strong></span> <span class='ocrx_word' id='word_1_565' title='bbox 3547 2857 4029 2933; x_wconf 82' lang='lat' dir='ltr'><strong>excusaverim,</strong></span> <span class='ocrx_word' id='word_1_566' title='bbox 4090 2854 4265 2940; x_wconf 89' lang='lat' dir='ltr'><strong>quod</strong></span> 
     </span>
     <span class='ocr_line' id='line_1_81' title="bbox 2311 2938 4265 3024; baseline 0.001 -19"><span class='ocrx_word' id='word_1_567' title='bbox 2311 2938 2500 3005; x_wconf 88' lang='lat' dir='ltr'><strong>nobis</strong></span> <span class='ocrx_word' id='word_1_568' title='bbox 2541 2960 2773 3021; x_wconf 88' lang='lat' dir='ltr'><strong>parum</strong></span> <span class='ocrx_word' id='word_1_569' title='bbox 2820 2960 2995 3005; x_wconf 89' lang='lat' dir='ltr'><strong>esses</strong></span> <span class='ocrx_word' id='word_1_570' title='bbox 3045 2941 3381 3024; x_wconf 89' lang='lat' dir='ltr'><strong>propitius.</strong></span> <span class='ocrx_word' id='word_1_571' title='bbox 3472 2939 3794 3021; x_wconf 81' lang='lat' dir='ltr'><strong>Quamvis</strong></span> <span class='ocrx_word' id='word_1_572' title='bbox 3839 2962 3878 3005; x_wconf 91' lang='lat' dir='ltr'><strong>a</strong></span> <span class='ocrx_word' id='word_1_573' title='bbox 3920 2942 4106 3007; x_wconf 90' lang='lat' dir='ltr'><strong>nobis</strong></span> <span class='ocrx_word' id='word_1_574' title='bbox 4150 2942 4265 3007; x_wconf 91' lang='lat' dir='ltr'><strong>ho-</strong></span> 
     </span>
     <span class='ocr_line' id='line_1_82' title="bbox 2311 3024 4264 3111; baseline 0.001 -22"><span class='ocrx_word' id='word_1_575' title='bbox 2311 3024 2416 3091; x_wconf 91' lang='lat' dir='ltr'><strong>die</strong></span> <span class='ocrx_word' id='word_1_576' title='bbox 2438 3025 2782 3092; x_wconf 83' lang='lat' dir='ltr'><strong>dissentiat·</strong></span> <span class='ocrx_word' id='word_1_577' title='bbox 2803 3026 2884 3092; x_wconf 91' lang='lat' dir='ltr'><strong>N.</strong></span> <span class='ocrx_word' id='word_1_578' title='bbox 2912 3030 2965 3104; x_wconf 70' lang='grc'><strong>3)</strong></span> <span class='ocrx_word' id='word_1_579' title='bbox 3011 3027 3162 3111; x_wconf 89' lang='lat' dir='ltr'><strong>quia</strong></span> <span class='ocrx_word' id='word_1_580' title='bbox 3194 3034 3417 3091; x_wconf 89' lang='lat' dir='ltr'><strong>tamen</strong></span> <span class='ocrx_word' id='word_1_581' title='bbox 3453 3037 3521 3091; x_wconf 90' lang='lat' dir='ltr'><strong>et</strong></span> <span class='ocrx_word' id='word_1_582' title='bbox 3555 3027 3848 3093; x_wconf 90' lang='lat' dir='ltr'><strong>sincerus</strong></span> <span class='ocrx_word' id='word_1_583' title='bbox 3884 3034 3986 3092; x_wconf 93' lang='lat' dir='ltr'><strong>est</strong></span> <span class='ocrx_word' id='word_1_584' title='bbox 4010 3027 4264 3094; x_wconf 86' lang='lat' dir='ltr'><strong>Christi</strong></span> 
     </span>
     <span class='ocr_line' id='line_1_83' title="bbox 2311 3112 4262 3198; baseline 0.002 -21"><span class='ocrx_word' id='word_1_585' title='bbox 2311 3113 2645 3193; x_wconf 88' lang='lat' dir='ltr'><strong>minister,</strong></span> <span class='ocrx_word' id='word_1_586' title='bbox 2705 3123 2771 3178; x_wconf 89' lang='lat' dir='ltr'><strong>et</strong></span> <span class='ocrx_word' id='word_1_587' title='bbox 2829 3113 3094 3197; x_wconf 88' lang='lat' dir='ltr'><strong>pietatis</strong></span> <span class='ocrx_word' id='word_1_588' title='bbox 3144 3114 3383 3179; x_wconf 88' lang='lat' dir='ltr'><strong>affectu</strong></span> <span class='ocrx_word' id='word_1_589' title='bbox 3440 3114 3726 3198; x_wconf 85' lang='lat' dir='ltr'><strong>regitur,</strong></span> <span class='ocrx_word' id='word_1_590' title='bbox 3785 3112 4019 3179; x_wconf 89' lang='lat' dir='ltr'><strong>deinde</strong></span> <span class='ocrx_word' id='word_1_591' title='bbox 4064 3115 4262 3180; x_wconf 91' lang='lat' dir='ltr'><strong>homo</strong></span> 
     </span>
     <span class='ocr_line' id='line_1_84' title="bbox 2311 3198 4262 3282; baseline 0.002 -19"><span class='ocrx_word' id='word_1_592' title='bbox 2311 3209 2412 3264; x_wconf 91' lang='lat' dir='ltr'><strong>est</strong></span> <span class='ocrx_word' id='word_1_593' title='bbox 2453 3200 2695 3282; x_wconf 91' lang='lat' dir='ltr'><strong>probus</strong></span> <span class='ocrx_word' id='word_1_594' title='bbox 2740 3208 2807 3264; x_wconf 93' lang='lat' dir='ltr'><strong>et</strong></span> <span class='ocrx_word' id='word_1_595' title='bbox 2848 3198 3243 3278; x_wconf 88' lang='lat' dir='ltr'><strong>moderatus,</strong></span> <span class='ocrx_word' id='word_1_596' title='bbox 3288 3200 3478 3266; x_wconf 90' lang='lat' dir='ltr'><strong>nobis</strong></span> <span class='ocrx_word' id='word_1_597' title='bbox 3513 3202 3762 3266; x_wconf 88' lang='lat' dir='ltr'><strong>amicus</strong></span> <span class='ocrx_word' id='word_1_598' title='bbox 3798 3220 3940 3266; x_wconf 92' lang='lat' dir='ltr'><strong>esse</strong></span> <span class='ocrx_word' id='word_1_599' title='bbox 3983 3220 4114 3265; x_wconf 92' lang='lat' dir='ltr'><strong>non</strong></span> <span class='ocrx_word' id='word_1_600' title='bbox 4157 3201 4262 3266; x_wconf 88' lang='lat' dir='ltr'><strong>de-</strong></span> 
     </span>
     <span class='ocr_line' id='line_1_85' title="bbox 2310 3284 4264 3370; baseline 0.002 -21"><span class='ocrx_word' id='word_1_601' title='bbox 2310 3284 2497 3350; x_wconf 91' lang='lat' dir='ltr'><strong>sinet.</strong></span> <span class='ocrx_word' id='word_1_602' title='bbox 2588 3286 2733 3370; x_wconf 86' lang='lat' dir='ltr'><strong>Ego</strong></span> <span class='ocrx_word' id='word_1_603' title='bbox 2777 3284 2875 3350; x_wconf 91' lang='lat' dir='ltr'><strong>illi</strong></span> <span class='ocrx_word' id='word_1_604' title='bbox 2917 3293 3265 3369; x_wconf 89' lang='lat' dir='ltr'><strong>propterea</strong></span> <span class='ocrx_word' id='word_1_605' title='bbox 3319 3285 3633 3352; x_wconf 90' lang='lat' dir='ltr'><strong>molestus</strong></span> <span class='ocrx_word' id='word_1_606' title='bbox 3677 3307 3809 3351; x_wconf 89' lang='lat' dir='ltr'><strong>non</strong></span> <span class='ocrx_word' id='word_1_607' title='bbox 3853 3306 3983 3351; x_wconf 89' lang='lat' dir='ltr'><strong>ero.</strong></span> <span class='ocrx_word' id='word_1_608' title='bbox 4071 3287 4135 3350; x_wconf 91' lang='lat' dir='ltr'>N</span> <span class='ocrx_word' id='word_1_609' title='bbox 4138 3307 4264 3352; x_wconf 91' lang='lat' dir='ltr'><strong>unc</strong></span> 
     </span>
     <span class='ocr_line' id='line_1_86' title="bbox 2313 3369 4262 3455; baseline 0 -18"><span class='ocrx_word' id='word_1_610' title='bbox 2313 3379 2538 3437; x_wconf 87' lang='lat' dir='ltr'><strong>tamen</strong></span> <span class='ocrx_word' id='word_1_611' title='bbox 2577 3371 2748 3436; x_wconf 89' lang='lat' dir='ltr'><strong>lecta</strong></span> <span class='ocrx_word' id='word_1_612' title='bbox 2791 3379 3016 3436; x_wconf 91' lang='lat' dir='ltr'><strong>nostra</strong></span> <span class='ocrx_word' id='word_1_613' title='bbox 3070 3372 3522 3451; x_wconf 77' lang='lat' dir='ltr'><strong>excusatione,</strong></span> <span class='ocrx_word' id='word_1_614' title='bbox 3580 3372 3638 3437; x_wconf 89' lang='lat' dir='ltr'><strong>si</strong></span> <span class='ocrx_word' id='word_1_615' title='bbox 3696 3369 3957 3455; x_wconf 91' lang='lat' dir='ltr'><strong>quidem</strong></span> <span class='ocrx_word' id='word_1_616' title='bbox 4004 3394 4149 3438; x_wconf 90' lang='lat' dir='ltr'><strong>eam</strong></span> <span class='ocrx_word' id='word_1_617' title='bbox 4191 3373 4262 3437; x_wconf 90' lang='lat' dir='ltr'><strong>in</strong></span> 
     </span>
     <span class='ocr_line' id='line_1_87' title="bbox 2311 3456 4262 3542; baseline 0.002 -22"><span class='ocrx_word' id='word_1_618' title='bbox 2311 3477 2545 3521; x_wconf 89' lang='lat' dir='ltr'><strong>manus</strong></span> <span class='ocrx_word' id='word_1_619' title='bbox 2587 3478 2843 3523; x_wconf 86' lang='lat' dir='ltr'><strong>sumere</strong></span> <span class='ocrx_word' id='word_1_620' title='bbox 2887 3456 3195 3540; x_wconf 89' lang='lat' dir='ltr'><strong>dignatus</strong></span> <span class='ocrx_word' id='word_1_621' title='bbox 3230 3479 3322 3536; x_wconf 90' lang='lat' dir='ltr'><strong>es,</strong></span> <span class='ocrx_word' id='word_1_622' title='bbox 3367 3465 3432 3522; x_wconf 90' lang='lat' dir='ltr'><strong>te</strong></span> <span class='ocrx_word' id='word_1_623' title='bbox 3465 3477 3599 3521; x_wconf 89' lang='lat' dir='ltr'><strong>non</strong></span> <span class='ocrx_word' id='word_1_624' title='bbox 3632 3457 3832 3523; x_wconf 86' lang='lat' dir='ltr'><strong>fuisse</strong></span> <span class='ocrx_word' id='word_1_625' title='bbox 3867 3459 4262 3542; x_wconf 84' lang='lat' dir='ltr'><strong>mitigatum,</strong></span> 
     </span>
     <span class='ocr_line' id='line_1_88' title="bbox 2313 3541 4260 3626; baseline 0.002 -20"><span class='ocrx_word' id='word_1_626' title='bbox 2313 3542 2621 3608; x_wconf 88' lang='lat' dir='ltr'><strong>nonnihil</strong></span> <span class='ocrx_word' id='word_1_627' title='bbox 2676 3544 2899 3608; x_wconf 89' lang='lat' dir='ltr'><strong>miror.</strong></span> <span class='ocrx_word' id='word_1_628' title='bbox 3008 3541 3245 3609; x_wconf 62' lang='lat' dir='ltr'><strong>See-veti</strong></span> <span class='ocrx_word' id='word_1_629' title='bbox 3300 3563 3457 3610; x_wconf 83' lang='lat' dir='ltr'><strong>vero</strong></span> <span class='ocrx_word' id='word_1_630' title='bbox 3526 3549 3594 3607; x_wconf 87' lang='lat' dir='ltr'><strong>te</strong></span> <span class='ocrx_word' id='word_1_631' title='bbox 3650 3563 3793 3609; x_wconf 89' lang='lat' dir='ltr'><strong>esse</strong></span> <span class='ocrx_word' id='word_1_632' title='bbox 3849 3542 4260 3626; x_wconf 88' lang='lat' dir='ltr'><strong>discipulum,</strong></span> 
     </span>
     <span class='ocr_line' id='line_1_89' title="bbox 2309 3627 4262 3713; baseline 0.001 -20"><span class='ocrx_word' id='word_1_633' title='bbox 2309 3628 2456 3712; x_wconf 90' lang='lat' dir='ltr'><strong>quis</strong></span> <span class='ocrx_word' id='word_1_634' title='bbox 2500 3650 2791 3712; x_wconf 91' lang='lat' dir='ltr'><strong>unquam</strong></span> <span class='ocrx_word' id='word_1_635' title='bbox 2836 3627 3232 3695; x_wconf 82' lang='lat' dir='ltr'><strong>somniavit?</strong></span> <span class='ocrx_word' id='word_1_636' title='bbox 3302 3628 3586 3710; x_wconf 82' lang='lat' dir='ltr'><strong>Quidvis</strong></span> <span class='ocrx_word' id='word_1_637' title='bbox 3627 3629 3848 3713; x_wconf 87' lang='lat' dir='ltr'><strong>potius</strong></span> <span class='ocrx_word' id='word_1_638' title='bbox 3882 3629 4045 3694; x_wconf 90' lang='lat' dir='ltr'><strong>mihi</strong></span> <span class='ocrx_word' id='word_1_639' title='bbox 4089 3638 4262 3696; x_wconf 89' lang='lat' dir='ltr'><strong>esset</strong></span> 
     </span>
     <span class='ocr_line' id='line_1_90' title="bbox 2310 3712 4264 3798; baseline 0.002 -19"><span class='ocrx_word' id='word_1_640' title='bbox 2310 3712 2634 3792; x_wconf 89' lang='lat' dir='ltr'><strong>credibile,</strong></span> <span class='ocrx_word' id='word_1_641' title='bbox 2680 3735 2879 3798; x_wconf 82' lang='lat' dir='ltr'><strong>quam</strong></span> <span class='ocrx_word' id='word_1_642' title='bbox 2923 3734 2999 3778; x_wconf 92' lang='lat' dir='ltr'><strong>eo</strong></span> <span class='ocrx_word' id='word_1_643' title='bbox 3043 3715 3355 3781; x_wconf 81' lang='lat' dir='ltr'><strong>vesaniae</strong></span> <span class='ocrx_word' id='word_1_644' title='bbox 3399 3723 3463 3780; x_wconf 90' lang='lat' dir='ltr'><strong>te</strong></span> <span class='ocrx_word' id='word_1_645' title='bbox 3507 3735 3651 3780; x_wconf 83' lang='lat' dir='ltr'><strong>esse</strong></span> <span class='ocrx_word' id='word_1_646' title='bbox 3694 3715 4055 3798; x_wconf 87' lang='lat' dir='ltr'><strong>abreptum.</strong></span> <span class='ocrx_word' id='word_1_647' title='bbox 4121 3715 4264 3783; x_wconf 89' lang='lat' dir='ltr'><strong>Neo</strong></span> 
     </span>
     <span class='ocr_line' id='line_1_91' title="bbox 2310 3800 4259 3878; baseline 0.003 -14"><span class='ocrx_word' id='word_1_648' title='bbox 2310 3820 2472 3865; x_wconf 84' lang='lat' dir='ltr'><strong>vero</strong></span> <span class='ocrx_word' id='word_1_649' title='bbox 2515 3801 2820 3878; x_wconf 89' lang='lat' dir='ltr'><strong>arbitror,</strong></span> <span class='ocrx_word' id='word_1_650' title='bbox 2866 3800 3108 3865; x_wconf 87' lang='lat' dir='ltr'><strong>famam</strong></span> <span class='ocrx_word' id='word_1_651' title='bbox 3153 3813 3336 3866; x_wconf 89' lang='lat' dir='ltr'><strong>tuam</strong></span> <span class='ocrx_word' id='word_1_652' title='bbox 3371 3800 3643 3866; x_wconf 82' lang='lat' dir='ltr'><strong>verbulo</strong></span> <span class='ocrx_word' id='word_1_653' title='bbox 3680 3807 3994 3867; x_wconf 87' lang='lat' dir='ltr'><strong>attactam</strong></span> <span class='ocrx_word' id='word_1_654' title='bbox 4036 3800 4259 3868; x_wconf 89' lang='lat' dir='ltr'><strong>fuisse.</strong></span> 
     </span>
     <span class='ocr_line' id='line_1_92' title="bbox 2311 3884 4341 3972; baseline 0 -21"><span class='ocrx_word' id='word_1_655' title='bbox 2311 3884 2504 3967; x_wconf 82' lang='lat' dir='ltr'><strong>Quod</strong></span> <span class='ocrx_word' id='word_1_656' title='bbox 2561 3895 2781 3951; x_wconf 89' lang='lat' dir='ltr'><strong>autem</strong></span> <span class='ocrx_word' id='word_1_657' title='bbox 2842 3886 3188 3953; x_wconf 90' lang='lat' dir='ltr'><strong>diaconum</strong></span> <span class='ocrx_word' id='word_1_658' title='bbox 3246 3895 3436 3952; x_wconf 91' lang='lat' dir='ltr'><strong>tuum</strong></span> <span class='ocrx_word' id='word_1_659' title='bbox 3461 3885 3515 3972; x_wconf 86' lang='lat'><strong>⁴)</strong></span> <span class='ocrx_word' id='word_1_660' title='bbox 3581 3907 3815 3970; x_wconf 88' lang='lat' dir='ltr'><strong>passus</strong></span> <span class='ocrx_word' id='word_1_661' title='bbox 3872 3887 4073 3953; x_wconf 80' lang='lat' dir='ltr'><strong>fueris</strong></span> <span class='ocrx_word' id='word_1_662' title='bbox 4127 3908 4264 3964; x_wconf 86' lang='lat' dir='ltr'><strong>non</strong></span> <span class='ocrx_word' id='word_1_663' title='bbox 4334 3885 4341 3896; x_wconf 86' lang='lat'>&#39;</span> 
     </span>
     <span class='ocr_line' id='line_1_93' title="bbox 2310 3971 4263 4055; baseline 0.002 -18"><span class='ocrx_word' id='word_1_664' title='bbox 2310 3978 2570 4038; x_wconf 89' lang='lat' dir='ltr'><strong>tantum</strong></span> <span class='ocrx_word' id='word_1_665' title='bbox 2631 3973 2799 4038; x_wconf 92' lang='lat' dir='ltr'><strong>mihi</strong></span> <span class='ocrx_word' id='word_1_666' title='bbox 2863 3980 2931 4037; x_wconf 91' lang='lat' dir='ltr'><strong>et</strong></span> <span class='ocrx_word' id='word_1_667' title='bbox 2994 3994 3193 4038; x_wconf 89' lang='lat' dir='ltr'><strong>sanae</strong></span> <span class='ocrx_word' id='word_1_668' title='bbox 3256 3971 3591 4040; x_wconf 88' lang='lat' dir='ltr'><strong>doctrinae</strong></span> <span class='ocrx_word' id='word_1_669' title='bbox 3655 3972 3947 4055; x_wconf 90' lang='lat' dir='ltr'><strong>obloqui,</strong></span> <span class='ocrx_word' id='word_1_670' title='bbox 4014 3972 4123 4039; x_wconf 86' lang='lat' dir='ltr'><strong>sed</strong></span> <span class='ocrx_word' id='word_1_671' title='bbox 4192 3975 4263 4040; x_wconf 87' lang='lat' dir='ltr'><strong>in</strong></span> 
     </span>
     <span class='ocr_line' id='line_1_94' title="bbox 2310 4056 4264 4143; baseline 0.001 -20"><span class='ocrx_word' id='word_1_672' title='bbox 2310 4057 2682 4125; x_wconf 88' lang='lat' dir='ltr'><strong>asserendis</strong></span> <span class='ocrx_word' id='word_1_673' title='bbox 2731 4058 2970 4124; x_wconf 69' lang='lat' dir='ltr'><strong>Servati</strong></span> <span class='ocrx_word' id='word_1_674' title='bbox 3015 4056 3263 4123; x_wconf 88' lang='lat' dir='ltr'><strong>deliriis</strong></span> <span class='ocrx_word' id='word_1_675' title='bbox 3307 4059 3527 4142; x_wconf 89' lang='lat' dir='ltr'><strong>palam</strong></span> <span class='ocrx_word' id='word_1_676' title='bbox 3568 4058 3891 4136; x_wconf 88' lang='lat' dir='ltr'><strong>bacchari,</strong></span> <span class='ocrx_word' id='word_1_677' title='bbox 3938 4060 4087 4143; x_wconf 88' lang='lat' dir='ltr'><strong>quis</strong></span> <span class='ocrx_word' id='word_1_678' title='bbox 4129 4080 4264 4125; x_wconf 88' lang='lat' dir='ltr'><strong>non</strong></span> 
     </span>
     <span class='ocr_line' id='line_1_95' title="bbox 2309 4144 4260 4230; baseline 0 -20"><span class='ocrx_word' id='word_1_679' title='bbox 2309 4145 2471 4210; x_wconf 82' lang='lat' dir='ltr'><strong>vitio</strong></span> <span class='ocrx_word' id='word_1_680' title='bbox 2517 4144 2635 4210; x_wconf 91' lang='lat' dir='ltr'><strong>tibi</strong></span> <span class='ocrx_word' id='word_1_681' title='bbox 2681 4144 3011 4211; x_wconf 80' lang='lat' dir='ltr'><strong>verteret?</strong></span> <span class='ocrx_word' id='word_1_682' title='bbox 3102 4144 3248 4209; x_wconf 91' lang='lat' dir='ltr'><strong>Iam</strong></span> <span class='ocrx_word' id='word_1_683' title='bbox 3300 4153 3377 4210; x_wconf 91' lang='lat' dir='ltr'><strong>ut</strong></span> <span class='ocrx_word' id='word_1_684' title='bbox 3431 4145 3720 4230; x_wconf 85' lang='lat' dir='ltr'><strong>ingenue</strong></span> <span class='ocrx_word' id='word_1_685' title='bbox 3764 4145 3986 4209; x_wconf 87' lang='lat' dir='ltr'><strong>omnia</strong></span> <span class='ocrx_word' id='word_1_686' title='bbox 4027 4144 4260 4223; x_wconf 87' lang='lat' dir='ltr'><strong>fatear,</strong></span> 
     </span>
     <span class='ocr_line' id='line_1_96' title="bbox 2309 4228 4260 4313; baseline -0.001 -18"><span class='ocrx_word' id='word_1_687' title='bbox 2309 4230 2389 4295; x_wconf 92' lang='lat' dir='ltr'><strong>de</strong></span> <span class='ocrx_word' id='word_1_688' title='bbox 2426 4239 2694 4295; x_wconf 88' lang='lat' dir='ltr'><strong>aeterna</strong></span> <span class='ocrx_word' id='word_1_689' title='bbox 2717 4231 2844 4296; x_wconf 93' lang='lat' dir='ltr'><strong>Dei</strong></span> <span class='ocrx_word' id='word_1_690' title='bbox 2880 4228 3472 4313; x_wconf 87' lang='lat' dir='ltr'><strong>praedestinatione</strong></span> <span class='ocrx_word' id='word_1_691' title='bbox 3509 4242 3573 4296; x_wconf 92' lang='lat' dir='ltr'><strong>te</strong></span> <span class='ocrx_word' id='word_1_692' title='bbox 3609 4251 3739 4296; x_wconf 89' lang='lat' dir='ltr'><strong>nou</strong></span> <span class='ocrx_word' id='word_1_693' title='bbox 3776 4237 3952 4297; x_wconf 88' lang='lat' dir='ltr'><strong>recte</strong></span> <span class='ocrx_word' id='word_1_694' title='bbox 3996 4231 4260 4309; x_wconf 90' lang='lat' dir='ltr'><strong>sentire,</strong></span> 
     </span>
     <span class='ocr_line' id='line_1_97' title="bbox 2308 4315 4260 4399; baseline -0.001 -18"><span class='ocrx_word' id='word_1_695' title='bbox 2308 4316 2471 4381; x_wconf 91' lang='lat' dir='ltr'><strong>mihi</strong></span> <span class='ocrx_word' id='word_1_696' title='bbox 2518 4315 2764 4381; x_wconf 87' lang='lat' dir='ltr'><strong>dictum</strong></span> <span class='ocrx_word' id='word_1_697' title='bbox 2810 4327 2927 4380; x_wconf 88' lang='lat' dir='ltr'><strong>est.</strong></span> <span class='ocrx_word' id='word_1_698' title='bbox 2950 4318 3009 4394; x_wconf 69' lang='grc' dir='ltr'><strong>ι”)</strong></span> <span class='ocrx_word' id='word_1_699' title='bbox 3078 4317 3221 4398; x_wconf 85' lang='lat' dir='ltr'><strong>Ego</strong></span> <span class='ocrx_word' id='word_1_700' title='bbox 3264 4317 3387 4382; x_wconf 90' lang='lat' dir='ltr'><strong>etsi</strong></span> <span class='ocrx_word' id='word_1_701' title='bbox 3423 4315 3698 4382; x_wconf 85' lang='lat' dir='ltr'><strong>verebar</strong></span> <span class='ocrx_word' id='word_1_702' title='bbox 3740 4336 3823 4381; x_wconf 91' lang='lat' dir='ltr'><strong>ue</strong></span> <span class='ocrx_word' id='word_1_703' title='bbox 3866 4316 4024 4399; x_wconf 89' lang='lat' dir='ltr'><strong>quid</strong></span> <span class='ocrx_word' id='word_1_704' title='bbox 4069 4323 4260 4393; x_wconf 90' lang='lat' dir='ltr'><strong>esset,</strong></span> 
     </span>
     <span class='ocr_line' id='line_1_98' title="bbox 2309 4401 4262 4486; baseline -0.001 -18"><span class='ocrx_word' id='word_1_705' title='bbox 2309 4423 2568 4485; x_wconf 86' lang='lat' dir='ltr'><strong>semper</strong></span> <span class='ocrx_word' id='word_1_706' title='bbox 2610 4411 2831 4466; x_wconf 85' lang='lat' dir='ltr'><strong>tamen</strong></span> <span class='ocrx_word' id='word_1_707' title='bbox 2866 4403 3085 4467; x_wconf 91' lang='lat' dir='ltr'><strong>minus</strong></span> <span class='ocrx_word' id='word_1_708' title='bbox 3119 4424 3261 4468; x_wconf 88' lang='lat' dir='ltr'><strong>esse</strong></span> <span class='ocrx_word' id='word_1_709' title='bbox 3297 4401 3560 4481; x_wconf 90' lang='lat' dir='ltr'><strong>credidi,</strong></span> <span class='ocrx_word' id='word_1_710' title='bbox 3605 4424 3800 4486; x_wconf 87' lang='lat' dir='ltr'><strong>quam</strong></span> <span class='ocrx_word' id='word_1_711' title='bbox 3841 4402 4069 4467; x_wconf 88' lang='lat' dir='ltr'><strong>audire</strong></span> <span class='ocrx_word' id='word_1_712' title='bbox 4109 4422 4262 4467; x_wconf 89' lang='lat' dir='ltr'><strong>cum</strong></span> 
     </span>
     <span class='ocr_line' id='line_1_99' title="bbox 2310 4486 4263 4572; baseline 0.001 -20"><span class='ocrx_word' id='word_1_713' title='bbox 2310 4488 2731 4554; x_wconf 89' lang='lat' dir='ltr'><strong>acerbissima</strong></span> <span class='ocrx_word' id='word_1_714' title='bbox 2774 4488 3075 4553; x_wconf 86' lang='lat' dir='ltr'><strong>molestia</strong></span> <span class='ocrx_word' id='word_1_715' title='bbox 3118 4488 3412 4572; x_wconf 87' lang='lat' dir='ltr'><strong>cogebar.</strong></span> <span class='ocrx_word' id='word_1_716' title='bbox 3499 4488 3727 4566; x_wconf 88' lang='lat' dir='ltr'><strong>Porro,</strong></span> <span class='ocrx_word' id='word_1_717' title='bbox 3787 4508 3989 4570; x_wconf 89' lang='lat' dir='ltr'><strong>quum</strong></span> <span class='ocrx_word' id='word_1_718' title='bbox 4033 4486 4263 4553; x_wconf 90' lang='lat' dir='ltr'><strong>multis</strong></span> 
     </span>
     <span class='ocr_line' id='line_1_100' title="bbox 2309 4573 4259 4659; baseline -0.001 -21"><span class='ocrx_word' id='word_1_719' title='bbox 2309 4574 2519 4639; x_wconf 91' lang='lat' dir='ltr'><strong>modis</strong></span> <span class='ocrx_word' id='word_1_720' title='bbox 2561 4574 2872 4639; x_wconf 88' lang='lat' dir='ltr'><strong>iniuriam</strong></span> <span class='ocrx_word' id='word_1_721' title='bbox 2917 4573 3082 4639; x_wconf 90' lang='lat' dir='ltr'><strong>mihi</strong></span> <span class='ocrx_word' id='word_1_722' title='bbox 3119 4576 3263 4639; x_wconf 90' lang='lat' dir='ltr'><strong>fieri</strong></span> <span class='ocrx_word' id='word_1_723' title='bbox 3298 4583 3621 4659; x_wconf 88' lang='lat' dir='ltr'><strong>putarem,</strong></span> <span class='ocrx_word' id='word_1_724' title='bbox 3667 4595 3801 4639; x_wconf 89' lang='lat' dir='ltr'><strong>non</strong></span> <span class='ocrx_word' id='word_1_725' title='bbox 3847 4582 4072 4638; x_wconf 89' lang='lat' dir='ltr'><strong>tamen</strong></span> <span class='ocrx_word' id='word_1_726' title='bbox 4116 4593 4259 4638; x_wconf 89' lang='lat' dir='ltr'><strong>sum</strong></span> 
     </span>
     <span class='ocr_line' id='line_1_101' title="bbox 2310 4659 4309 4744; baseline -0.001 -20"><span class='ocrx_word' id='word_1_727' title='bbox 2310 4659 2783 4726; x_wconf 86' lang='lat' dir='ltr'><strong>tumultuatus:</strong></span> <span class='ocrx_word' id='word_1_728' title='bbox 2859 4660 2973 4724; x_wconf 89' lang='lat' dir='ltr'><strong>sed</strong></span> <span class='ocrx_word' id='word_1_729' title='bbox 3033 4659 3178 4725; x_wconf 87' lang='lat' dir='ltr'><strong>illas</strong></span> <span class='ocrx_word' id='word_1_730' title='bbox 3233 4660 3661 4744; x_wconf 86' lang='lat' dir='ltr'><strong>indignitates</strong></span> <span class='ocrx_word' id='word_1_731' title='bbox 3715 4659 3911 4725; x_wconf 88' lang='lat' dir='ltr'><strong>tacito</strong></span> <span class='ocrx_word' id='word_1_732' title='bbox 3967 4679 4260 4723; x_wconf 89' lang='lat' dir='ltr'><strong>moerore</strong></span> <span class='ocrx_word' id='word_1_733' title='bbox 4303 4728 4309 4734; x_wconf 56' lang='lat'><strong>‚</strong></span> 
     </span>
     <span class='ocr_line' id='line_1_102' title="bbox 2307 4745 4260 4827; baseline -0.001 -17"><span class='ocrx_word' id='word_1_734' title='bbox 2307 4745 2626 4811; x_wconf 84' lang='lat' dir='ltr'><strong>devorare</strong></span> <span class='ocrx_word' id='word_1_735' title='bbox 2661 4746 2879 4823; x_wconf 88' lang='lat' dir='ltr'><strong>malui,</strong></span> <span class='ocrx_word' id='word_1_736' title='bbox 2916 4766 3114 4827; x_wconf 91' lang='lat' dir='ltr'><strong>quam</strong></span> <span class='ocrx_word' id='word_1_737' title='bbox 3166 4747 3269 4811; x_wconf 90' lang='lat' dir='ltr'><strong>vel</strong></span> <span class='ocrx_word' id='word_1_738' title='bbox 3315 4746 3641 4812; x_wconf 86' lang='lat' dir='ltr'><strong>amicitiae</strong></span> <span class='ocrx_word' id='word_1_739' title='bbox 3689 4753 3953 4810; x_wconf 84' lang='lat' dir='ltr'><strong>nostrae</strong></span> <span class='ocrx_word' id='word_1_740' title='bbox 3996 4746 4260 4822; x_wconf 81' lang='lat' dir='ltr'><strong>veteris,</strong></span> 
     </span>
     <span class='ocr_line' id='line_1_103' title="bbox 2305 4829 4261 4913; baseline -0.001 -16"><span class='ocrx_word' id='word_1_741' title='bbox 2305 4832 2409 4897; x_wconf 81' lang='lat' dir='ltr'><strong>vel</strong></span> <span class='ocrx_word' id='word_1_742' title='bbox 2447 4833 2921 4897; x_wconf 82' lang='lat' dir='ltr'><strong>coniunctionis</strong></span> <span class='ocrx_word' id='word_1_743' title='bbox 2952 4833 3280 4897; x_wconf 85' lang='lat' dir='ltr'><strong>fraternae</strong></span> <span class='ocrx_word' id='word_1_744' title='bbox 3302 4831 3639 4897; x_wconf 85' lang='lat' dir='ltr'><strong>vinculum</strong></span> <span class='ocrx_word' id='word_1_745' title='bbox 3676 4829 3992 4897; x_wconf 88' lang='lat' dir='ltr'><strong>scindere.</strong></span> <span class='ocrx_word' id='word_1_746' title='bbox 4042 4832 4261 4913; x_wconf 86' lang='lat' dir='ltr'><strong>Atque</strong></span> 
     </span>
     <span class='ocr_line' id='line_1_104' title="bbox 2306 4916 4257 5002; baseline -0.001 -19"><span class='ocrx_word' id='word_1_747' title='bbox 2306 4940 2482 4983; x_wconf 91' lang='lat' dir='ltr'><strong>nunc</strong></span> <span class='ocrx_word' id='word_1_748' title='bbox 2525 4927 2591 4982; x_wconf 90' lang='lat' dir='ltr'><strong>te</strong></span> <span class='ocrx_word' id='word_1_749' title='bbox 2652 4938 2839 5002; x_wconf 81' lang='lat' dir='ltr'><strong>roge,</strong></span> <span class='ocrx_word' id='word_1_750' title='bbox 2902 4929 2975 4982; x_wconf 89' lang='lat' dir='ltr'><strong>ut</strong></span> <span class='ocrx_word' id='word_1_751' title='bbox 3031 4918 3197 4983; x_wconf 91' lang='lat' dir='ltr'><strong>mihi</strong></span> <span class='ocrx_word' id='word_1_752' title='bbox 3257 4918 3488 4984; x_wconf 87' lang='lat' dir='ltr'><strong>saltem</strong></span> <span class='ocrx_word' id='word_1_753' title='bbox 3549 4927 3763 4983; x_wconf 83' lang='lat' dir='ltr'><strong>tacere</strong></span> <span class='ocrx_word' id='word_1_754' title='bbox 3816 4917 4041 4995; x_wconf 86' lang='lat' dir='ltr'><strong>liceat,</strong></span> <span class='ocrx_word' id='word_1_755' title='bbox 4101 4916 4257 4982; x_wconf 91' lang='lat' dir='ltr'><strong>dum</strong></span> 
     </span>
    </p>
   </div>
   <div class='ocr_carea' id='block_1_14' title="bbox 2470 5042 2643 5049">
    <p class='ocr_par' dir='ltr' id='par_1_15' title="bbox 2470 5042 2643 5049">
     <span class='ocr_line' id='line_1_105' title="bbox 2470 5042 2643 5049; baseline 0 1151"><span class='ocrx_word' id='word_1_756' title='bbox 2470 5042 2643 5049; x_wconf 95' lang='lat' dir='ltr'><strong> </strong></span> 
     </span>
    </p>
   </div>
   <div class='ocr_carea' id='block_1_15' title="bbox 2301 5089 4271 5436">
    <p class='ocr_par' dir='ltr' id='par_1_16' title="bbox 2511 5089 2987 5152">
     <span class='ocr_line' id='line_1_106' title="bbox 2511 5089 2987 5152; baseline 0.004 -12"><span class='ocrx_word' id='word_1_757' title='bbox 2511 5089 2574 5152; x_wconf 78' lang='lat'><strong>2)</strong></span> <span class='ocrx_word' id='word_1_758' title='bbox 2610 5106 2721 5143; x_wconf 79' lang='lat' dir='ltr'><strong>non</strong></span> <span class='ocrx_word' id='word_1_759' title='bbox 2754 5096 2987 5144; x_wconf 76' lang='lat' dir='ltr'><strong>eoestant.</strong></span> 
     </span>
    </p>

    <p class='ocr_par' dir='ltr' id='par_1_17' title="bbox 2513 5156 4027 5226">
     <span class='ocr_line' id='line_1_107' title="bbox 2513 5156 4027 5226; baseline 0.001 -15"><span class='ocrx_word' id='word_1_760' title='bbox 2513 5159 2573 5224; x_wconf 89' lang='lat'><strong>3)</strong></span> <span class='ocrx_word' id='word_1_761' title='bbox 2617 5157 2783 5226; x_wconf 77' lang='lat' dir='ltr'><strong>Quem</strong></span> <span class='ocrx_word' id='word_1_762' title='bbox 2819 5161 3018 5213; x_wconf 75' lang='lat' dir='ltr'><strong>innuat</strong></span> <span class='ocrx_word' id='word_1_763' title='bbox 3053 5164 3113 5212; x_wconf 81' lang='lat' dir='ltr'><strong>tu</strong></span> <span class='ocrx_word' id='word_1_764' title='bbox 3148 5157 3355 5214; x_wconf 75' lang='lat' dir='ltr'><strong>videa-3.</strong></span> <span class='ocrx_word' id='word_1_765' title='bbox 3429 5157 3692 5213; x_wconf 73' lang='lat' dir='ltr'><strong>Fortasse</strong></span> <span class='ocrx_word' id='word_1_766' title='bbox 3730 5156 4027 5212; x_wconf 75' lang='lat' dir='ltr'><strong>Sulzerum.</strong></span> 
     </span>
    </p>

    <p class='ocr_par' dir='ltr' id='par_1_18' title="bbox 2511 5225 4118 5295">
     <span class='ocr_line' id='line_1_108' title="bbox 2511 5225 4118 5295; baseline 0.001 -16"><span class='ocrx_word' id='word_1_767' title='bbox 2511 5226 2569 5294; x_wconf 83' lang='lat'><strong>4)</strong></span> <span class='ocrx_word' id='word_1_768' title='bbox 2607 5228 2796 5281; x_wconf 80' lang='lat' dir='ltr'><strong>Etiam</strong></span> <span class='ocrx_word' id='word_1_769' title='bbox 2832 5229 2920 5282; x_wconf 74' lang='lat' dir='ltr'><strong>hic·</strong></span> <span class='ocrx_word' id='word_1_770' title='bbox 2953 5229 3262 5283; x_wconf 75' lang='lat' dir='ltr'><strong>haeremus.-</strong></span> <span class='ocrx_word' id='word_1_771' title='bbox 3299 5226 3396 5281; x_wconf 78' lang='lat' dir='ltr'><strong>sed</strong></span> <span class='ocrx_word' id='word_1_772' title='bbox 3427 5226 3495 5280; x_wconf 82' lang='lat' dir='ltr'><strong>de</strong></span> <span class='ocrx_word' id='word_1_773' title='bbox 3534 5225 3774 5282; x_wconf 77' lang='lat' dir='ltr'><strong>Gethaeo</strong></span> <span class='ocrx_word' id='word_1_774' title='bbox 3806 5229 4118 5295; x_wconf 63' lang='lat' dir='ltr'><strong>coquamus.</strong></span> 
     </span>
    </p>

    <p class='ocr_par' dir='ltr' id='par_1_19' title="bbox 2301 5295 4271 5436">
     <span class='ocr_line' id='line_1_109' title="bbox 2512 5295 4271 5366; baseline 0 -16"><span class='ocrx_word' id='word_1_775' title='bbox 2512 5297 2575 5364; x_wconf 77' lang='grc' dir='ltr'><strong>ὃ)</strong></span> <span class='ocrx_word' id='word_1_776' title='bbox 2612 5296 2694 5350; x_wconf 72' lang='lat' dir='ltr'><strong>Et</strong></span> <span class='ocrx_word' id='word_1_777' title='bbox 2736 5297 2950 5366; x_wconf 72' lang='lat' dir='ltr'><strong>quidem</strong></span> <span class='ocrx_word' id='word_1_778' title='bbox 2997 5313 3109 5350; x_wconf 75' lang='lat' dir='ltr'><strong>non</strong></span> <span class='ocrx_word' id='word_1_779' title='bbox 3155 5296 3357 5366; x_wconf 72' lang='lat' dir='ltr'><strong>absque</strong></span> <span class='ocrx_word' id='word_1_780' title='bbox 3411 5310 3600 5352; x_wconf 78' lang='lat' dir='ltr'><strong>causa.</strong></span> <span class='ocrx_word' id='word_1_781' title='bbox 3682 5295 3804 5350; x_wconf 84' lang='lat' dir='ltr'><strong>Imo</strong></span> <span class='ocrx_word' id='word_1_782' title='bbox 3844 5303 4036 5365; x_wconf 80' lang='lat' dir='ltr'><strong>postea</strong></span> <span class='ocrx_word' id='word_1_783' title='bbox 4081 5296 4271 5366; x_wconf 61' lang='grc' dir='ltr'><strong>’καρίε-</strong></span> 
     </span>
     <span class='ocr_line' id='line_1_110' title="bbox 2301 5366 3143 5436; baseline 0.001 -18"><span class='ocrx_word' id='word_1_784' title='bbox 2301 5366 2504 5434; x_wconf 77' lang='lat' dir='ltr'><strong>patuit.</strong></span> <span class='ocrx_word' id='word_1_785' title='bbox 2577 5366 2816 5436; x_wconf 77' lang='lat' dir='ltr'><strong>(Henry.</strong></span> <span class='ocrx_word' id='word_1_786' title='bbox 2856 5366 2890 5421; x_wconf 82' lang='lat' dir='ltr'><strong>l.</strong></span> <span class='ocrx_word' id='word_1_787' title='bbox 2926 5367 2957 5420; x_wconf 80' lang='lat' dir='ltr'><strong>l.</strong></span> <span class='ocrx_word' id='word_1_788' title='bbox 2994 5366 3143 5432; x_wconf 85' lang='lat'><strong>356.)</strong></span> 
     </span>
    </p>
   </div>
  </div>
 </body>
</html>
