4850 6200
471 404 596 467 ’763

470 592 663 658 detur
706 589 1057 668 excusatio,
1101 587 1273 672 quod
1317 587 1447 653 fide
1484 608 1559 654 ac
1603 588 2017 654 humanitate
2061 594 2179 652 tua
2219 588 2425 653 fretus

471 677 692 744 datam
728 675 844 742 abs
888 685 954 740 te
993 673 1324 741 scribendi
1358 674 1666 740 fiduciam
1711 675 1878 739 mihi
1923 693 2131 739 sumo.
2188 673 2425 757 Itaque

470 771 651 829 certo
682 783 1033 846 persuasus
1069 783 1198 826 non
1235 763 1570 846 ingratum
1614 760 1728 826 tibi
1774 760 1911 825 fore
1952 759 2075 825 hoc
2116 759 2424 839 officium,

470 851 528 916 si
572 849 672 914 tui
709 869 966 931 quoque
1009 847 1319 913 hortandi
1352 857 1577 930 partes
1613 845 1818 912 libere
1862 846 2231 930 suscipiam.
2297 845 2426 911 Ne-

517 955 599 1000 ue
663 935 838 999 enim
905 955 1054 999 eum
1120 945 1183 997 te
1229 934 1562 999 hominem
1627 953 1772 998 esse
1837 933 2160 1011 existimo,
2228 953 2426 1015 quem

471 957 796 1085 delectent
839 1021 1070 1084 inanes
1114 1018 1220 1083 vel
1268 1018 1602 1085 blanditiis
1647 1019 1925 1084 refertae
1969 1018 2216 1096 literae,
2263 1038 2423 1098 qua-

470 1106 569 1172 les
634 1104 716 1169 ad
781 1104 1172 1189 captandam
1238 1106 1521 1188 gratiam
1587 1126 1627 1170 a
1692 1104 1982 1170 ventosis
2049 1103 2424 1169 hominibus

474 1192 668 1259 scribi
726 1192 977 1256 solent:
1044 1190 1158 1256 sed
1224 1211 1265 1254 a
1327 1188 1575 1256 Christi
1644 1211 1835 1256 servo
1872 1191 2084 1274 magis
2131 1190 2313 1271 cupis
2358 1196 2424 1254 et

471 1285 829 1360 exspectas,
853 1276 1023 1360 quod
1049 1277 1310 1360 pietatis
1334 1284 1484 1341 tuae
1519 1295 1907 1360 progressus
1943 1276 2144 1340 iuvet.
2212 1276 2421 1358 Egre-

472 1366 614 1449 gias
673 1385 830 1447 ergo
873 1365 1034 1428 istas
1079 1363 1377 1439 virtutes,
1479 1362 1668 1427 uibus
1728 1372 1790 1426 te
1848 1360 2168 1427 excellere
2213 1360 2426 1437 audio,

471 1471 607 1516 non
663 1449 868 1515 alium
932 1450 1003 1514 in
1058 1450 1262 1514 finem
1317 1383 1588 1513 laudare
1642 1447 1805 1511 mihi
1851 1448 2260 1529 propositum
2306 1456 2422 1523 est,

471 1536 600 1601 nisi
644 1544 722 1599 ut
762 1534 1022 1601 assidue
1054 1535 1125 1599 in
1169 1533 1402 1598 melius
1445 1534 1607 1598 eniti
1650 1553 1902 1616 pergas.
1993 1532 2069 1599 Si
2113 1533 2184 1596 in
2228 1532 2424 1598 Polo-

471 1622 585 1686 nia
646 1622 768 1686 rite
833 1643 918 1686 ex
985 1628 1137 1686 voto
1203 1630 1428 1685 nostro
1495 1622 1897 1702 compositus
1975 1620 2146 1683 foret
2233 1619 2424 1701 regni

473 1706 723 1773 Christi
755 1717 989 1785 status,
1035 1726 1409 1789 quanquam
1454 1705 1576 1769 tibi
1619 1706 1875 1771 facilius
1913 1715 2086 1770 osset
2128 1706 2198 1769 in
2244 1714 2424 1768 tran-

472 1793 676 1877 quillo
713 1791 924 1858 stadio
958 1801 1214 1857 rectum
1238 1813 1502 1856 cursum
1540 1803 1793 1857 tenere:
1832 1813 1937 1855 res
1974 1802 2195 1856 tamen
2231 1791 2428 1855 altior

473 1889 593 1957 est,
661 1900 780 1943 nos
838 1878 1198 1961 approbare
1252 1879 1536 1943 sinceros
1593 1878 1719 1942 Dei
1763 1877 2062 1955 cultores,
2109 1898 2307 1959 quam
2352 1887 2427 1940 ut

472 1966 829 2033 centesima
887 1964 1083 2029 officii
1126 1976 1310 2046 parto
1354 1962 1735 2047 fungantur,
1782 1966 1895 2044 qui
1938 1978 2202 2028 strenue
2246 1962 2425 2027 labo-

476 2050 681 2116 rando
726 2050 888 2115 alios
932 2071 1158 2115 omnes
1202 2058 1535 2131 superant.
1626 2050 1822 2115 Nunc
1879 2051 2076 2114 robus
2121 2049 2424 2127 confusis,

476 2137 589 2201 ubi
671 2134 971 2200 obeunda
1051 2146 1205 2201 sunt
1271 2136 1477 2199 multa
1530 2136 1919 2211 certamina,
1988 2135 2425 2200 resistendum

475 2222 733 2287 fortiter
776 2220 1119 2285 hominum
1164 2223 1531 2304 potentium
1576 2220 1764 2298 odiis,
1809 2221 2184 2305 negligendi
2230 2222 2426 2286 sinis-

479 2308 563 2372 tri
617 2328 931 2383 rumores,
993 2306 1183 2371 multi
1242 2306 1527 2372 insultus
1586 2308 1975 2383 sustinendi,
2043 2304 2425 2372 luctandum

477 2415 626 2460 cum
692 2393 917 2457 multis
982 2393 1350 2469 obstaculis,
1418 2391 1733 2458 tentanda
1776 2394 1975 2457 etiam
2027 2393 2424 2469 discrimina,

476 2500 674 2564 quam
700 2478 818 2543 tibi
862 2478 1021 2542 utile
1058 2480 1145 2543 sit
1181 2489 1322 2542 tum
1362 2478 1444 2542 ad
1485 2480 1808 2544 servorem
1832 2480 2104 2545 subinde
2143 2478 2424 2557 incitari,

475 2576 617 2629 tum
684 2563 767 2630 ad
813 2566 1251 2631 constantiam
1318 2567 1617 2643 animari,
1680 2566 1920 2631 referre
1980 2586 2242 2630 necesse
2289 2584 2427 2629 non

476 2661 606 2717 est:
644 2652 797 2733 quia
841 2652 978 2733 ipse
1013 2651 1160 2734 plus
1197 2652 1357 2716 satis
1380 2652 1758 2734 experieris.
1828 2651 1974 2714 Iam
2018 2672 2175 2716 vero
2221 2671 2427 2732 quum

473 2739 546 2802 in
598 2738 728 2803 ista
784 2736 1105 2821 dignitate
1157 2758 1475 2820 magnum
1524 2738 1646 2802 tibi
1686 2759 1851 2803 onus
1899 2738 1987 2802 sit
2028 2738 2428 2819 impositum,

474 2845 609 2888 non
652 2834 875 2887 tamen
912 2824 1085 2889 cedit
1129 2824 1312 2888 Deus
1356 2824 1502 2889 iure
1546 2843 1682 2902 suo,
1740 2843 1954 2906 neque
1998 2822 2257 2901 desinit,
2303 2843 2429 2905 quo

475 2918 542 2974 te
586 2910 658 2974 in
701 2909 930 2974 altiore
974 2908 1239 2975 honoris
1284 2910 1496 2994 gradu
1535 2910 1793 2989 locavit,
1839 2930 1915 2974 eo
1973 2910 2188 2993 magis
2230 2909 2426 2974 fidem

476 3002 664 3060 tuam
710 2995 1093 3060 obstrictam
1136 2996 1262 3061 sibi
1306 3008 1545 3061 tenere.
1636 2995 1807 3060 Nam
1863 3017 1991 3079 quo
2048 2994 2197 3079 plus
2254 2994 2426 3078 apud

477 3103 800 3165 quemque
858 3080 1181 3165 deposuit,
1248 3103 1324 3146 eo
1381 3082 1579 3148 otiam
1644 3082 1794 3165 plus
1838 3081 2103 3167 exigere
2147 3101 2428 3166 aequum

475 3175 594 3233 est.
682 3168 865 3252 Ergo
908 3188 1116 3251 quum
1159 3177 1224 3233 te
1261 3189 1394 3232 non
1437 3168 1774 3234 hominem
1818 3189 1904 3233 ex
1947 3168 2163 3235 medio
2207 3168 2425 3253 vulgo,

478 3252 594 3319 sed
639 3274 847 3318 unum
882 3274 966 3318 ex
1013 3254 1345 3335 primariis
1378 3255 1556 3319 inter
1598 3274 1838 3339 paucos
1873 3253 2190 3339 delegerit
2232 3275 2428 3337 quom

474 3360 560 3405 ex
625 3337 846 3404 densis
911 3340 1323 3423 ignorantiae
1383 3339 1672 3407 tenebris
1737 3340 2105 3420 liberatum,
2164 3340 2428 3410 coelesti

476 3425 810 3508 evangelii
863 3425 1159 3492 doctrina
1217 3427 1609 3493 illustraret:
1670 3428 1726 3492 si
1782 3427 1906 3494 hoc
1950 3425 2426 3493 inaestimabile

473 3511 871 3577 beneficium
915 3532 1034 3577 suo
1090 3514 1306 3596 pretio
1354 3514 1681 3592 aestimas,
1743 3514 1865 3579 hac
1921 3513 2065 3598 lege
2121 3514 2238 3578 tibi
2299 3512 2426 3578 col·

471 3596 683 3662 latum
728 3618 872 3664 esse
914 3597 1275 3664 menineris
1317 3609 1393 3664 ut
1434 3599 1580 3665 aliis
1624 3601 2020 3683 praeluceas.
2105 3600 2199 3664 Et
2248 3606 2425 3665 certe

467 3682 657 3749 vides
712 3704 911 3767 quam
957 3686 1317 3749 multorum
1362 3686 1432 3749 in
1477 3695 1543 3750 te
1586 3687 1857 3752 coniecti
1915 3687 2052 3751 sint
2107 3683 2296 3764 oculi,
2351 3697 2426 3749 ut

469 3790 581 3835 eos
635 3779 827 3836 tuum
880 3770 1257 3855 exemplum
1314 3771 1426 3836 vel
1481 3785 1789 3850 moretur,
1851 3772 1957 3837 vel
2013 3770 2423 3837 exstimulet:

473 3876 550 3921 ac
584 3856 781 3921 simul
818 3858 1081 3940 cogites,
1119 3858 1174 3922 si
1219 3870 1371 3923 tuae
1394 3856 1681 3923 desidiae
1716 3856 2060 3923 mediocris
2103 3878 2247 3923 esse
2290 3877 2426 3922 non

470 3950 687 4020 potest
733 3944 1002 4020 iactura,
1069 3942 1329 4026 culpam
1392 3964 1645 4026 quoque
1701 3965 1837 4008 non
1896 3945 2215 4008 minorem
2267 3942 2423 4010 fore.

469 4027 659 4093 Haec
693 4047 849 4093 vero
886 4029 1219 4110 praeclara
1250 4030 1415 4094 bene
1449 4029 1686 4115 agendi
1729 4030 1981 4096 occasio
2023 4040 2089 4095 et
2130 4029 2423 4106 facultas,

472 4112 643 4196 qnod
681 4113 893 4197 Regia
937 4114 1253 4181 Maiestas
1295 4115 1459 4180 adeo
1503 4136 1639 4181 non
1684 4115 2140 4182 adversabitur
2182 4116 2427 4183 sanctis

470 4199 610 4263 tuis
645 4199 898 4278 studiis,
945 4212 1016 4264 ut
1066 4202 1284 4283 potius
1327 4222 1598 4267 manum
1638 4202 1972 4287 porrigere
2031 4204 2119 4268 sit
2174 4211 2424 4287 parata,

472 4285 605 4351 nisi
639 4288 933 4350 animum
957 4286 1076 4351 tibi
1112 4286 1329 4366 addat,
1354 4289 1840 4353 excusationem
1863 4288 2128 4354 adimet.
2194 4287 2426 4373 Neque

476 4370 654 4436 enim
700 4393 907 4454 usque
950 4372 1033 4438 ad
1078 4373 1468 4457 sanguinem
1513 4375 1631 4439 tibi
1688 4374 2074 4440 certandum
2120 4383 2248 4441 est:
2309 4377 2428 4440 sic-

472 4456 575 4522 uti
631 4457 825 4521 multi
870 4459 939 4521 in
984 4458 1208 4525 Gallia
1250 4468 1475 4524 nostra
1516 4459 1771 4539 fideles,
1831 4480 1996 4543 quos
2052 4461 2274 4526 omnia
2313 4461 2426 4526 ad-

471 4543 769 4609 iumenta
802 4542 1134 4624 deficiunt,
1177 4544 1463 4629 quotidie
1486 4567 1603 4628 pro
1645 4546 1799 4612 fidei
1843 4568 1999 4612 suae
2021 4547 2429 4615 confessione

476 4630 691 4712 capita
711 4629 781 4693 in
807 4631 1197 4696 sacrificium
1234 4632 1472 4697 offerre
1495 4642 1838 4718 coguntur.
1909 4632 2191 4714 Quando
2233 4633 2427 4718 longe

472 4716 701 4781 mitius
747 4726 965 4780 tecum
1001 4718 1109 4800 agi
1150 4715 1354 4796 vides,
1403 4718 1762 4785 animosius
1786 4742 1861 4786 ac
1905 4721 2117 4804 magis
2161 4729 2427 4786 strenue

474 4802 746 4884 exsequi
809 4803 1140 4882 convenit,
1203 4803 1377 4887 quod
1442 4804 1563 4870 tibi
1619 4814 1717 4871 est
1774 4805 1859 4872 ad
1902 4828 2194 4886 manum,
2239 4814 2316 4870 ut
2360 4814 2427 4870 te

475 4885 650 4971 Regi
695 4885 1131 4954 Serenissimo
1185 4890 1256 4953 in
1310 4889 1744 4974 repurgandis
1798 4901 2079 4975 papatus
2129 4891 2427 4958 sordibus

472 4972 681 5038 fidum
703 4975 1008 5040 comitem
1032 4995 1108 5041 ac
1136 4976 1515 5042 ministrum
1540 4977 1869 5043 exhibeas.
1929 4980 2149 5062 Atque
2172 4979 2427 5044 utinam

474 5079 551 5124 re
604 5058 748 5142 ipsa
823 5060 1169 5127 ostendere
1235 5060 1464 5128 liceret
1518 5084 1647 5146 quo
1713 5065 1932 5128 animo
1988 5063 2150 5130 haec
2195 5065 2421 5131 scribo.

476 5142 613 5209 Sed
648 5145 804 5226 quia
844 5168 1091 5227 vereor,
1128 5167 1212 5214 ne
1249 5155 1400 5214 tuae
1442 5149 1513 5213 in
1536 5149 1888 5215 asserenda
1922 5148 2173 5216 Christi
2214 5151 2426 5235 gloria

473 5228 843 5296 fortitudini
890 5232 1184 5300 diffidere
1226 5233 1474 5313 videar,
1519 5255 1626 5300 me
1660 5235 1878 5319 ipsum
1923 5235 2208 5302 cohibeo.
2274 5236 2423 5304 Hoc

471 5325 697 5396 restat,
741 5327 818 5381 ut
860 5339 977 5402 pro
1012 5320 1509 5387 benevolentiae
1543 5321 1998 5406 comitatisque
2034 5323 2421 5402 testimonio,

1980 395 2508 479 EPISTOLAE
2554 399 2981 464 2291-2293

4355 399 4484 463 764

2529 582 2705 670 quod
2759 586 2833 651 in
2898 586 3033 653 tuis
3089 586 3172 653 ad
3230 586 3312 652 N.
3374 586 3583 653 literis
3639 586 3964 671 perspexi,
4011 586 4300 653 vicissim
4332 607 4486 653 mea

2529 672 2648 738 tibi
2716 672 3043 757 obsequia,
3109 693 3342 756 meque
3400 673 3560 739 adeo
3620 681 3849 752 totum,
3908 673 4270 757 quantulus
4313 694 4482 754 sum,

2529 757 2836 824 deferam.
2928 760 3148 825 Deum
3213 760 3467 825 interea
3525 759 3839 842 precabor
3883 767 3960 823 ut
4002 767 4069 823 te
4113 759 4225 824 diu
4265 768 4487 825 servet

2526 845 2939 923 incolumem,
2995 845 3235 928 spiritu
3289 867 3407 911 suo
3451 854 3639 930 regat
3692 845 4145 929 praesidioque
4198 852 4484 911 tueatur.

2525 930 2714 1007 Vale,
2760 931 3106 1016 magnifice
3149 939 3217 997 et
3258 930 3537 1016 insignis
3582 932 3884 997 Domine.
3966 932 4298 1010 Genevae,
4344 931 4485 997 Idi-

2529 1016 2654 1082 bus
2698 1016 3071 1101 Septembr.
3128 1022 3309 1083 1555.

3401 1566 3598 1635 2292.

2911 1702 3415 1771 MUSOULUS
3460 1701 4101 1771 BULLINGERO.

2704 1876 2984 1942 Iamiam
3040 1895 3196 1958 opus
3249 1880 3404 1940 esset
3459 1881 3527 1940 ut
3589 1875 3961 1941 Twricenses
4014 1880 4126 1940 aut
4181 1875 4301 1940 alii
4354 1896 4492 1942 sese

2528 1966 2998 2115 {imponerent
3063 1983 3140 2027 ne
3181 1981 3283 2027 res
3332 1961 3707 2029 Genevenses
3750 1962 3823 2026 in
3877 1982 4193 2027 summum
4235 1963 4491 2028 veniant

2573 2070 2882 2115 wcrzmen.

2530 2222 2896 2302 (Excerptum
2940 2236 3007 2272 ex
3053 2219 3388 2340 autogr-aimo
3433 2219 3602 2273 Areh.
3648 2218 3826 2299 Turio.
3870 2219 4021 2276 Plut.
4059 2218 4156 2273 VI.
4204 2221 4328 2274 Vol.
4366 2219 4487 2288 153,

2751 2291 2882 2342 olim
2916 2289 3057 2357 Epp.
3097 2288 3222 2342 Vol.
3297 2286 3344 2353 1,
3379 2288 3471 2344 fol.
3506 2285 3631 2342 205.
3669 2315 3733 2325 --
3772 2288 3968 2342 Simler
4004 2288 4124 2344 Vol.
4159 2288 4276 2356 85.)

2702 2462 3284 2527 Praestantissimo
3330 2459 3631 2544 theologo
3669 2460 3761 2525 M.
3797 2460 4184 2544 Heinrycho
4219 2460 4491 2526 Bullin-

2534 2570 2689 2633 gero
2733 2546 3001 2613 domino
3046 2567 3121 2613 ac
3164 2547 3480 2631 compatri
3530 2566 3650 2612 suo
3692 2546 3887 2631 longe
3923 2546 4287 2647 carissimo..

4061 2633 4310 2717 Tiguri.

2536 2893 2886 2962 Caeterum
2930 2890 3013 2957 de
3057 2892 3560 2958 Genevensibus
3603 2913 3716 2957 oro
3757 2890 4128 2958 consideres
4171 2913 4337 2974 quae
4371 2911 4493 2975 per

2532 2981 2620 3046 D.
2667 2978 3004 3044 Hallerwm
3061 2976 3144 3043 ad
3201 2985 3267 3042 te
3311 2978 3564 3061 scripsi.
3652 2977 3875 3044 Causa
3908 2988 4008 3042 est
4065 2978 4292 3062 magni
4344 2997 4491 3042 mo-

2535 3065 2761 3132 menti.
2856 3064 3302 3131 Vehementer
3357 3073 3577 3131 metuo
3640 3063 3738 3129 illi
3796 3064 4124 3130 ecclesiae.
4214 3064 4305 3129 Et
4359 3062 4493 3129 nisi

2533 3173 2642 3218 me
2683 3152 2919 3218 fallant
2961 3152 3181 3217 omnia
3227 3150 3531 3217 Calvinus
3572 3172 3705 3216 non
3748 3161 3850 3217 est
3885 3151 3958 3215 in
4002 3150 4125 3217 hoc
4168 3149 4491 3215 disturbio

2532 3241 2692 3305 satis
2714 3238 3048 3322 providus.
3108 3235 3296 3320 Opus
3318 3247 3492 3303 esset
3533 3238 3696 3303 viris
3720 3237 4001 3303 cordatis
4024 3236 4138 3320 qui
4171 3258 4241 3303 se
4276 3239 4487 3301 inter-

2530 3333 2867 3409 ponerent.
2937 3322 3252 3390 Officium
3297 3322 3421 3391 hoc
3463 3332 3638 3389 esset
3680 3332 3975 3389 vestrum
4010 3322 4119 3390 vel
4159 3322 4491 3389 Basilien·

2531 3413 2725 3476 sium.
2769 3410 2984 3475 Doleo
3027 3408 3375 3475 Nicolaum
3416 3430 3460 3476 a
3507 3409 3744 3475 Pueris
3764 3410 3817 3494 ¹)
3854 3429 3988 3474 non
4030 3429 4174 3475 esse
4229 3408 4314 3475 ad
4369 3429 4491 3475 vos

2531 3518 2683 3563 cnm
2750 3497 2835 3563 D.
2883 3495 3166 3574 Hallem,
3234 3496 3430 3562 sicuti
3496 3496 3946 3576 constituerat,
4014 3494 4401 3578 profectum,
4449 3516 4493 3561 a

2532 3603 2659 3668 quo
2703 3583 3028 3666 potuisses
3072 3581 3152 3647 de
3212 3582 3336 3648 hac
3396 3602 3594 3648 causa
3649 3581 3910 3648 abunde
3974 3581 4234 3647 instrui.
4273 3616 4354 3630 ·-
4402 3617 4490 3631 —-

2530 3706 2615 3715 —
2657 3707 2741 3716 —
2779 3705 2862 3716 —
2909 3668 3169 3735 Bernae
3221 3671 3318 3732 13.
3365 3666 3772 3752 Septembris
3824 3671 4007 3732 1555.

3568 3805 4012 3890 Wolfgangus
4055 3805 4401 3873 Masculus

3675 3901 3830 3957 tuus
3870 3892 3939 3957 in
3983 3892 4291 3959 Domino.

3351 4187 3710 4195 -=--—-——---—

3406 4406 3602 4478 2293.

2835 4543 3703 4614 SANC'PANDREAN'US
3747 4546 4187 4615 CALVINO.

2708 4717 2957 4784 Narrat
2987 4719 3283 4800 quomodo
3331 4717 3600 4785 Senatus
3643 4717 4208 4802 Francofordensis
4250 4717 4485 4785 librum

2530 4807 2663 4887 ipsi
2716 4806 2996 4872 dicatum
3059 4805 3380 4888 emper-ft.
3474 4803 3683 4871 Simul
3745 4805 3866 4872 iter
3925 4806 3998 4872 in
4069 4804 4485 4872 Germaniam

2529 4892 2891 4974 inferiorem
2933 4893 3335 4975 v‘nyressurus
3376 4889 3724 4958 abscindam
3753 4892 4087 4977 lonyiorem
4130 4896 4401 4958 excusat.
4431 4895 4481 4969 ¹)

2528 5063 2717 5118 2292.
2739 5063 2800 5131 1)
2836 5060 3119 5118 Zerkt'ntes
3137 5063 3399 5130 (nominis
3416 5064 3778 5120 translatione
3794 5062 4104 5118 Zerkinden
4127 5063 4267 5119 satio
4281 5062 4480 5130 dubia)

2533 5132 2619 5197 Cf.
2659 5133 2879 5187 Calvino·
2909 5148 2992 5202 ep.
3026 5132 3104 5187 ad
3133 5133 3281 5188 hunc
3312 5131 3397 5186 21.
3435 5131 3599 5188 Febr.
3638 5130 3775 5187 1556
3808 5134 4014 5190 datan.

2530 5200 2719 5256 2298.
2743 5202 2802 5262 1)
2837 5201 2918 5255 Le
2963 5202 3211 5256 ministre
3261 5201 3314 5256 S.
3349 5201 3541 5255 Andre
3588 5203 3849 5271 (pasteur
3880 5203 3918 5258 ὰ
3955 5201 4153 5272 Μαίης
4197 5207 4248 5258 ot
4280 5199 4486 5272 Jmsy)

2526 5271 2795 5396 ῗὲωἰηοξίἇ
2812 5287 2904 5407 )ιιη
2939 5271 3109 5341 conge
3155 5286 3296 5340 pour
3341 5271 3477 5326 aller
3513 5269 3546 5324 ιὶ
3579 5271 3881 5326 Francfort.
3953 5269 4116 5340 (Req.
4150 5269 4228 5326 du
4267 5269 4486 5327 cosma
