4850 6200
457 411 583 475 567

451 596 782 679 cavimus,
840 616 1119 682 eumque
1160 595 1357 665 officii
1413 598 1515 664 sui
1558 595 2042 676 admonuimus,
2100 618 2186 665 ne
2227 602 2413 681 pate-

453 689 644 752 retur
701 692 958 750 tantum
1012 683 1231 750 virum
1286 682 1610 769 supprimi
1651 683 1735 750 ab
1791 680 1927 750 illis
1978 681 2414 750 calumniato-

455 771 660 836 ribus.
718 769 1232 853 Susceperamus
1267 769 1464 836 etiam
1502 769 1675 852 quod
1699 768 2014 835 vellemus
2051 768 2136 834 ad
2170 766 2413 835 classes

453 875 688 923 omnes
742 855 1027 923 scribere
1080 876 1199 940 pro
1252 855 1600 923 concordia
1640 855 1714 920 in
1768 854 2071 921 doctrina
2111 860 2233 920 etc.
2320 854 2414 919 Et

455 941 809 1009 videbatur
850 952 1120 1009 senatus
1161 942 1233 1007 in
1290 943 1688 1009 sententiam
1730 949 2023 1007 nostram
2068 939 2420 1006 inclinare.-

455 1027 810 1095 Admissus
868 1039 1094 1094 tamen
1153 1039 1376 1111 postea
1433 1026 1739 1096 Calvinus
1795 1036 1864 1093 et
1915 1024 2211 1092 Farellus
2266 1027 2411 1110 (qui

453 1112 611 1180 huic
675 1113 1021 1197 posteriori
1090 1134 1353 1199 pugnae
1416 1134 1674 1198 quoque
1747 1110 2078 1198 interfuit)
2144 1113 2412 1198 gravius

454 1197 935 1266 exacerbarunt
977 1209 1283 1266 senatum
1325 1220 1523 1283 quam
1565 1200 1746 1283 prius
1790 1219 2100 1282 unquam.
2169 1198 2410 1282 Itaque

453 1287 530 1349 in
593 1285 885 1351 medium
952 1296 1094 1351 tum
1159 1285 1453 1371 prolatae
1517 1283 1746 1352 literae
1809 1285 1881 1350 in
1945 1284 2186 1370 quibus
2249 1283 2409 1351 olim

454 1368 750 1457 Zuinylii
807 1370 1175 1438 doctrinam
1230 1370 1465 1437 falsam
1520 1379 1588 1437 et
1642 1371 2074 1456 perniciosam
2132 1390 2406 1437 vocave-

457 1466 581 1522 rat.
613 1459 696 1534 ¹⁰)
782 1457 1092 1523 Prolatae
1145 1462 1212 1523 et
1267 1457 1433 1524 aliae
1492 1455 1807 1541 quaedam
1864 1457 1946 1523 ab
2006 1457 2149 1541 ipso
2193 1454 2280 1522 ad
2322 1456 2407 1521 D.

457 1540 810 1613 Fanessum
852 1543 1154 1628 scriptae,
1210 1542 1284 1608 in
1330 1542 1581 1626 quibus,
1636 1549 1715 1608 ut
1758 1542 1952 1609 audio
1998 1542 2185 1629 (nam
2227 1542 2410 1626 ipsas

454 1649 590 1695 non
649 1628 847 1711 vidi),
900 1627 1372 1696 confessionem
1434 1640 1721 1696 vestram
1776 1641 2005 1695 contra
2059 1627 2409 1694 Lutherum

453 1722 663 1792 taxat,
730 1723 797 1780 et
859 1713 993 1780 alia
1045 1714 1275 1780 multa.
1377 1714 1698 1781 Extrema
1761 1714 1871 1780 hic
1934 1723 2189 1780 tentata
2251 1724 2410 1781 sunt
2452 1771 2460 1795 ,

454 1799 791 1885 utrinque,
826 1808 894 1865 et
929 1801 1199 1886 gravior
1233 1799 1502 1867 tandem
1525 1821 1722 1886 quam
1753 1800 1942 1885 prius
1973 1802 2048 1866 in
2074 1797 2410 1870 Calvimm

454 1887 788 1952 sententia
841 1884 977 1953 lata
1030 1896 1148 1953 est.
1235 1886 1501 1969 Reliqui
1545 1884 1675 1951 duo
1719 1894 1980 1952 tantum
2023 1906 2158 1951 non
2214 1885 2407 1952 iusti-

451 1972 631 2038 ficati
698 1971 1107 2038 videbantur.
1218 1971 1647 2039 Genevenses
1709 1992 2098 2055 responsum
2163 1973 2292 2038 scri
2341 1982 2410 2036 to

449 2055 576 2122 sibi
597 2130 600 2133 Α
620 2055 762 2122 dari
806 2059 1144 2141 petebant:
1190 2058 1361 2143 quod
1404 2059 1564 2143 ipsis
1608 2078 2012 2125 concessum.
2101 2055 2238 2124 Sed
2327 2079 2406 2123 ιι-

447 2143 591 2208 rius
634 2143 842 2209 multo
886 2151 1028 2209 erat
1069 2144 1388 2230 scriptum
1423 2165 1620 2227 quam
1670 2143 1994 2210 sententia
2035 2144 2253 2209 fuerat
2294 2164 2407 2209 ore

451 2228 742 2295 consulis
799 2229 959 2314 ipsis
1018 2228 1190 2296 data.
1276 2229 1510 2315 Itaque
1551 2226 1748 2296 tertio
1789 2231 2034 2296 iterum
2085 2227 2169 2294 ad
2211 2251 2406 2296 sena-

451 2321 594 2379 tum
653 2312 1001 2381 redeuntes
1061 2316 1542 2402 mitigationem
1601 2315 1886 2399 aliquam
1944 2316 2404 2398 impetrarunt,

451 2399 648 2465 talem
709 2406 931 2466 tamen
986 2410 1066 2467 ut
1125 2423 1258 2467 non
1317 2403 1460 2469 sine
1519 2402 1858 2468 stomacho
1899 2402 2188 2467 maximo
2248 2401 2405 2467 hinc

451 2483 902 2636 discedsserint,
969 2488 1216 2572 ,reliqui
1295 2508 1450 2554 vero
1527 2496 1841 2572 tanquam
1919 2488 2203 2554 victores
2280 2486 2404 2553 sibi

444 2593 493 2655 p
522 2592 604 2637 au
653 2578 786 2637 ant.

622 2657 1050 2742 Hieronymus
1091 2658 1382 2726 medicus
1423 2660 1530 2725 his
1586 2680 1673 2743 pu
1775 2661 1828 2726 's
1871 2678 2007 2724 non
2066 2660 2402 2725 interfuit:

445 2742 633 2808 venit
671 2742 933 2809 demum
969 2744 1262 2831 digresso
1288 2743 1563 2821 Calvino,
1600 2767 1679 2812 ve
1739 2767 1945 2829 quum
1978 2746 2112 2810 iam
2149 2744 2404 2810 abitum

443 2839 826 2895 maturaret.
890 2830 960 2896 Is
995 2832 1289 2898 nondum
1328 2844 1428 2896 est
1462 2831 1728 2897 auditus
1770 2830 1930 2898 dum
1963 2830 2125 2896 haec
2169 2832 2401 2898 scribo.

439 2913 680 2982 Nescio
723 2915 882 3000 quid
941 2915 1022 2982 de
1075 2918 1218 3000 ipso
1275 2918 1574 2982 futurum
1617 2918 1719 2983 sit.
1747 2921 1833 3001 ¹¹)
1921 2916 2079 2983 Also
2121 2921 2248 2983 stat
2300 2917 2404 2983 die

439 3001 593 3067 sach
658 3000 796 3066 abel
857 3002 986 3068 «md
1049 3004 1131 3067 ist
1198 3000 1502 3069 Calvinus
1550 3005 1619 3084 ,ie
1682 3002 1981 3087 vssbutst,
2049 3022 2118 3068 80
2182 3002 2270 3067 ist
2332 3024 2401 3069 er

439 3087 542 3151 hie
597 3088 927 3173 vsnyfc'iyet.
1030 3087 1260 3155 Metuo
1325 3109 1448 3173 ego
1512 3090 1732 3172 peiora
1787 3111 1962 3156 nunc
2021 3097 2397 3173 sequutura.

441 3171 759 3239 Scribunt
799 3172 1062 3257 quidem
1108 3182 1436 3241 nostrates
1480 3174 1561 3239 ad
1621 3175 1864 3241 classes
1897 3180 1986 3256 ¹²)
2045 3182 2112 3240 et
2155 3175 2237 3240 ad
2283 3196 2399 3259 pa-

439 3279 587 3324 cem
632 3258 1011 3325 hortantur:
1068 3259 1184 3326 sed
1228 3260 1399 3326 nihil
1444 3260 1740 3327 efficiunt
1783 3261 1938 3326 dum
1986 3269 2203 3345 pestes
2246 3261 2400 3326 illae

438 3364 576 3410 non
622 3351 1025 3426 amoventur,
1071 3345 1186 3411 sed
1231 3354 1700 3431 promoventur
1743 3347 1980 3429 potius.
2050 3345 2242 3429 Quod
2279 3368 2400 3412 nos

439 3430 701 3510 attinet,
774 3430 1105 3498 calvinum
1161 3440 1230 3499 et
1293 3453 1447 3498 suos
1508 3432 1887 3498 humaniter
1950 3434 2399 3512 tractavimus,

437 3515 637 3600 idque
680 3538 813 3582 non
865 3518 1273 3598 simulanter,
1328 3527 1407 3584 ut
1459 3519 1629 3584 bona
1671 3527 1898 3585 nostra
1955 3540 2113 3603 pace
2157 3517 2400 3584 disces-

439 3602 623 3680 serit,
679 3609 748 3668 et
801 3603 923 3669 hoc
979 3625 1184 3670 unum
1246 3605 1472 3671 retulit
1528 3625 1750 3672 secum
1807 3604 2130 3672 solatium.
2222 3603 2401 3687 Quid

440 3687 750 3772 deinceps
807 3689 1100 3756 futurum
1155 3692 1242 3757 sit
1298 3690 1486 3758 facile
1541 3692 1787 3776 cogitas
1842 3692 2003 3775 ipse.
2093 3690 2168 3758 Si
2226 3688 2402 3775 quod

437 3772 644 3839 habes
705 3775 1068 3854 consilium,
1129 3778 1352 3842 confer
1407 3797 1660 3861 quaeso.
1764 3777 2018 3843 Vereor
2078 3778 2256 3844 enim
2314 3798 2401 3843 ne

439 3860 709 3926 tandem
775 3862 969 3926 etiam
1036 3871 1295 3929 vestrae
1359 3862 1666 3929 ecclesiae
1733 3862 1888 3931 huic
1948 3864 2124 3929 malo
2189 3863 2399 3929 invol-

437 3954 702 4010 vantur.

612 4032 921 4099 'l'ertium-
957 4034 1130 4116 quod
1169 4035 1276 4101 hic
1319 4043 1593 4119 egerant
1626 4034 2053 4101 Genevenses
2098 4044 2199 4101 est
2240 4056 2398 4101 con-

439 4117 729 4185 tinuatio
766 4118 1064 4185 foederis.
1125 4121 1308 4186 Nihil
1332 4120 1544 4188 adhuc
1567 4123 1964 4188 conclusum.
1992 4125 2075 4198 ¹⁸)
2101 4160 2182 4171 -ν
2207 4158 2289 4169 -
2311 4159 2399 4171 -

615 4204 909 4270 Mecardi
941 4207 1024 4290 ¹⁴)
1078 4207 1547 4272 confessionem
1593 4208 1873 4282 remitto,
1931 4229 2097 4291 quae
2139 4215 2218 4273 ut
2259 4208 2397 4291 pla-

438 4301 581 4355 ceat
656 4290 949 4357 Musculo
1015 4314 1098 4357 ex
1173 4292 1711 4360 annotationibus
1787 4294 2059 4360 adiectis
2122 4293 2394 4360 videbis.

449 4375 630 4442 Sunt
663 4377 886 4443 Protei
932 4378 1267 4446 mirabiles
1309 4381 1418 4462 qui
1463 4401 1534 4445 se
1575 4381 1877 4447 omnibus
1913 4377 2400 4446 accommodare

447 4474 741 4546 possunt,
807 4475 874 4528 et
928 4464 1083 4530 licet
1140 4465 1341 4548 aliqui
1398 4487 1623 4531 eorum
1678 4488 1814 4532 non
1859 4467 2029 4531 male
2088 4466 2397 4543 sentiant,

445 4561 670 4614 tamen
716 4548 872 4614 dum
918 4572 1071 4616 suas
1114 4552 1314 4616 tricas
1358 4552 1596 4617 volunt
1638 4551 2001 4630 defendere,
2059 4551 2283 4635 quales
2325 4551 2399 4615 in

443 4707 496 4714 -.-
533 4707 852 4716 *Qu—‘ma-

616 4787 711 4925 11))
741 4789 1104 4927 &antejago
1130 4791 1355 4916 {hqd-lidie
1368 4881 1385 4914 .·
1437 4861 1722 4914 Decretum
1761 4867 1821 4913 ut
1855 4861 2001 4914 intra
2035 4866 2149 4913 tres
2184 4875 2399 4915 menses

442 4927 848 5060 solnmlgrltert.
860 4927 1018 5052 21ξέἱο
1043 4928 1247 4984 Bezm
1281 4932 1343 4986 in
1392 4930 1516 4986 Vita
1555 4929 1612 4985 C.
1640 4945 1699 4999 p.
1735 4927 1803 4982 26
1837 4929 1919 4985 ed.
1959 4928 2172 4986 Nioba.

615 5062 707 5128 13)
749 5064 881 5136 Req.
948 5066 1026 5121 du
1090 5065 1308 5122 Consul
1370 5066 1455 5121 25.
1509 5067 1687 5123 Man.
1754 5067 1837 5122 11.
1872 5067 2051 5124 Aera.
2176 5067 2400 5123 Budua&

444 5132 535 5280 VJ·
573 5130 710 5265 ¹32⁶)
751 5200 889 5256 Fuit
921 5204 1003 5258 ali
1073 5205 1125 5259 is
1164 5203 1434 5275 Gouraios-s
1462 5203 1750 5262 ualebat-t
1779 5203 2056 5275 theom-u
2088 5203 2399 5275 rub-'nqeu-

440 5283 521 5323 m
555 5271 658 5337 qni
689 5271 943 5339 scripsit.-
1027 5273 1312 5328 rundliche
1347 5274 1456 5330 und
1489 5275 1681 5329 kartae
1716 5273 1954 5329 Widerle
2065 5292 2103 5345 g
2145 5275 2401 5329 ettlicher

431 5339 714 5408 gemeiner
750 5337 1097 5408 Gegenwfirff
1120 5341 1222 5396 der
1255 5342 1533 5414 Papisten.
1602 5344 1736 5400 Tub.
1772 5340 1927 5397 1574.
1954 5290 2064 5396 {un

1968 406 2493 476 EPIS'POLAE
2537 408 2964 473 2184—2185

4346 408 4471 473 568

2517 593 2801 662 formula
2842 598 3239 682 Augustana
3279 593 3531 661 multae
3573 602 3750 677 sunt,
3800 614 3881 662 eo
3922 598 4360 682 prolabuntur
4399 604 4477 664 ut

2517 681 2723 749 vides.
2809 681 3226 750 Haberemus
3264 682 3613 749 materiam
3666 680 4031 767 simplicem
4074 695 4145 749 et
4184 682 4475 769 planam.

2517 769 2578 835 si
2619 790 2755 835 non
2800 768 3289 835 involveremus
3344 767 3528 833 illam
3572 768 3817 834 nostris
3871 768 4474 854 imaginationibus.

2517 853 2774 921 Vereor
2828 876 2915 921 ne
2971 876 3106 922 non
3151 855 3456 922 Galum
3512 854 3922 938 aliquantum
3976 856 4048 920 in
4105 854 4229 922 hoc
4273 857 4476 920 etiam

2515 939 2658 1006 luto
2717 940 3009 1008 haereat.
3112 940 3427 1007 Defensio
3481 941 3660 1006 enim
3719 960 3867 1017 sua,
3928 940 4085 1007 licet
4138 941 4311 1007 bona
4365 943 4474 1021 sit,

2517 1025 2871 1093 admodum
2905 1038 3128 1093 tamen
3163 1039 3386 1093 coacta
3419 1027 3488 1093 in
3526 1026 3911 1111 quibusdam
3952 1028 4227 1095 videtur.
4285 1026 4474 1094 Post-

2516 1133 2715 1195 quam
2773 1113 2928 1179 hinc
2986 1113 3318 1197 digressus
3371 1124 3474 1178 est
3524 1113 3797 1179 Bielnas
3858 1114 4198 1192 concessit,
4236 1116 4321 1192 ¹⁵)
4378 1111 4473 1177 ibi

2516 1201 2932 1284 exspectavit
2988 1221 3138 1266 eum
3185 1198 3498 1265 Forento-9.
3590 1197 3787 1265 Venit
3836 1200 4037 1266 etiam
4090 1199 4251 1266 illuc
4293 1198 4474 1265 'rho-

2516 1306 2661 1352 mas
2708 1286 3066 1369 GrynaeuS,
3126 1285 3243 1351 sed
3300 1306 3456 1352 casu
3500 1295 3574 1350 ut
3637 1283 3846 1352 audio.

2516 1371 2848 1457 colligunt.
2950 1371 3097 1456 Ego
3155 1372 3226 1437 in
3278 1371 3518 1438 bonam
3575 1372 3797 1438 omnia
3859 1373 4257 1456 interpretor
4326 1393 4471 1455 par-

2515 1467 2649 1524 tem
2683 1462 2766 1534 ιο)
2809 1493 2895 1507 ...
2942 1495 3019 1505 ....
3071 1495 3150 1506 ...
3200 1495 3280 1507 .-

3387 2209 3583 2283 2185.

2906 2364 3406 2433 FARELLUS
3450 2363 4087 2434 BULLINGERO.

2692 2539 3012 2605 Tea-sanus
3067 2539 3467 2605 ecdesiamm
3534 2559 3778 2604 eversor
3794 2589 3810 2616 ,
3870 2539 4163 2622 luporum
4225 2535 4463 2621 fautor,

2509 2622 2870 2708 hypocrita,
2914 2626 3201 2709 pontisas
3217 2675 3232 2703 ‚
3296 2630 3352 2690 et
3408 2624 3565 2706 quid
3626 2645 3747 2691 non
3765 2624 3801 2688 ‚2
3896 2623 4044 2688 Heu
4113 2624 4353 2706 qualiS,
4410 2628 4464 2689 d

2505 2716 2816 2880 ffuqntum
2879 2716 3161 2777 mutatus
3238 2710 3317 2776 ab
3382 2710 3494 2777 illo
3569 2713 3679 2793 qui
3755 2710 4065 2792 quondam
4146 2709 4463 2777 nobiscum

2512 2970 2624 3034 ‘¹³³¹
2671 2968 3010 3093 ‘¹¹‘02‘fl'ss‘’
3045 2969 3429 3094 ’ἓῗῑὲοιᾞὲ
3465 2967 3785 3093 mussi..
3801 2967 3949 3091 ‘'3131
3976 2965 4275 3103 13463οΜ
4322 2967 4461 3038 ΕΡΡ·

2680 3210 3214 3277 Praeclarissimo
3258 3211 3509 3278 Christi
3552 3233 3743 3277 servo
3788 3209 4154 3277 Heinricho
4198 3207 4458 3274 Bullin-

2509 3318 2665 3382 gero
2706 3297 2954 3381 pastori
2996 3296 3373 3363 fidelissimo
3418 3297 3728 3364 ecclesiae
3764 3296 4117 3383 Tigurinae
4161 3296 4345 3361 fratri
4391 3301 4459 3357 et

2510 3391 2917 3469 symmystae
2960 3383 3318 3467 plurimum
3363 3384 3790 3450 observando.
4030 3470 4276 3555 Tiguri-

2508 3677 2593 3688 -ο
2642 3677 2715 3688 -ι
2768 3677 2847 3686 —-.
2900 3676 2976 3685 ——
3037 3676 3119 3688 —-
3166 3679 3249 3691 -
3314 3681 3381 3687 -.-.
3436 3679 3518 3688 ”-
3584 3681 3623 3688 -
3638 3681 3651 3687 -
3714 3681 3783 3688 ——-
3838 3681 3917 3689 .-
3982 3680 4053 3688 -—·
4115 3678 4200 3689 ..α-ιι-
4397 3679 4455 3691 -ιο

2511 3725 2693 3809 Quid
2748 3726 3012 3793 Bernae
3064 3734 3286 3794 actum
3343 3728 3433 3795 sit
3489 3749 3621 3795 non
3679 3729 3837 3794 satis
3897 3738 4105 3809 tene0,
4132 3734 4182 3806 ι)
4247 3748 4462 3812 neque

2507 3812 2685 3898 quod
2727 3813 2881 3879 novi
2923 3811 3138 3899 placet
3180 3812 3488 3880 indicare.
3577 3813 3750 3881 Cum
3807 3814 4104 3882 hostibus
4161 3816 4463 3881 veritatis

2507 3899 2711 3965 verba
2750 3920 2883 3965 non
2928 3899 3073 3979 feci,
3121 3920 3331 3983 neque
3374 3900 3646 3967 interfui
3692 3900 3848 3967 dum
3892 3921 4155 3968 causam
4204 3900 4463 3966 Christi

2507 3995 2734 4070 ageret
2780 3984 3097 4051 Calvinus,
3200 3987 3510 4053 Pastores
3569 3987 3859 4052 officium
3903 3988 4196 4053 fecerunt
4219 3989 4273 4067 2)
4337 4006 4460 4071 pro

2506 4071 2805 4137 doctrina
2848 4073 3112 4155 pietatis
3172 4070 3437 4152 tuenda,
3494 4094 3691 4156 seque
3748 4095 3955 4139 unum
4020 4075 4265 4139 sentire
4311 4093 4464 4139 cum

2505 4159 2635 4242 piis
2678 4159 2902 4222 testati
2938 4166 3111 4224 sunt.
3170 4158 3497 4224 Dominus
3532 4157 3723 4225 Iesus
3759 4179 3871 4225 eos
3908 4167 4124 4226 servet
4168 4168 4233 4224 et
4270 4160 4462 4243 plene

2507 4266 2626 4311 suo
2669 4244 2905 4328 spiritu
2965 4244 3234 4329 impleat
3292 4255 3367 4309 ut
3432 4246 3685 4329 possint
3751 4255 3885 4311 tam
3943 4246 4132 4331 gravi
4188 4247 4458 4328 provin-

2506 4331 2644 4396 ciae
2687 4330 3076 4396 satisfacere.
3164 4330 3335 4395 Nam
3370 4332 3722 4397 admodum
3764 4333 3990 4415 gravis
4031 4341 4145 4397 est.

2680 4414 2884 4481 Valde
2939 4438 3045 4482 me
3112 4436 3371 4483 recreas
3438 4418 3610 4500 quod
3664 4417 4122 4484 Defensionem
4184 4437 4463 4483 consen·

2507 4502 2710 4567 sionis
2755 4513 3011 4588 gratam
3055 4503 3258 4567 habes
3319 4513 3381 4567 et
3442 4514 3508 4568 te
3565 4525 3706 4569 eam
3767 4505 4092 4569 tuiturum
4158 4502 4377 4571 offers.
4404 4506 4462 4586 8)

2506 4862 2600 4928 (Ν
2644 4792 2784 4916 fig}
2803 4792 2899 4928 ,De
2930 4795 3145 4864 ”enutio
3171 4793 3407 4849 Touani
3439 4810 3560 4850 cum
3582 4795 3858 4850 Blaurero
3888 4803 3939 4852 et
3958 4795 4183 4851 Farello
4217 4803 4464 4850 acturus.

2678 4928 2768 4998 16)
2807 4931 2882 4986 In
2913 4931 3223 4987 authentico
3258 4931 3589 5000 subscriptio
3623 4931 3984 4988 desiderum.
4034 4933 4107 4988 In
4142 4931 4465 5003 apographo

2504 4999 2744 5065 refertior
2777 5000 2856 5054 ad
2888 5000 2971 5056 15.
3006 5000 3241 5069 Aprilis.

2507 5069 2682 5124 2185.
2704 5070 2762 5132 1)
2795 5068 2957 5125 Patet
2989 5084 3111 5123 eum
3148 5068 3393 5123 Ber-nan
3426 5070 3708 5140 reliquisse
3741 5077 3869 5125 ante
3902 5073 4225 5127 ammian
4273 5071 4461 5125 latam

2712 5137 2771 5204 2)
2820 5137 2953 5193 Vide
3073 5138 3407 5195 medates·
3454 5138 3675 5193 Hellen·
3719 5145 3850 5208 post
3898 5146 4009 5195 not.
4064 5139 4147 5193 12.
4202 5147 4253 5195 a
4301 5138 4464 5204 &nfra

2510 5207 2797 5263 calcem
2834 5206 2913 5262 N.
2949 5204 2985 5261 2
3019 5204 3105 5260 8⁷.

2713 5275 2775 5343 3)
2812 5275 3007 5332 Nescit
3052 5291 3177 5346 erqo
3226 5274 3287 5329 id
3329 5278 3443 5331 ias·
3489 5278 3697 5344 facum
3741 5275 4076 5338 nescu-sione
4128 5276 4322 5333 Met·
4360 5280 4463 5331 iu·-

2504 5362 2699 5414 pressa
2731 5360 2852 5402 cum
2888 5346 3119 5414 epistola
3154 5344 3480 5414 Bullinum-i.

3934 1284 4577 1353 Aliialiainde'
