4850 6200
316 411 439 474 829

317 600 475 675 eius,
536 606 681 663 tum
728 597 1055 681 hospitem
1110 598 1250 663 eius
1296 597 1378 662 D.
1431 596 1646 665 Sama·
1689 597 2050 663 Hieremiae
2093 595 2269 680 apud

318 705 508 768 quem
557 695 673 749 est.
765 686 847 749 D.
897 683 1328 749 Marehimwm
1369 696 1692 761 vestrum,
1753 686 1806 748 si
1849 683 1930 748 ad
1992 705 2109 748 vos
2153 683 2267 747 ad-

316 770 444 837 huc
503 769 802 847 redierit,
863 771 946 835 D.
997 770 1460 845 Normandiae,
1519 771 1671 834 DD.
1720 770 2057 835 Budaeum
2101 770 2265 834 Par·

315 856 709 922 rhisiensem
743 855 1140 939 fratremque
1176 866 1381 921 tuum.
1450 858 1859 941 Argentinae
1896 860 1996 921 20.
2036 855 2265 921 Octob.

1414 1079 1535 1145 Tui
1581 1079 2098 1145 studiosissimus

1469 1166 1753 1231 Ioannes
1789 1166 2064 1232 OheeuS.

1194 1694 1397 1765 2329.

721 1847 1189 1915 CALVINUS
1234 1848 1873 1915 BULLINGERO.

490 2023 595 2087 Ab
647 2022 1036 2087 adversariis
1087 2021 1343 2103 indique
1382 2025 1440 2085 et
1495 2023 1714 2102 inique
1765 2022 2090 2087 traductus
2133 2024 2269 2087 vin-

315 2111 484 2176 dicat
536 2129 605 2174 se
662 2108 739 2173 ab
793 2128 1003 2172 eorum
1045 2107 1415 2183 calumniae,
1466 2110 1753 2187 primum
1797 2108 2004 2187 quoad
2049 2114 2271 2191 partes

316 2216 475 2277 quas
531 2196 727 2278 eyisse
782 2195 1019 2260 dicitur
1073 2194 1145 2257 in
1200 2214 1396 2258 eausa
1455 2194 1893 2259 seditiosorum
1958 2194 2268 2259 Geneven-

315 2283 516 2359 tium,
584 2282 804 2346 deimie
866 2280 1074 2361 quoad
1136 2281 1577 2361 neyotiationes
1639 2300 1779 2344 eum
1838 2280 2271 2345 Rern-ensibus

316 2372 668 2437 transactas
725 2368 800 2430 de
857 2365 1207 2429 renovando
1259 2364 1516 2444 foedere.
1625 2367 1888 2430 Transit
1935 2387 2131 2448 porro
2187 2368 2272 2431 ad

314 2453 484 2517 litem
525 2454 689 2517 inter
736 2472 937 2535 paqos
979 2452 1052 2514 de
1095 2452 1530 2515 iurisiurandi
1572 2451 1850 2529 formula
1885 2455 2267 2533 pendentem.

316 2537 608 2619 Denique
651 2541 785 2621 ayit
817 2539 891 2602 de
931 2536 1274 2618 Westphali
1307 2557 1459 2601 novo
1502 2537 1702 2603 libello
1747 2540 1878 2601 iam
1912 2540 2267 2619 refellendO,

315 2646 596 2707 novaque
639 2625 1036 2690 eeclesiarum
1079 2625 1353 2686 emnium
1396 2624 1773 2704 confessione
1815 2626 2145 2689 condenda.

320 2797 517 2862 (varia
562 2805 689 2849 sunt
731 2795 891 2848 huius
938 2796 1201 2863 epistolae
1237 2796 1585 2865 exemplaria,
1634 2796 1838 2848 nullum
1874 2797 2268 2864 autographon.

316 2866 788 2934 Antiquissimum,
828 2866 974 2934 quod
991 2882 1090 2918 nos
1123 2866 1226 2918 tibi
1257 2866 1589 2927 exhibemus,
1625 2866 1903 2918 lenvillaei
1941 2876 2025 2918 est
2060 2867 2114 2918 in
2138 2865 2270 2918 Ood.

320 2934 525 2989 Gener.
563 2933 708 2995 107⁸,
751 2934 840 2988 fol.
880 2933 1003 2987 107:
1061 2934 1162 2986 hoc
1207 2936 1368 2986 titulo
1413 2936 1737 3002 praemisso,
1786 2934 1881 2986 sed
1929 2936 2036 2987 alia
2083 2952 2268 2987 manu:

318 3002 410 3057 De
456 3005 720 3057 seditimte
759 3004 1009 3056 Genevar»
1057 3006 1125 3054 ab
1172 3005 1432 3067 improbis
1480 3010 1716 3055 escalata
1766 3003 1994 3056 ducibus
2039 3003 2272 3056 Peri-ino

318 3081 369 3126 et
417 3073 696 3129 Vandelio.
766 3072 1014 3126 Eundem
1051 3074 1278 3141 praebet
1302 3073 1573 3124 Turi-otini
1612 3073 1960 3140 apographon
1999 3072 2129 3125 Ood.
2155 3071 2271 3136 108,

318 3143 412 3196 fol.
447 3143 533 3195 22.
577 3171 636 3181 -
674 3142 851 3195 Turici
889 3151 1070 3196 exstat
1106 3143 1382 3210 exemplar
1429 3145 1497 3193 ab
1544 3159 1867 3194 amanuense
1917 3143 2176 3210 scriptum
2215 3144 2271 3195 in

319 3213 572 3265 Archivis
609 3213 751 3264 Plut.
788 3212 878 3266 VI.
924 3212 1045 3263 Vol.
1086 3211 1202 3277 166,
1248 3212 1378 3264 olim
1427 3212 1566 3278 Epp.
1604 3211 1753 3263 Tom.
1790 3210 1877 3272 24,
1927 3213 2020 3265 fol.
2067 3211 2151 3272 59,
2204 3230 2272 3264 ex

361 3297 429 3334 uo
463 3281 621 3333 fluxit
656 3297 722 3332 ex
808 3291 924 3332 arte
961 3280 1340 3333 Simleriannm
1379 3279 1492 3332 Vol.
1529 3278 1613 3334 85.
1653 3308 1709 3315 —
1755 3281 1818 3333 In
1855 3282 1993 3350 Epp.
2036 3281 2272 3334 Beruen-

322 3352 469 3404 sibus
508 3352 556 3402 le
598 3350 705 3402 ‘tur
786 3349 1006 3401 om.V1.
1043 3366 1095 3418 p.
1115 3347 1237 3401 457.
1284 3378 1341 3387 -
1381 3349 1571 3401 Edidit
1607 3349 1794 3416 Henry
1817 3350 1970 3403 Tem.
2005 3349 2102 3402 ΙΙΙ,
2131 3352 2271 3419 App.

425 3437 478 3487 p.
519 3419 566 3470 1‘
588 3420 633 3472 3.
705 3419 1090 3487 Fragmentum
1129 3419 1244 3470 eius
1281 3419 1482 3487 legitur
1518 3436 1603 3487 ap.
1642 3419 1893 3471 Hessium
1931 3436 1985 3487 p.
2021 3419 2163 3478 262.)

495 3589 566 3655 S.
636 3590 779 3655 Etsi
827 3589 990 3654 mihi
1050 3587 1130 3653 de
1181 3589 1372 3655 novis
1433 3589 1778 3655 calumniis
1834 3591 2068 3673 quibus
2126 3613 2274 3655 rur-

325 3697 471 3742 sum
538 3677 822 3759 impetor
885 3697 1016 3740 non
1084 3675 1444 3740 iucundum
1513 3676 1829 3740 nuncium
1913 3676 2276 3742 attulerunt

324 3770 478 3827 tuae
520 3761 853 3912 literae‚3
899 3772 1160 3847 gratum
1209 3771 1428 3826 tamen
1465 3762 1587 3826 suit
1624 3785 1702 3827 ex
1740 3762 1870 3826 illis
1907 3763 2276 3846 intelligere

325 3867 602 3931 qua·me
661 3848 800 3912 invi
853 3849 915 3912 ia
973 3857 1254 3931 gravent
1311 3847 1605 3930 improbi,
1665 3859 1738 3912 ut
1782 3848 2013 3911 saltem
2061 3849 2275 3913 aditus

323 3944 550 4017 pateat
615 3933 696 3998 ad
755 3957 858 3998 me
919 3935 1354 4018 purgandum.
1444 3932 1688 3998 Omnia
1752 3955 1918 4016 quae
1986 3934 2275 4016 quotidie

324 4022 670 4105 finguntur
706 4020 973 4099 diluere,
1020 4023 1412 4084 immensum
1459 4023 1638 4084 foret.
1713 4021 2033 4104 Pleraque
2077 4022 2273 4084 etiam

327 4106 489 4171 adeo
533 4107 752 4172 futilia
780 4110 836 4186 ²)
884 4116 954 4169 ut
1011 4109 1081 4170 in
1139 4127 1363 4171 eorum
1421 4107 1816 4171 refutatione
1858 4128 2124 4189 operam
2171 4128 2277 4190 po-

324 4213 483 4258 nere
527 4191 877 4257 ridiculum
917 4213 1059 4257 esse
1104 4193 1399 4257 arbitrer.
1491 4192 1592 4256 De
1638 4190 1888 4256 duobus
1934 4214 2088 4276 ergo
2133 4204 2275 4258 tan-

325 4284 464 4342 tum
501 4299 667 4360 quae
712 4279 982 4362 attingis
1019 4278 1344 4363 capitibus
1370 4277 1521 4360 quid
1547 4299 1776 4342 verum
1816 4280 1905 4342 sit
1950 4299 2275 4361 exponere

325 4366 622 4429 sufficiet.

497 4449 722 4534 Vulgo
802 4455 1122 4533 spargunt
1201 4451 1474 4516 miseros
1554 4450 1851 4515 homines
1933 4452 2276 4515 tormentis

326 4546 583 4601 coactos
632 4536 796 4600 falso
854 4538 924 4599 in
977 4556 1236 4600 carcere
1292 4538 1481 4601 fateri
1539 4559 1704 4620 quae
1761 4548 1987 4620 postea
2030 4546 2274 4600 retrae-

326 4631 489 4686 tant.
514 4624 571 4698 ³³)
662 4622 904 4686 Fateor
946 4631 1121 4685 certe
1175 4632 1458 4705 quatuor
1516 4624 1626 4705 qui
1690 4622 2012 4706 supplicio
2058 4622 2277 4688 affecti

326 4716 497 4786 sunt,
545 4707 659 4772 ubi
703 4707 786 4772 ad
831 4707 1220 4790 supplicium
1259 4717 1527 4773 ventum
1569 4719 1686 4787 est,
1733 4709 1982 4792 aliquid
2025 4709 2096 4771 in
2142 4710 2278 4774 suis

327 4794 841 4860 confessionibus
885 4802 1191 4859 mutasse.
1216 4798 1270 4878 ⁴)
1361 4793 1495 4859 Sed
1556 4815 1749 4877 quam
1811 4794 2145 4877 probabile
2191 4795 2279 4859 sit

328 4997 512 5053 2829.
533 4999 593 5067 1)
628 4999 702 5052 N.
737 4996 892 5052 2307.

529 5068 593 5134 2)
631 5067 705 5121 H.
741 5067 873 5121 add.
907 5073 1048 5122 sunt.

532 5137 590 5203 3)
633 5137 848 5206 Galiffe,
883 5137 1132 5207 quelques
1161 5149 1335 5205 papea
1370 5134 1471 5188 109
1508 5149 1536 5188 s
1598 5153 1650 5204 q.

530 5205 590 5272 4)
630 5205 920 5274 Compar-et
960 5210 1191 5273 tratres,
1243 5204 1512 5259 Claudius
1606 5219 1763 5258 meve

330 5273 432 5331 Fr.
467 5275 545 5330 D.
582 5276 862 5412 ‘geu-telier
907 5275 1164 5344 ’καρίδιον
1210 5280 1467 5330 monetae.
1540 5273 1643 5340 (N.

330 5343 580 5401 Bonivar
621 5385 633 5397 .

1841 5205 1903 5258 ui
1948 5207 1999 5257 et
2038 5203 2272 5268 Nomas,

1828 5313 1841 5327 .
1918 5271 2119 5340 Galiffe
2166 5273 2200 5325 1.
2240 5272 2273 5325 l.

2039 412 2203 475 1555
2250 404 2578 471 OGTOB.

4203 407 4331 470 830

2370 594 2724 677 quidquam
2783 593 2917 657 illis
2974 592 3295 657 violenter
3359 591 3562 657 fuisse
3627 612 4009 675 expressum
4031 642 4044 669 ,
4112 614 4194 656 ex
4248 615 4323 659 re

2370 682 2516 763 ipsa
2580 680 2890 745 iudicium
2957 680 3172 744 facies.
3262 674 3426 761 Ege,
3493 698 3695 760 quum
3761 677 3841 742 de
3905 677 4037 742 illis
4099 677 4326 745 habita

2369 767 2496 830 fuit
2540 766 2852 848 quaestio,
2901 785 3034 829 non
3081 763 3377 829 aderam:
3407 764 3467 844 ⁵)
3522 776 3588 828 et
3632 764 3932 847 quamvis
3976 785 4081 828 me
4126 786 4325 847 quae-

2372 854 2664 918 stionum
2709 854 3108 935 praefectum
3153 850 3412 928 faciant,
3456 849 3513 915 si
3557 871 3850 933 unquam
3890 850 3997 914 vel
4036 850 4326 918 consiliis

2373 937 2610 1003 dandis
2655 938 2944 1011 interfui,
2985 936 3404 1017 turpissimus
3449 936 3742 1000 omnium
3779 936 4159 1001 mortalium
4204 937 4325 1002 ha-

2371 1025 2516 1090 beri
2559 1025 2792 1108 patiar.
2883 1023 2990 1088 Ad
3036 1043 3361 1087 carcerem
3406 1023 3668 1098 accessi,
3719 1043 3848 1086 non
3895 1033 3968 1086 ut
4011 1043 4327 1107 suggere-

2374 1132 2514 1175 rem
2559 1109 2911 1191 quidquam
2954 1108 3297 1184 iudicibus,
3343 1107 3455 1172 sed
3491 1117 3759 1192 rogatus
3803 1108 3884 1173 ab
3929 1108 4088 1190 ipsis
4124 1109 4329 1173 male-

2374 1197 2516 1261 ficis
2578 1204 2645 1261 et
2702 1196 2895 1260 venia
2964 1197 3328 1276 impetrata.
3419 1192 3552 1259 Sed
3613 1195 3693 1259 ab
3761 1193 4137 1258 homiuibus
4196 1195 4326 1262 fide

2376 1283 2593 1366 dignis
2636 1282 3003 1347 sciscitatus
3049 1302 3278 1346 eorum
3318 1279 3446 1344 fide
3501 1281 3616 1344 tibi
3662 1301 3780 1362 pro
3826 1290 4002 1344 certo
4048 1280 4324 1360 affirmo,

2374 1390 2575 1450 quum
2634 1366 3031 1432 testimoniis
3090 1368 3222 1430 iam
3278 1367 3438 1430 satis
3493 1367 3751 1449 gravati
3811 1374 4050 1441 essent,
4077 1370 4132 1439 ⁸)
4189 1388 4327 1432 non

2374 1455 2689 1518 maiorem
2749 1454 2884 1516 vim
2950 1452 3080 1516 illis
3146 1453 3344 1516 fuisse
3410 1451 3788 1527 adhibitam,
3855 1472 4048 1533 quam
4111 1463 4185 1517 ut
4243 1453 4326 1520 ad

2374 1542 2599 1604 funem
2645 1540 2866 1623 ligatis
2917 1537 3202 1604 brachiis
3247 1559 3283 1601 e
3328 1548 3507 1601 terra
3562 1560 3692 1601 non
3738 1536 4020 1601 multum
4068 1538 4325 1604 attolle-

2377 1636 2624 1690 rentur.
2650 1628 2704 1699 7)
2812 1625 2958 1690 Hoc
3026 1645 3157 1688 uno
3222 1643 3334 1688 ore
3392 1623 3607 1688 dicent
3669 1644 3926 1699 omnes,
4005 1632 4324 1690 terrorem

2376 1710 2699 1774 duntaxat
2754 1711 3149 1793 quaestionis
3207 1709 3340 1773 illis
3391 1720 3743 1774 ostensum.
3836 1710 3985 1773 Duo
4040 1710 4325 1792 primum

2376 1798 2675 1880 germani
2730 1798 2965 1862 fratres
3009 1796 3303 1860 damnati
3363 1796 3626 1860 fuerunt
3668 1816 4025 1878 paucorum
4072 1794 4327 1861 dierum

2375 1882 2747 1947 intervallo.
2814 1884 2949 1948 Res
2994 1894 3149 1946 nota
3192 1891 3335 1946 erat
3377 1890 3441 1946 et
3476 1881 3700 1945 multis
3740 1881 4129 1946 testimoniis
4174 1902 4326 1965 pro-

2377 1970 2558 2048 bata,
2622 1971 2795 2051 ipsos
2854 1969 3098 2033 strictis
3144 1968 3381 2051 gladiis
3423 1967 3491 2031 in
3539 1967 3776 2050 vigiles
3821 1967 3900 2031 de
3947 1967 4154 2032 nihilo
4197 1969 4326 2033 im-

2375 2066 2602 2137 petum
2664 2055 2908 2131 fecisse,
2968 2076 3171 2137 quum
3230 2063 3449 2117 tamen
3508 2053 3867 2118 clamarent
3923 2054 3996 2116 in
4055 2052 4326 2119 aedibus

2376 2141 2716 2206 cuiusdam
2776 2141 3096 2205 senatoris
3155 2140 3357 2203 latere
3412 2150 3731 2203 armatam
3777 2160 4048 2203 manum
4095 2147 4162 2203 et·
4214 2162 4325 2204 ur-

2377 2228 2523 2292 bem
2583 2227 2796 2291 Gallis
2854 2248 2995 2291 esse
3050 2225 3402 2308 proditam,
3467 2225 3821 2307 eodemque
3874 2225 4155 2290 clamore
4216 2226 4327 2290 alii

2375 2314 2506 2377 vici
2538 2316 2591 2395 ⁸)
2638 2313 2831 2396 longe
2887 2320 3389 2394 perstreperent.
3477 2309 3749 2375 Coenati
3796 2321 3983 2374 erant
4038 2310 4146 2374 isti
4193 2312 4324 2378 duo

2377 2419 2525 2462 cum
2569 2398 2841 2463 Perrino
2884 2407 2951 2461 et
3005 2398 3323 2462 Vandelio.
3395 2396 3582 2460 Inter
3624 2395 4028 2461 coenandum
4060 2400 4112 2475 ⁹)
4158 2398 4325 2462 voli-

2377 2495 2685 2548 taverant
2747 2485 2917 2547 ultro
2983 2485 3273 2565 citroque
3338 2482 3708 2565 complures
3776 2481 4012 2546 occulti
4072 2484 4320 2550 nuncii.

2377 2569 2717 2654 Colloquia
2759 2571 2957 2633 etiam
3010 2582 3153 2652 post
3217 2588 3483 2634 coenam
3528 2566 3989 2632 animadversa
4041 2567 4323 2647 fuerant,

2375 2678 2541 2740 quae
2601 2657 3035 2738 suspicionem
3096 2656 3386 2738 graviter
3446 2665 3777 2738 augerent.
3867 2654 4025 2718 Post
4083 2655 4325 2718 excita-

2377 2751 2516 2807 tum
2573 2741 2654 2805 ab
2709 2742 2840 2807 illis
2905 2742 3264 2806 tumultum
3326 2760 3564 2824 magna
3626 2741 3818 2805 turba
3874 2739 3957 2802 ad
4021 2739 4326 2805 ferendas

2375 2829 2710 2912 suppetias
2754 2829 3174 2892 confluxerat.
3267 2827 3553 2909 Ereptus
3609 2826 3825 2890 fuerat
3868 2826 4033 2889 alter
4076 2848 4110 2890 e
4167 2848 4323 2908 syn-

2376 2915 2503 2979 dici
2549 2914 2869 2978 manibus.
2962 2912 3183 2993 Quum
3241 2912 3584 2996 palpabilis
3641 2912 3776 2975 fere
3837 2921 4007 2975 esset
4065 2914 4322 2993 conspi-

2375 3001 2563 3077 ratio,
2624 3022 2847 3064 annon
2891 3001 3181 3083 oportuit
3225 2997 3307 3062 ad
3354 2997 3797 3081 quaestionem
3846 2998 4090 3073 venire,
4134 3018 4323 3079 prae-

2377 3088 2604 3152 sertim
2644 3108 2841 3169 quum
2880 3109 3103 3151 secure
3140 3084 3460 3151 iudicibus
3502 3081 3900 3149 illuderent?
3966 3082 4113 3147 Iam
4148 3085 4326 3149 enim

2380 3171 2768 3255 deprehensi
2813 3173 3073 3237 fuerant
3119 3174 3339 3237 nuncii
3384 3174 3493 3254 qui
3551 3170 3683 3235 illis
3741 3171 3991 3233 animos
4034 3171 4326 3235 facerent

2379 3259 2462 3324 ad
2530 3258 2925 3343 negandum.
3013 3260 3256 3343 Rogat-i
3312 3279 3350 3321 a
3406 3257 3639 3340 quibus
3706 3256 4039 3321 autoribus
4101 3257 4326 3321 emissi

2379 3357 2616 3423 essent,
2658 3345 2986 3429 negabant
3021 3368 3157 3410 rem
3196 3355 3407 3408 actam
3446 3364 3526 3406 ex
3565 3342 3945 3426 composito:
3987 3341 4100 3407 sed
4125 3364 4328 3424 quum

2381 3430 2722 3496 audissent
2784 3433 3130 3514 strepitum
3190 3451 3551 3504 armorum,
3619 3442 3887 3511 repente
3948 3428 4324 3494 accurrisse.

2383 3519 2585 3600 Atqui
2621 3539 2742 3582 nec
2778 3517 2949 3581 ullus
2994 3519 3207 3581 fuerat
3250 3515 3561 3596 strepitus
3606 3527 3671 3579 et
3714 3514 4138 3596 tranquillum
4187 3515 4327 3579 ubi-

2382 3625 2508 3687 que
2545 3614 2688 3667 erat
2732 3603 3083 3678 silentium,
3118 3602 3321 3666 donec
3343 3622 3517 3665 unus
3540 3622 3623 3664 ex
3657 3621 3881 3665 eorum
3917 3599 4219 3678 factione,
4243 3602 4327 3677 ¹⁰)

2382 3712 2421 3753 a
2465 3690 2653 3755 cuius
2696 3688 3014 3771 colloquio
3062 3689 3171 3753 vix
3217 3687 3676 3763 discesserant,
3736 3685 3963 3750 eodem
4008 3706 4209 3768 prope
4254 3685 4328 3750 in

2381 3776 2520 3840 loeo
2565 3775 2886 3839 senatoris
2921 3775 3239 3839 famulum
3285 3772 3497 3856 lapide
3542 3781 3973 3854 percusserat.
4048 3770 4178 3837 Ubi
4222 3772 4327 3835 in-

2382 3873 2485 3925 ter
2529 3883 2598 3925 se
2643 3861 2919 3943 improbi
2964 3867 3332 3938 susurrant,
3397 3880 3566 3923 unus
3609 3859 3893 3942 lapidem
3939 3866 4153 3941 gestat
4195 3878 4326 3940 quo

2382 3948 2573 4011 feriat
2631 3947 2913 4028 primum
2974 3967 3296 4029 quemque
3351 3946 3616 4009 obvium
3672 3946 3915 4026 absque
3971 3943 4108 4007 ulla
4162 3945 4325 4007 rixa.

2381 4034 2532 4097 Duo
2570 4033 2684 4097 alii
2719 4033 2941 4096 statim
2965 4033 3212 4116 gladios
3249 4032 3602 4115 stringunt.
3662 4029 4014 4095 Summum
4041 4028 4217 4093 urbis
4239 4033 4325 4106 11)

2382 4119 2840 4201 magistratum
2898 4118 3173 4202 superbe
3229 4118 3544 4181 reiiciunt.
3630 4115 3936 4197 Undique
3990 4122 4324 4179 momento

2381 4205 2763 4271 accurritur.
2839 4204 3123 4269 Nullane
3158 4205 3282 4268 erit
3317 4202 3777 4266 coniurationis
3822 4197 4145 4282 suspicio?
4215 4200 4326 4263 An

2380 4292 2634 4356 crimen
2697 4301 2833 4353 tam
2895 4298 3191 4372 apertum
3252 4289 3378 4354 sibi
3443 4287 3613 4352 elabi
3678 4287 3968 4352 sinerent
4031 4283 4323 4349 iudices?

2386 4375 2571 4441 Adde
2639 4374 2806 4459 quod
2875 4397 3008 4440 non
3075 4375 3405 4457 negabant
3469 4373 3593 4452 illi,
3660 4371 3888 4438 eodem
3953 4370 4057 4434 die
4122 4391 4327 4452 quum

2389 4463 2697 4527 Perrinus
2754 4462 2954 4524 animi
3011 4462 3224 4545 gratia
3266 4461 3492 4526 villam
3538 4458 3684 4525 urbi
3737 4455 4106 4540 proximam
4153 4465 4327 4538 pete-

2587 4717 2644 4784 5)
2682 4717 2760 4773 N.
2795 4717 2951 4771 2263.
2986 4717 3124 4771 2286
3159 4725 3253 4773 etc.

2545 4928 2555 4937 ⁶
2586 4787 2646 4919 ξ)
2676 4786 3008 4910 ῗιῖἰῗῖωξι-ιι
3047 4856 3117 4909 Η.
3155 4884 3220 4893 -
3260 4854 3398 4934 Non·
3424 4852 3680 4907 multum!
3746 4850 3923 4931 Haec,
3947 4852 4029 4905 ita
4072 4850 4226 4918 effert
4259 4864 4326 4905 ae

2381 4927 2437 4979 si
2482 4933 2641 5007 ctiam
2682 4927 2853 4993 plura
2897 4925 3199 5006 probasset..
3264 4922 3525 5006 Gaftffius
3566 4919 3806 5000 perhibet
3849 4926 4011 4973 duam
4063 4918 4327 4973 Gnaeum

2377 4994 3196 5133 &gaigt'azuirzqggegqttom
3229 4991 3508 5046 oddoettm
3541 4990 3732 5056 fussee.
3814 4986 4018 5043 Tmen
4053 5003 4178 5104 uero
4211 5002 4325 5042 non

2586 5130 2645 5195 8)
2684 5132 2789 5184 viri
2826 5131 2900 5184 Η.

2588 5201 2647 5268 9)
2682 5217 2903 5254 coenam
2937 5200 3063 5252 dnm
3102 5198 3177 5251 Η.

2562 5269 2644 5335 10)
2684 5269 2786 5322 Fr.
2822 5269 2974 5322 Dan.
3013 5267 3311 5321 Bertellier.

2554 5338 2648 5403 11)
2684 5339 2839 5391 nobis
2876 5337 2951 5390 Η.
