4850 6200
464 425 587 487 679

460 609 643 675 tibus
709 607 942 685 Gallis,
1010 609 1119 689 qui
1171 606 1280 672 hic
1339 603 1451 668 diu
1510 604 1970 670 habitaverant
2032 616 2097 668 et
2140 623 2415 685 quorum

467 708 631 761 nota
687 704 827 758 erat
883 691 1186 776 probitas,
1254 690 1563 773 quosdam
1630 690 1965 774 adoptavit
2037 691 2107 753 in
2174 690 2417 754 civium

470 782 785 858 ordinem,
821 780 987 843 forte
1023 779 1104 842 ad
1142 776 1618 860 quinquaginta
1653 797 1874 859 usque.
1905 776 1986 860 ¹⁴)
2051 774 2422 840 Senserunt

472 866 769 949 improbi,
816 873 1061 948 quanto
1102 864 1418 927 munitior
1457 862 1575 928 hoc
1619 861 1939 945 praesidio
1983 863 2205 925 sutura
2248 869 2422 924 esset

466 955 789 1020 bonorum
834 970 1085 1015 manus.
1176 949 1410 1030 Itaque
1466 969 1726 1014 omnem
1793 947 2073 1030 lapidem
2121 946 2243 1011 sibi
2280 968 2420 1011 mo-

471 1038 756 1104 vendum
793 1036 1139 1113 duxerunt,
1174 1042 1249 1099 ut
1284 1033 1622 1099 consilium
1670 1033 1790 1099 hoc
1833 1044 2218 1098 everterent.
2284 1033 2420 1096 Res

474 1126 651 1189 inter
694 1145 803 1188 eos
846 1142 964 1206 per
1000 1122 1287 1202 compita
1322 1121 1561 1203 passim
1603 1130 1671 1183 et
1702 1122 1771 1184 in
1797 1120 2107 1202 cauponis
2144 1128 2211 1182 et
2251 1117 2418 1183 clam

473 1211 543 1274 in
601 1210 880 1293 privatis
946 1207 1212 1272 aedibus
1269 1207 1516 1290 agitata
1560 1205 1703 1271 fuit.
1793 1203 2016 1286 Quum
2062 1205 2421 1269 traxissent

468 1295 783 1379 quosdam
850 1296 918 1358 in
986 1314 1171 1357 suam
1240 1293 1650 1369 sententiam,
1716 1312 1849 1356 non
1914 1291 2104 1354 modo
2153 1289 2418 1355 fremitu

470 1381 585 1447 sed
633 1381 875 1463 apertis
922 1380 1119 1443 minis
1164 1378 1508 1460 insurgere
1545 1386 1917 1460 coeperunt.
2005 1374 2419 1441 Subornatus

470 1466 601 1532 fuit
641 1465 822 1532 urbis
882 1466 1264 1548 praefectus,
1323 1463 1431 1544 qui
1479 1483 1624 1527 cum
1670 1483 1930 1547 magna,
1976 1461 2089 1527 sed
2134 1463 2311 1543 turpi
2353 1470 2422 1525 et

470 1551 784 1636 pudenda
840 1561 1106 1617 caterva
1149 1551 1219 1612 in
1267 1551 1511 1615 curiam
1560 1549 1934 1625 ascendens,
1996 1548 2423 1613 denunciavit

472 1640 728 1704 senatui
791 1636 1171 1720 periculum,
1233 1636 1289 1699 si
1334 1644 1648 1717 pergeret.
1680 1636 1765 1713 ¹f')
1852 1634 2100 1717 Magna
2143 1655 2294 1716 pars
2338 1655 2421 1697 ex

470 1726 706 1799 nautis,
731 1722 1174 1805 piscatoribus,
1212 1721 1599 1803 cupediariis
1634 1732 1700 1783 et
1733 1720 1902 1786 cocis
1938 1720 2263 1801 similique
2305 1740 2422 1783 no-

471 1810 728 1875 bilitate
751 1809 1032 1874 conflata
1067 1818 1226 1871 erat.
1274 1806 1467 1871 Multi
1494 1805 1795 1887 inquilini
1828 1807 2149 1888 permixti.
2218 1803 2425 1886 Quasi

474 1895 747 1959 nonnisi
793 1894 896 1958 his
933 1892 1300 1957 vindicibus
1336 1893 1438 1955 ius
1474 1912 1665 1956 suum
1705 1893 1939 1957 civitas
1976 1894 2146 1956 tueri
2187 1905 2423 1973 posset.

478 1980 770 2047 Senatus
816 1979 1102 2063 graviter
1145 1977 1481 2060 respondit
1524 1999 1592 2041 se
1618 1976 1786 2041 nihil
1809 1980 1962 2042 novi
2009 1997 2422 2061 aggressum:

483 2066 597 2131 sed
634 2063 807 2148 quod
845 2064 1293 2146 antiquissimo
1338 2085 1460 2127 usu
1498 2084 1753 2145 semper
1786 2064 1857 2127 in
1898 2063 2056 2127 urbe
2092 2074 2426 2145 receptum

476 2151 724 2216 fuisset.
835 2150 1190 2233 Indignum
1259 2170 1412 2213 vero
1490 2170 1651 2227 esse,
1720 2171 1893 2214 nunc
1959 2161 2025 2213 et
2089 2157 2425 2217 vetustum

470 2238 655 2302 urbis
700 2257 946 2301 morem
971 2234 1266 2312 convelli,
1313 2248 1378 2298 et
1414 2237 1620 2301 arceri
1657 2256 1695 2299 a
1742 2236 1982 2300 civium
2020 2234 2265 2310 ordine,
2313 2235 2427 2315 qui

474 2322 750 2387 honeste
776 2322 1040 2404 longum
1082 2330 1340 2403 tempus
1376 2323 1443 2383 in
1490 2319 1651 2384 urbe
1674 2330 2163 2404 transegerant:
2203 2334 2271 2384 ct
2306 2319 2429 2384 sibi

473 2407 755 2490 denique
815 2409 980 2489 eripi
1047 2419 1439 2488 potestatem
1506 2406 1587 2470 ab
1654 2407 1887 2471 ultima-
1952 2408 2269 2472 memoria
2314 2428 2429 2487 per

472 2515 710 2559 manus
758 2493 1084 2557 traditam.
1112 2495 1193 2572 ¹⁶)
1284 2491 1460 2572 Quia
1504 2502 1722 2556 autem
1767 2491 1933 2556 nihil
1978 2493 2261 2557 violento
2306 2494 2426 2555 im-

473 2582 652 2663 perio
718 2586 984 2644 senatus
1041 2578 1365 2661 agendum
1412 2577 1741 2651 censebat,
1790 2588 2052 2663 apertae
2097 2580 2426 2661 conspira-

475 2666 640 2729 tioni
672 2665 934 2730 veniam
971 2667 1038 2727 iu
1067 2665 1433 2747 praesentia
1455 2662 1646 2727 dedit.
1715 2665 2000 2728 Tantum
2040 2662 2426 2747 obiurgatus

477 2751 605 2816 fuit
649 2752 1009 2833 praefectus
1054 2750 1219 2831 quod
1269 2751 1590 2832 protervis
1639 2749 2012 2813 hominibus
2054 2772 2317 2832 operam
2355 2751 2427 2812 in

478 2857 676 2902 causa
743 2848 872 2900 tam
929 2837 1174 2901 iniusta
1238 2836 1528 2900 locasset.
1618 2834 1832 2899 Simul
1900 2848 2120 2899 tamen
2180 2836 2426 2900 factum

478 2923 608 2988 fuit
661 2921 995 2987 decretum
1052 2921 1132 2985 de
1198 2921 1509 2986 vocandis
1578 2921 1920 2985 Ducentis:
1983 2920 2067 2984 ad
2110 2942 2271 3003 quos
2315 2920 2426 2985 ubi

479 3018 756 3073 ventum
800 3016 917 3081 est,
964 3008 1212 3071 sancita
1266 3008 1391 3070 fuit
1426 3016 1691 3070 senatus
1736 3007 2008 3070 minoris
2051 3010 2422 3082 auctoritas,

488 3105 556 3159 et
614 3094 1026 3177 permissum,
1094 3107 1169 3156 ut
1232 3090 1504 3175 posthac
1562 3111 1679 3157 suo
1751 3092 2018 3157 arbitrio
2084 3114 2167 3156 ex
2214 3092 2431 3159 Gallis

483 3179 851 3261 hospitibus
893 3181 1066 3244 cives
1111 3177 1488 3259 deligerent.

655 3264 788 3329 Sed
847 3277 1193 3346 antequam
1253 3263 1375 3328 hoc
1431 3272 1829 3347 postremum
1877 3274 2243 3329 statuerent
2285 3263 2427 3329 Du-

481 3352 674 3426 centi,
716 3359 983 3431 repente
1022 3349 1279 3433 longius
1316 3351 1532 3431 erupit
1567 3371 1789 3414 eorum
1823 3351 2022 3428 furor,
2048 3352 2161 3433 qui
2196 3351 2277 3414 ad
2313 3372 2428 3414 ex-

482 3445 694 3500 trema
736 3456 1045 3517 quaeque.
1104 3450 1179 3499 ut
1221 3435 1292 3499 in
1337 3434 1531 3500 rebus
1578 3433 1953 3518 desperatis,
1999 3458 2069 3500 se
2112 3438 2429 3519 proiicere

478 3523 551 3585 in
598 3522 890 3586 animum
950 3520 1349 3586 induxerant
1375 3525 1457 3591 ¹⁷)
1545 3522 1717 3586 Nam
1775 3521 2065 3586 tumultu
2110 3530 2429 3588 nocturno

658 3759 743 3826 14)
780 3760 935 3812 Inter
981 3774 1115 3827 quos
1152 3758 1280 3814 Nic.
1322 3759 1403 3812 Le
1439 3760 1575 3814 Fert
1612 3762 1737 3814 Ant.
1780 3759 1997 3814 Calvini
2041 3777 2204 3826 socer,
2256 3761 2432 3815 Laur.

484 3829 550 3883 de
586 3828 948 3892 Normandie,
1004 3826 1183 3883 Germ.
1225 3828 1501 3896 Colladon,
1537 3828 1594 3882 J.
1638 3827 1881 3900 Grespin,
1917 3827 1995 3884 01.
2034 3830 2263 3894 Baduael,
2314 3830 2431 3885 Pet.

483 3896 954 3952 d'Aireboudoute
986 3902 1081 3950 etc.
1114 3898 1279 3965 (Apr.
1317 3903 1367 3951 et
1403 3898 1569 3960 Μαι.)

660 3966 749 4030 15)
788 3966 982 4020 Idibus
1018 3965 1171 4018 Maii
1204 3965 1305 4018 Du
1328 3966 1554 4021 Molard
1586 3968 1712 4034 plus
1746 3969 1901 4021 semel
1935 3977 2182 4022 senatum
2215 3968 2436 4022 adierat

480 4037 550 4089 de
584 4035 686 4089 hac
719 4051 778 4088 re
812 4041 1052 4089 acturus.
1125 4035 1406 4104 Interroge
1453 4038 1544 4104 qui
1602 4037 1808 4090 etaient
1851 4053 1986 4090 ceux
2033 4039 2123 4107 qui
2179 4037 2434 4090 l’avaient

479 4106 603 4158 emu
639 4121 708 4157 ou
744 4104 1016 4156 contraint
1051 4102 1083 4155 a
1117 4111 1261 4156 cette
1297 4105 1599 4167 demarcho,
1649 4107 1687 4158 il
1733 4107 1987 4175 repondit
2023 4123 2126 4176 que
2163 4123 2432 4176 personne

482 4190 552 4227 ne
601 4172 782 4226 l’avait
829 4172 950 4225 emu
987 4173 1121 4225 mais
1158 4189 1261 4241 quc
1308 4175 1575 4242 plusieurs
1625 4174 1830 4228 etaient
1884 4193 2049 4229 venus
2104 4177 2154 4228 le
2207 4183 2432 4229 trouver

483 4283 497 4295 .
592 4282 601 4290 .
642 4283 652 4293 .
689 4258 797 4294 non
843 4241 999 4310 point
1034 4257 1173 4309 pour
1220 4243 1392 4294 forcer
1428 4245 1479 4295 la
1518 4243 1848 4313 Seigneurie,
1887 4246 2021 4297 mais
2106 4261 2206 4298 our
2253 4245 2431 4297 eviter

479 4311 758 4365 confusion
797 4317 854 4362 et
890 4326 1026 4377 pour
1062 4310 1110 4362 le
1147 4311 1308 4379 profit
1343 4312 1410 4364 de
1446 4313 1499 4364 la
1534 4313 1693 4365 chose
1730 4313 2002 4382 publique.
2090 4313 2291 4380 Galiffe
2325 4316 2355 4365 l.
2396 4313 2429 4366 l.

476 4397 536 4449 p.
576 4378 719 4445 103.)
795 4377 948 4445 Quae
972 4376 1232 4432 Calvinus
1265 4380 1353 4434 liic
1387 4383 1547 4435 aliter
1581 4389 1780 4435 manat
1812 4398 1878 4435 ea
1912 4397 2047 4436 sane
2079 4399 2191 4436 non
2221 4383 2434 4448 falsata

480 4464 596 4504 esse
631 4448 854 4569 {ulgeri-3,
904 4449 1009 4501 etsi
1039 4448 1107 4502 de
1151 4449 1268 4501 eius
1304 4450 1485 4504 studio
1520 4458 1567 4504 ec
1614 4452 1829 4505 inm'dt'a
1870 4467 2036 4519 penes
2071 4458 2122 4506 te
2168 4451 2433 4505 iudicium

481 4533 597 4573 esre
669 4533 696 4569 e
732 4523 833 4569 eat.

658 4584 744 4648 16)
785 4584 984 4650 Galiffe
1015 4600 1071 4652 p.
1118 4585 1241 4637 101.-
1278 4588 1362 4638 Au
1393 4587 1593 4656 mepris
1630 4588 1726 4640 des
1762 4589 1969 4642 arretes
2005 4589 2076 4641 du
2097 4588 2432 4641 Dan-cents

481 4656 535 4708 le
571 4654 773 4707 conseil
809 4653 1088 4707 calviniste
1125 4654 1302 4707 s'etait
1336 4656 1528 4724 adjuge
1564 4657 1631 4709 de
1667 4657 1767 4709 fait
1814 4659 1864 4710 le
1900 4658 2047 4711 droit
2083 4657 2239 4726 (qu’il
2276 4673 2334 4710 se
2369 4656 2433 4708 fit

484 4723 772 4776 confirmer
817 4723 938 4790 plus
986 4722 1134 4785 tard)
1173 4723 1241 4776 de
1294 4724 1429 4777 faire
1481 4724 1576 4777 des
1630 4727 1919 4794 bourgeois
1972 4727 2120 4779 selon
2175 4742 2272 4779 son
2323 4727 2432 4778 bon

484 4793 676 4862 plaisir
721 4806 847 4843 sans
882 4790 1155 4911 1‹bua’ancun
1203 4800 1359 4914 αέα-ο
1404 4809 1586 4915 cflrpsl
1604 4795 1868 4876 politquuc
1904 4799 2011 4916 etit¹
2032 4799 2065 4850 a
2098 4795 2210 4917 gen
2248 4795 2434 4916 melaz-⁸.

486 4899 755 4914 ......
833 4901 843 4910 .
998 4882 1013 4910 .·
1066 4877 1187 4913 rece
1273 4879 1373 4916 ons
1406 4880 1424 4914 i
1468 4879 1498 4914 e
1535 4879 1663 4928 aes,
1755 4880 1836 4916 uis
1877 4881 1945 4917 ue
2015 4881 2045 4918 e
2150 4880 2379 4917 eux-cen

486 4930 637 4981 avait
659 4928 777 4982 deci
818 4928 847 4981 e
878 4929 948 4981 de
982 4945 1050 4981 ne
1083 4879 1294 4998 pasples
1328 4880 1607 4984 continffior
1629 4880 1795 4984 avgxt
1827 4932 2031 4986 davoir
2065 4933 2164 4987 fait
2199 4934 2267 4987 de
2301 4948 2433 4986 nou-

486 5013 661 5049 veaux
696 4997 840 5050 edite
874 5013 967 5050 sur
1002 5012 1062 5049 oe
1097 4998 1254 5067 sujet.
1291 5027 1353 5038 -
1394 5000 1475 5053 Le
1513 4999 1646 5071 Req.
1685 5000 1762 5054 du
1801 5000 1859 5055 O.
1898 5001 1981 5054 27.
2021 5001 2151 5055 Mai
2181 5003 2293 5056 dit:
2325 5003 2433 5056 Les

486 5064 575 5119 OC
623 5071 891 5120 arrestent
937 5082 1041 5134 quo
1089 5068 1167 5120 les
1211 5068 1489 5137 seigneurs
1524 5070 1598 5122 du
1631 5070 1772 5139 petit
1816 5071 2018 5124 conseil
2053 5072 2436 5126 continueront

486 5150 697 5188 comme
750 5134 1118 5189 d’aneiennete
1180 5138 1417 5200 (sancita
1465 5139 1569 5192 fuit
1619 5143 1838 5193 senatus
1892 5140 2117 5193 minoris
2169 5142 2434 5195 autoritas

493 5202 689 5269 Gala).
767 5201 893 5258 Uen·
923 5203 1013 5257 hic
1042 5204 1278 5259 credas?

665 5269 758 5335 17)
800 5271 1025 5362 Galiffe:
1062 5271 1141 5326 Le
1177 5275 1443 5342 pretendu
1479 5277 1717 5358 complet
1745 5277 1816 5330 du
1853 5278 1994 5343 parti
2030 5278 2081 5330 le
2116 5279 2236 5346 plus
2271 5279 2436 5334 faiblc

484 5340 556 5394 de
593 5339 870 5409 beaucoup
905 5342 1095 5394 netait
1140 5343 1298 5411 qu'un
1346 5361 1483 5414 coup
1531 5345 1697 5400 d’etat
1730 5347 1913 5401 monte
1958 5346 2211 5401 d’avance
2247 5365 2348 5416 par
2383 5349 2436 5402 le

2144 412 2601 481 EPISTOLA
2644 416 2808 477 2243

2479 4240 2488 4312 ..—

4336 415 4464 477 680

2520 623 2720 687 prope
2743 600 2826 666 ad
2849 622 3171 667 summam
3193 600 3441 666 cladem
3477 600 3759 668 adducta
3781 603 3904 668 fuit
3926 602 4174 668 civitas.
4241 602 4465 668 Pridie

2519 710 2714 772 quam
2758 687 2828 752 id
2863 686 3200 764 accideret,
3243 687 3467 752 multis
3506 686 3938 753 nebulonibus
3984 688 4208 753 datum
4252 688 4466 752 fuerat

2518 775 2876 858 gratuitum
2943 774 3312 858 prandium.
3404 773 3621 838 Duces
3666 774 3820 840 alibi
3868 774 4333 856 epulabantur:
4381 795 4462 838 ex

2522 859 2755 944 quibus
2820 858 3004 935 alter,
3064 881 3257 941 quem
3324 861 3673 938 nominavi,
3740 861 4085 926 Vandalius
4126 871 4464 943 sumptum

2521 944 2778 1029 prandii
2824 947 3161 1023 sustinuit;
3203 944 3517 1010 Per-rinus
3551 967 3707 1010 vero
3745 968 3996 1012 coenae.
4078 945 4468 1011 volitabant

2521 1034 2772 1097 interea
2815 1033 3067 1097 nuncii:
3097 1031 3342 1095 multae
3365 1033 3669 1097 sinistrae
3690 1041 3882 1097 notae
3911 1032 4461 1098 observabantur:

2524 1129 2600 1183 ut
2658 1140 2784 1182 non
2846 1119 3090 1182 frustra
3151 1118 3302 1182 boni
3349 1118 3474 1183 sibi
3519 1128 3905 1183 metuerent.
3994 1119 4202 1183 Moris
4245 1128 4463 1183 autem

2524 1218 2641 1282 est,
2667 1214 3009 1287 postquam
3036 1203 3382 1286 dispositae
3405 1218 3560 1269 sunt
3605 1207 3668 1268 in
3694 1208 3900 1288 portis
3931 1204 4259 1283 excubiae,
4284 1224 4464 1287 prae-

2522 1291 2765 1355 fectum
2847 1289 3119 1372 vigilum
3199 1290 3544 1355 circumire
3618 1299 3688 1354 et
3751 1290 4068 1374 dispicere
4134 1291 4465 1355 stationes.

2523 1375 2666 1440 Hoc
2712 1396 2954 1439 munus
3021 1376 3264 1459 singuli
3348 1385 3685 1441 senatores
3762 1376 4017 1442 vicibus
4093 1376 4352 1441 obeunt.
4385 1379 4468 1455 ¹⁸)

2523 1460 2748 1543 Quum
2815 1461 3029 1526 media
3093 1463 3163 1525 in
3229 1462 3390 1526 urbe
3454 1472 3706 1526 starent
3767 1463 4000 1546 vigiles
4068 1464 4275 1527 noctis
4328 1463 4468 1526 eius

2524 1548 2870 1612 clamorem
2909 1569 3040 1612 non
3079 1547 3300 1630 procul
3351 1548 3645 1612 audiunt.
3713 1549 3883 1613 Nam
3931 1570 3968 1612 e
4010 1550 4275 1632 regione
4320 1561 4472 1631 post

2523 1635 2833 1699 tabernas
2883 1635 3297 1699 mercatorias
3344 1634 3607 1715 quidam
3672 1635 3889 1717 lapide
3947 1655 4291 1717 percussus
4343 1634 4471 1699 cla-

2525 1720 2746 1784 mabat
2810 1742 2880 1783 se
2944 1720 3242 1784 occisum.
3349 1722 3721 1784 Accurrunt
3784 1722 3989 1804 igitur
4053 1741 4172 1803 pro
4236 1717 4469 1785 officio.

2529 1804 2776 1871 Contra
2820 1807 3179 1890 insurgunt
3237 1806 3362 1870 duo
3407 1808 3640 1871 fratres
3685 1809 3996 1891 germani,
4035 1809 4117 1887 ¹⁹)
4164 1828 4245 1870 ex
4283 1805 4472 1871 soda-

2528 1891 2697 1956 libus
2747 1890 3008 1956 Perrini
3054 1899 3118 1954 et
3177 1891 3500 1970 Vandalii,
3552 1893 3848 1957 homines
3893 1891 4153 1973 quidem
4212 1893 4473 1956 infimae

2530 1978 2741 2053 sorde,
2802 1977 3155 2059 cupediarii
3211 1977 3492 2042 scilicet:
3549 1978 3661 2043 sed
3708 1980 3818 2060 qui
3862 1981 3927 2042 in
3974 1979 4202 2043 eadem
4247 1998 4475 2042 mensa

2532 2064 2739 2145 gratis
2798 2074 3254 2127 coenaverant.
3344 2064 3514 2127 Rem
3559 2086 3644 2128 ex
3689 2066 4044 2146 composito
4089 2066 4193 2148 agi
4241 2061 4475 2128 deinde

2530 2151 2762 2232 patuit,
2822 2149 2990 2230 quod
3051 2149 3180 2213 duo
3240 2149 3363 2213 soli
3424 2149 3641 2231 plures
3691 2165 3975 2215 armatos
4020 2149 4288 2233 aggredi
4333 2150 4476 2213 ausi

2531 2235 2804 2298 fuerant.
2875 2238 3090 2316 Atque
3135 2234 3255 2300 hoc
3300 2236 3489 2299 ambo
3513 2236 3787 2301 confessi
3833 2248 3990 2300 sunt
4034 2250 4099 2300 et
4140 2234 4478 2315 iudicibuS,

2532 2332 2599 2384 et
2640 2320 2938 2403 pluribus
2983 2321 3145 2396 aliis,
3193 2332 3260 2384 et
3299 2320 3464 2385 mihi
3510 2323 3833 2403 privatim.
3929 2322 4216 2386 Tametsi
4258 2330 4478 2387 autern

2532 2427 2736 2488 quum
2774 2404 2856 2470 ad
2901 2407 3290 2489 supplicium
3327 2407 3765 2483 traherentur,
3790 2411 3877 2486 ²⁰)
3917 2418 4245 2492 negarunt
4287 2408 4478 2490 signo

2534 2491 2685 2556 dato
2741 2514 2811 2555 se
2867 2493 3223 2557 tumultum
3282 2494 3581 2569 movisse,
3669 2494 3763 2557 sic
3823 2504 4039 2558 tamen
4109 2493 4334 2557 multis
4379 2496 4479 2557 in-

2533 2577 2717 2643 diciis
2762 2579 3042 2643 convicti
3099 2587 3304 2654 erant,
3359 2592 3433 2642 ut
3489 2601 3610 2644 sua
3656 2579 4061 2663 impudentia
4119 2578 4286 2644 nihil
4331 2599 4479 2660 pro-

2532 2662 2826 2730 fecerint.
2908 2664 3052 2730 Hoc
3096 2664 3354 2747 quidem
3411 2667 3681 2731 minime
3738 2675 4079 2749 negarunt,
4139 2687 4207 2730 se
4251 2664 4475 2729 eodem

2535 2749 2637 2814 die
2682 2751 2856 2814 inter
2898 2749 3248 2832 prandium
3294 2761 3360 2814 et
3393 2772 3658 2817 coenam
3703 2750 3969 2816 Pero-ino
4013 2752 4214 2816 animi
4268 2751 4482 2834 gratia

2533 2837 2602 2898 in
2648 2836 3079 2919 propinquam
3133 2837 3356 2901 villam
3415 2859 3675 2920 egresso
3719 2839 3920 2903 fuisse
3964 2839 4258 2903 comites:
4307 2840 4482 2901 inter

2532 2922 2820 2985 eundum
2878 2923 2957 2985 de
3002 2923 3374 3005 quingentis
3430 2923 3801 2989 hominibus
3859 2925 4129 2988 armatis
4173 2924 4256 2987 ad
4301 2923 4479 2987 urbis

2531 3006 2887 3072 custodiam
2912 3007 3177 3072 aliunde
3199 3008 3507 3074 vocandis
3545 3009 3840 3074 habitum
3865 3011 4067 3074 fuisse
4090 3029 4478 3073 sermonem.

2533 3091 2755 3173 Quum
2796 3094 2865 3158 in
2911 3092 3221 3159 merenda
3252 3105 3681 3160 renovaretur
3716 3097 3855 3162 eins
3897 3098 3992 3161 rei
4027 3097 4289 3171 mentio,
4331 3094 4482 3160 Per-

2529 3182 2745 3244 rinum
2829 3180 3136 3263 opificum
3224 3180 3511 3246 adventu
3601 3204 3968 3265 repressum
3990 3234 4004 3260 ‚
4085 3184 4477 3266 germanice,

2537 3264 2794 3338 Schmun,
2868 3265 3128 3340 Sohwik,
3210 3267 3542 3332 silentium
3611 3269 3942 3333 indixisse.
4017 3268 4193 3349 Quia
4259 3279 4480 3332 autem

2532 3351 2694 3415 villa
2757 3352 2872 3415 illa
2929 3365 3117 3416 extra
3181 3354 3347 3417 fines
3410 3354 3821 3420 Genevensis
3880 3354 4144 3419 ditionis
4188 3356 4316 3418 sita
4360 3365 4478 3431 est,

2531 3435 2773 3501 dixisse
2835 3447 3131 3521 paratum
3199 3438 3334 3505 illic
3389 3442 3527 3504 fore
3592 3441 3849 3524 asylum
3894 3453 3961 3505 et
4007 3440 4377 3522 hospitium,
4424 3440 4481 3503 si

2532 3523 2679 3604 quis
2744 3524 2811 3587 in
2868 3523 3029 3589 urbe
3086 3526 3360 3606 capitale
3418 3527 3669 3591 facinus
3704 3540 4038 3610 patrasset.
4127 3527 4481 3592 Crescente

2534 3609 2820 3674 tumultu
2864 3631 3038 3675 unus
3083 3632 3164 3675 ex
3189 3612 3497 3695 syndicis,
3524 3617 3613 3688 ²¹)
3638 3615 3750 3695 qui
3793 3635 3922 3677 non
3970 3612 4195 3696 procul
4232 3615 4478 3690 aberat,

2534 3716 2683 3760 cum
2720 3717 2836 3760 suo
2882 3697 3189 3779 scipione,
3236 3698 3405 3780 quod
3452 3712 3552 3763 est
3614 3700 3870 3782 insigne
3927 3700 4368 3782 magistratus,
4415 3711 4482 3762 et

2533 3781 2892 3846 luminibus
2948 3784 3236 3848 accensis
3292 3782 3550 3866 prodiit.
3663 3785 3873 3850 Tanta
3937 3798 4159 3849 autem
4224 3806 4484 3868 semper

2534 3867 2606 3931 in
2652 3868 2771 3932 hoc
2814 3869 3053 3952 populo
3111 3870 3237 3933 fuit
3280 3871 3444 3934 sacri
3490 3869 3665 3934 illius
3712 3870 3925 3936 baculi
3969 3872 4354 3946 reverentia,
4405 3885 4483 3935 ut

2534 3953 2674 4017 eius
2732 3965 3085 4037 conspectu
3146 3977 3274 4019 non
3320 3956 3511 4020 modo
3570 3957 3832 4022 sedatae
3866 3958 4110 4022 fuerint
4151 3959 4481 4022 maximae

2535 4039 2780 4116 turbae,
2830 4040 2944 4105 sed
2980 4063 3180 4123 quum
3226 4041 3306 4105 ad
3353 4042 3579 4107 caedes
3635 4053 3904 4108 ventum
3950 4044 4116 4108 foret
4158 4044 4260 4108 vis
4303 4044 4480 4108 cohi-

2535 4124 2669 4189 bita
2710 4127 2922 4190 fuerit.
3013 4127 3198 4193 Unus
3245 4148 3330 4191 ex
3382 4128 3695 4193 fratribus
3752 4128 3901 4206 illis,
3956 4139 4216 4193 exserto
4262 4128 4480 4213 gladio

2533 4209 2766 4275 obvius
2811 4212 3082 4296 syndico
3127 4215 3420 4278 incurrit.
3488 4212 3819 4298 Syndicus
3855 4216 4100 4299 insigni
4137 4217 4481 4299 potcstatis

2534 4451 2680 4518 parti
2698 4451 2980 4504 calviniste
2984 4490 3150 4507 .....
3171 4453 3276 4505 Les
3297 4453 3609 4522 magistrats
3632 4454 3942 4507 calvinistes
3960 4454 4166 4507 e'taicnt
4186 4456 4483 4509 assemble's

2533 4518 2784 4572 d’avance
2820 4520 3024 4589 malgre
3062 4519 3261 4574 l'heure
3297 4521 3515 4575 insolite
3551 4521 3606 4588 (9
3632 4521 3664 4575 a
3699 4522 3764 4576 10
3799 4522 3869 4575 du
3906 4523 4066 4589 soit).
4125 4522 4232 4577 Oui
4265 4531 4483 4579 contra·

2534 4587 2668 4641 dicit
2701 4591 2971 4655 expressis
3004 4591 3181 4643 verbis
3220 4589 3579 4645 Protocollum
3616 4597 3853 4645 senatus.
3910 4591 4188 4646 Caeterum
4218 4592 4487 4659 Galiffius

2535 4658 2816 4710 multum
2852 4657 2903 4710 d.
2943 4657 3025 4712 16.
3049 4658 3201 4712 Mais·
3232 4668 3473 4713 exortum
3508 4660 3766 4728 perhibet.

2664 4743 2678 4766 ·
2708 4724 2796 4791 18)
2833 4726 3126 4781 Bonivard
3163 4726 3258 4780 137
3273 4750 3288 4779 .-
3325 4729 3528 4782 Arriva
3562 4730 3918 4798 l'escharguct
3943 4730 4027 4792 (la
4045 4730 4238 4794 rende)
4258 4731 4485 4784 commis

2535 4812 2637 4864 par
2672 4797 2987 4860 Messieurs‚
3035 4814 3104 4850 en
3146 4814 3346 4862 armes,
3396 4797 3720 4866 qu'estoient
3768 4809 3890 4851 tous
3939 4800 4127 4853 ieunes
4171 4815 4302 4869 gens
4339 4809 4398 4853 et
4432 4801 4490 4852 la

2573 4865 2657 4916 lus
2695 4871 2783 4918 art
2841 4881 2898 4918 es
2952 4883 3015 4918 us
3060 4867 3458 4919 nouvellement
3509 4866 3579 4920 du
3617 4866 3831 4921 Conseil
3879 4868 3975 4922 des
4010 4868 4359 4935 Dan-cents,
4410 4885 4488 4922 nn

2597 4934 2646 4986 ic
2686 4934 2734 4986 el
2771 4934 2914 4987 Bose
2985 4936 3276 4989 secretaire
3317 4953 3384 4988 au
3433 4936 3541 4990 lieu
3591 4936 3659 4990 de
3704 4953 3802 4989 son
3849 4953 3979 5005 pere
4015 4938 4136 5006 (qui
4174 4938 4340 4991 estoit
4374 4938 4491 4991 lors

2538 5020 2604 5055 au
2639 5003 2734 5056 liet
2769 5004 2838 5055 de
2874 5004 2928 5056 la
2961 5005 3130 5070 mort)
3176 5012 3232 5056 et
3276 5005 3467 5074 depuis
3513 5004 3584 5058 ha
3632 5010 3746 5058 este
3783 5007 3884 5059 mis
3918 5023 3951 5058 a
3997 5023 4060 5059 sa
4093 5007 4259 5075 place,
4298 5008 4351 5059 J.
4389 5008 4486 5074 Fe.

2536 5072 2803 5140 Bernard‚
2837 5074 3043 5141 Jaques
3077 5073 3162 5126 fils
3199 5074 3267 5126 de
3302 5074 3356 5127 J.
3394 5076 3461 5127 A.
3500 5074 3833 5140 Botheillier,
3885 5075 3978 5142 Fe.
4016 5076 4342 5142 Baudichon,
4381 5076 4486 5129 110.

2538 5141 2597 5194 P.
2633 5141 2815 5195 Tissot
2849 5141 2916 5193 de
2952 5142 3202 5195 Orusillie
3238 5142 3407 5213 chyru
3480 5145 3566 5196 'en
3601 5150 3703 5197 etc.

2713 5209 2803 5268 19)
2844 5208 3144 5279 Campam,
3182 5214 3281 5281 φη·
3314 5212 3369 5267 d.
3404 5161 3492 5265 ἑξ,
3529 5212 3688 5265 Iunii
3719 5214 3921 5279 capitis
3955 5213 4208 5268 aarum
4240 5220 4387 5270 sunt.

2708 5278 2799 5402 {tlh
2842 5279 3327 5405 Ζίάῗυῖἔίειοὶαω
3361 5299 3428 5336 m.
3461 5281 3670 5336 demun
3705 5281 3846 5337 lulio
3881 5285 4138 5351 effipiam
4169 5282 4345 5347 fuuu'
4345 5323 4358 5336 .
