4850 6200
352 450 468 514 261

357 637 570 706 causis
646 658 689 703 a
763 644 832 704 te
907 640 1445 721 praetermissum
1518 661 1662 707 eme
1723 639 2021 722 optarim.
2132 638 2308 705 Nam

352 731 640 808 quantus
681 723 794 788 ille
832 724 940 790 vir
978 723 1198 804 fuerit,
1242 746 1364 810 per
1404 745 1598 809 quem
1634 725 1920 809 primum
1941 724 2128 790 Deus
2164 724 2308 790 orbi

352 809 714 876 christiano
790 831 1028 895 puram
1107 810 1442 897 religionis
1520 812 1882 877 doctrinam
1958 812 2308 877 restituere

351 895 655 975 voluerit,
695 896 946 961 nemini
989 904 1093 962 est
1132 898 1500 964 obscurum.
1576 898 1669 963 Et
1712 897 1864 964 licet
1904 898 1976 962 in
2017 917 2151 962 uno
2194 896 2310 962 illo

352 981 631 1048 articulo
661 984 770 1060 τῆς
803 980 870 1045 εὖ
1088 991 1184 1057 τας
1226 984 1546 1050 hactenus
1581 983 2042 1059 dissenseritis,
2086 992 2309 1047 tamen

352 1068 427 1133 in
469 1067 744 1151 reliquis
787 1069 966 1133 omni
1010 1090 1090 1135 us
1131 1071 1311 1135 inter
1350 1091 1469 1136 vos
1512 1089 1897 1137 consensum
1945 1068 2309 1133 maximum

349 1154 555 1220 fuisse
597 1155 763 1219 mihi
807 1157 1119 1237 persuasi.
1197 1157 1426 1239 anue
1469 1154 1549 1221 de
1591 1176 1789 1222 causa
1822 1156 2099 1220 miratus
2141 1176 2308 1233 sum,

351 1246 420 1306 te
489 1240 652 1305 talia
715 1242 1204 1306 commentariis
1279 1243 1410 1308 tuis
1475 1243 1829 1307 inseruisse
1902 1262 2139 1323 eosque
2213 1240 2307 1305 ill.

351 1325 778 1408 Principibus
822 1328 986 1392 meis
1029 1348 1308 1410 quorum
1348 1340 1414 1393 et
1455 1327 1660 1393 totius
1696 1336 1956 1393 nostrae
1999 1325 2309 1392 ecclesiae

353 1411 438 1477 de
480 1411 752 1477 Μαι·
792 1413 1055 1495 scriptis
1098 1434 1233 1479 non
1275 1423 1378 1479 est
1416 1412 1764 1479 obscurum
1805 1413 2140 1492 iudicium,
2197 1412 2310 1477 de·

354 1497 670 1564 dicandos
735 1500 1099 1564 censuisse:
1172 1498 1348 1564 unde
1403 1500 1590 1567 facile
1659 1499 1977 1566 coniicere
2043 1499 2306 1582 poteris,

351 1583 617 1667 qualem
661 1585 946 1668 gratiam
990 1585 1114 1650 hac
1156 1595 1271 1650 tua
1309 1584 1713 1651 dedicatione
1755 1586 1999 1650 inieris.

524 1670 672 1754 Ego
732 1672 1020 1753 profecto
1086 1670 1444 1738 consultius
1501 1693 1645 1737 esse
1698 1681 1999 1754 putarem
2071 1670 2309 1737 talibus

351 1777 384 1822 s
480 1757 495 1769 '
528 1755 889 1823 lationibus
931 1776 1065 1821 non
1099 1756 1490 1823 exacerbare
1526 1758 1797 1834 animos,
1844 1765 1960 1822 aut
2001 1757 2309 1822 refricare

521 1862 638 1907 era
691 1863 860 1925 quae
925 1842 1225 1908 nonnihil
1298 1845 1662 1910 cicatricem
1718 1842 2068 1909 obduxisse
2125 1842 2308 1907 vide·

352 1938 606 1993 rentur.
670 1926 818 1993 Imo
860 1929 931 1993 in
969 1927 1094 1995 hoc
1137 1930 1353 2012 potius
1388 1929 1590 2008 vobis,
1636 1938 1702 1993 et
1745 1929 1864 1993 tibi
1900 1929 2307 2011 praesertim,

353 2014 541 2080 cuius
597 2014 928 2080 excellens
984 2013 1296 2093 eruditio,
1364 2016 1598 2098 pietas,
1665 2013 1986 2080 modestia
2049 2023 2119 2079 et
2183 2015 2310 2080 alia

350 2099 695 2183 praeclara
737 2099 908 2166 dona
947 2100 1179 2166 multis
1222 2110 1555 2179 constant,
1610 2100 2041 2166 laborandum
2085 2101 2310 2165 existi·

353 2187 709 2265 maverim,
780 2196 856 2251 ut
911 2186 1261 2269 aliquando
1320 2207 1481 2251 vera
1538 2194 1605 2251 et
1659 2188 1912 2251 sincera
1970 2186 2312 2253 concordia

355 2271 535 2336 inter
589 2272 739 2337 illos
797 2274 909 2355 qui
963 2282 1347 2338 renovatam
1394 2272 1723 2357 evangelii
1770 2271 2128 2337 doctrinam
2173 2294 2310 2337 am·

354 2356 538 2441 plexi
581 2367 741 2423 sunt
784 2380 858 2424 ac
902 2358 1170 2434 docent,
1230 2358 1567 2437 coalescat,
1613 2369 1689 2423 ut
1731 2359 1826 2424 ita
1860 2360 2310 2424 communibus

355 2444 613 2509 viribus
655 2445 736 2510 iis
779 2445 891 2526 qui
938 2446 1284 2509 veritatem
1346 2453 1733 2529 oppugnant
1788 2453 1856 2510 et
1912 2445 2149 2509 iterum
2197 2446 2309 2511 ob-

356 2539 688 2596 scuratam
734 2540 848 2595 aut
882 2551 1261 2614 oppressam
1285 2533 1557 2616 cupiunt
1591 2530 1851 2596 obviam
1892 2533 1987 2595 ire
2030 2531 2309 2613 possitis.

356 2616 465 2682 Ad
499 2637 698 2699 quam
734 2636 871 2682 rem
910 2617 1163 2681 utinam
1189 2617 1479 2701 plerique
1524 2615 1944 2683 ecclesiarum
1969 2628 2036 2680 et
2058 2637 2311 2681 rerum·

356 2701 772 2786 publicarum
809 2701 1278 2787 gubernatores
1321 2712 1457 2768 tam
1493 2711 1715 2768 essent
1747 2703 2074 2785 propensi,
2117 2722 2311 2785 quam

355 2787 672 2853 videntur
725 2789 796 2854 in
853 2789 1254 2854 contrarium
1301 2788 1623 2854 laborare:
1685 2810 1817 2853 non
1875 2787 2099 2853 dubito
2156 2789 2311 2870 quin

358 2875 748 2957 quietiorem
805 2882 1052 2940 statum
1110 2875 1421 2942 ecclesiae
1477 2883 1544 2939 et
1586 2873 1979 2958 reipublicae
2026 2872 2313 2939 habituri

356 2982 671 3028 essemus.

529 3046 786 3114 Verum
835 3047 994 3114 haec
1037 3048 1285 3127 omitto,
1330 3056 1398 3113 et
1440 3068 1553 3113 oro
1582 3046 1799 3112 Deum
1845 3057 1923 3111 ut
1964 3044 2313 3130 aliquando

357 3135 702 3202 ecclesiam
745 3156 932 3200 suam
975 3134 1298 3217 respiciat,
1343 3143 1412 3200 et
1445 3154 1668 3201 veram
1706 3131 2114 3198 concordiam
2159 3155 2312 3200 con·

357 3220 567 3287 cedat.
659 3221 900 3304 Teque,
960 3219 1335 3286 doctissime
1373 3220 1458 3285 D.
1510 3218 1794 3294 Calvine,
1857 3239 2015 3302 rogo
2073 3230 2147 3284 ut
2190 3219 2312 3286 hoc

359 3328 580 3374 meum
627 3327 1012 3390 responsum
1070 3307 1141 3370 in
1198 3307 1509 3390 optimam
1569 3315 1819 3389 partem
1880 3306 2158 3390 accipias
2173 3357 2187 3384 ,
2247 3316 2314 3371 et

359 3413 467 3459 me
507 3400 811 3459 amanter
853 3401 1234 3457 excusatum
1293 3392 1536 3457 habeas
1589 3390 1760 3475 quod
1817 3411 2014 3474 opera
2058 3391 2311 3456 dedica-

359 3480 559 3544 tionis
617 3486 883 3544 tuorum
941 3477 1576 3544 Commentariorum
1636 3497 1770 3541 non
1826 3498 1970 3542 eam
2031 3478 2310 3561 gratiam

360 3564 672 3630 retuleris
716 3573 1188 3647 (consequutus
1232 3563 1348 3644 sis)
1372 3569 1426 3638 ³)
1467 3584 1661 3646 quam
1708 3564 1999 3628 fortassis
2044 3585 2309 3645 exspec-

361 3651 609 3716 taveris
667 3660 734 3716 et
770 3651 1144 3716 merebaris.
1233 3650 1420 3714 Nihil
1464 3659 1684 3714 autem
1731 3650 1987 3723 dubito,
2049 3651 2208 3731 quin
2255 3650 2310 3713 si

354 3734 682 3801 Dominus
728 3736 1078 3820 aliquando
1134 3745 1364 3801 nostra
1409 3745 1562 3801 vota
1602 3757 1676 3801 ac
1721 3755 1944 3818 preces
1989 3736 2308 3818 respiciet,

355 3829 422 3887 et
463 3843 698 3888 sanam
742 3823 1154 3888 concordiam
1213 3822 1559 3905 largietur,
1621 3831 1771 3886 tuus
1828 3841 2083 3904 quoque
2127 3821 2310 3885 labor

353 3908 527 3991 apud
595 3917 856 3974 nostros
929 3909 1196 3992 dignam
1263 3908 1734 3991 gratitudinem
1800 3921 1866 3970 et
1942 3907 2307 3990 praemium

354 4007 878 4078 consequuturus
936 3994 1039 4059 sit.
1129 3994 1404 4058 Interim
1462 4015 1566 4058 me
1622 3991 1738 4056 tibi
1794 4002 2091 4057 amanter
2135 4015 2307 4057 com-

353 4080 742 4146 mendatum
785 4101 928 4145 esse
963 4081 1168 4164 cupio.
1253 4081 1377 4145 Cui
1416 4080 1698 4145 vicissim
1734 4100 1882 4143 mea
1917 4081 2126 4145 officia
2163 4100 2307 4161 per·

353 4177 553 4248 petuo
618 4169 1027 4231 constabunt.
1137 4166 1322 4230 Bene
1385 4187 1459 4231 ac
1523 4164 1800 4229 feliciter
1861 4165 2038 4238 vale,
2107 4179 2174 4229 et
2240 4177 2310 4229 ut

354 4252 574 4316 virum
618 4253 937 4334 optimum
976 4272 1050 4318 ac
1087 4250 1532 4316 doctissimum
1576 4251 1888 4314 Ioannem
1941 4252 2307 4328 Sturmium,
2359 4299 2364 4366 i
2412 4302 2618 4383 possit
2662 4299 2877 4365 dicere
2920 4321 3026 4365 me
3057 4321 3202 4365 eam
3238 4302 3318 4366 ob
3354 4321 3490 4364 rem
3531 4309 3644 4364 aut
3679 4301 3872 4364 aliam
3911 4321 4363 4384 quameunque

356 4357 574 4402 meum
600 4338 954 4420 aliquando
975 4340 1044 4402 in
1068 4338 1530 4403 honestissima
1554 4337 1878 4420 legatione
1902 4338 2305 4422 collegam,⁴)

355 4443 500 4488 meo
558 4425 827 4488 nomine
895 4435 1194 4489 amanter
1265 4424 1508 4488 salutes
1573 4426 1767 4488 etiam
1843 4437 2038 4505 atque
2110 4425 2305 4488 eriam

354 4529 532 4594 rogo.
624 4511 876 4574 Iterum
934 4511 1101 4574 vale.
1193 4511 1404 4574 Datae
1463 4510 1534 4573 in
1595 4508 1858 4592 praedio
1915 4531 2060 4573 meo
2119 4531 2307 4592 supe-

353 4595 542 4660 rioris
591 4596 896 4660 Vinariac
943 4596 1106 4660 dic7
1155 4598 1396 4660 mensis
1422 4596 1742 4661 Octobris.
1815 4599 2009 4659 Anno
2035 4595 2300 4659 Domini

359 4683 541 4746 1554.

1561 4769 1744 4832 Tuus
1791 4789 1872 4831 ex
1919 4771 2135 4831 animo

1523 4870 1911 4935 Franciscus
1957 4871 2160 4954 Bul-g.

615 5030 744 5037 ———-

562 5113 622 5178 3)
656 5114 753 5166 sic.

561 5181 620 5247 4)
657 5182 851 5235 Mense
885 5179 1185 5235 Novembri
1229 5178 1365 5231 1546
1414 5196 1451 5233 α
1495 5179 1837 5246 principibus
1873 5179 2306 5246 protestantibus
2352 5179 2358 5242 Ι
2410 5178 2561 5230 sione
2598 5173 2755 5227 Petri
2775 5173 3087 5228 Alexandri
3122 5173 3527 5255 &Principem
4320 5245 4333 5257 Ο

2405 5244 2577 5437 ἒξ*
2608 5243 2792 5381 ,5253
2808 5259 2983 5380 ,·ἕὲξί
3019 5247 3241 5366 &zm
3272 5244 3510 5366 3³:233.
3535 5241 3973 5378 ss‘ss‘mffli'ssi‘,
4026 5241 4358 5381 §.⁹23¹ae

2528 5397 2608 5434 aa.

356 5251 434 5303 ad
477 5250 832 5306 Franciscum
872 5249 1069 5318 Reqem
1104 5252 1342 5302 missum.
1415 5247 1683 5315 (Schmidt
1723 5247 1923 5301 Steti-m.
1951 5264 2005 5317 p.
2043 5245 2148 5300 68.)

2094 453 2257 516 1554
2302 448 2626 519 ΟΟΤΟΒ.

4234 454 4361 528 282

3292 641 3489 714 2⁰2⁰.

2901 793 3379 866 TOSSANUS
3421 798 3857 867 OALVINO.

2585 965 2879 1047 Epistola
2921 968 3311 1052 apoloyetica,
3354 990 3546 1053 quam
3578 971 3837 1054 scripsit
3875 977 3947 1038 ut
3986 974 4365 1055 quibusdan·

2411 1051 2775 1118 rumoribus
2828 1059 3169 1120 occurreret
3227 1056 3416 1137 quasi·
3470 1056 4069 1142 Mombelyardenses
4123 1058 4364 1127 Servati

2411 1143 2613 1203 essent
2667 1139 2986 1222 discipali.
3091 1139 3162 1205 E
3222 1144 3532 1208 comario
3595 1143 3853 1226 fuerunt
3914 1145 4178 1227 quidam
4249 1148 4363 1229 qui

2419 1221 2669 1289 Calvina·
2711 1245 2932 1290 nomen
2974 1246 3140 1306 prae
3191 1245 3258 1292 se
3297 1228 3561 1310 ferentes
3618 1230 4218 1298 administrationem
4261 1254 4363 1299 sa-

2411 1315 2864 1377 ormnentorum
2905 1317 3149 1378 »nidore
3188 1318 3576 1379 conarentur.

2690 1482 2801 1547 (Ex
2837 1483 3172 1552 autographo
3209 1484 3339 1539 cod.
3378 1484 3585 1539 Genev.
3623 1486 3744 1556 110,
3776 1488 3866 1542 fol.
3906 1486 4054 1553 160.)

2585 1652 3120 1738 Vigilantissimo
3178 1655 3487 1722 ecclesiae
3533 1655 3947 1729 Genevensis
3989 1659 4236 1742 pastori
4278 1661 4367 1728 D.

2412 1739 2647 1804 Ioanni
2706 1739 2985 1806 Calvino
3055 1740 3317 1807 domino
3386 1763 3506 1808 suo
3561 1750 3627 1809 et
3694 1744 3887 1810 fratri
3939 1746 4364 1812 observando.

3864 1846 4193 1915 Genevae.

2587 1977 2656 2045 S.
2724 1979 2872 2046 Non
2931 1989 3094 2064 puto
3161 1982 3596 2049 necessarium
3666 2004 3842 2064 esse,
3914 1983 4368 2052 colendissimo

2419 2063 2713 2144 Calvina,
2774 2076 2853 2130 ut
2909 2066 3136 2133 multis
3193 2089 3519 2148 excusem,
3593 2069 3767 2153 quod
3826 2070 4108 2149 medius,
4183 2078 4366 2155 puto,

2416 2172 2632 2216 annus
2692 2152 2782 2217 sit
2845 2173 2931 2217 ex
2989 2173 3116 2236 quo
3173 2154 3340 2220 nihil
3399 2154 3482 2220 ad
3542 2164 3609 2220 te
3669 2156 4007 2222 literarum
4052 2155 4362 2235 dederim

2416 2259 2618 2320 quum
2661 2237 2729 2303 id
2774 2246 2969 2303 antea
3012 2259 3206 2323 saepe
3263 2241 3351 2305 sit
3393 2261 3434 2304 a.
3475 2262 3581 2306 me
3623 2242 3898 2320 factum,
3957 2264 4077 2309 nec
4121 2242 4367 2309 soleam

2416 2331 2687 2406 propter
2730 2333 2875 2390 tuas
2922 2326 3382 2408 occupationes
3416 2328 3659 2393 multas
3696 2337 3761 2393 te
3796 2329 3938 2394 sine
3981 2329 4368 2395 necessitate

2415 2407 2798 2476 obtundere.
2902 2408 3092 2490 Quod
3151 2422 3369 2477 autem
3434 2434 3612 2480 nunc
3674 2413 3756 2478 ad
3823 2423 3889 2479 te
3953 2414 4233 2481 scribam
4297 2415 4367 2479 in

2416 2515 2614 2560 causa
2657 2504 2786 2572 est,
2845 2495 3015 2579 quod
3074 2497 3334 2562 audiam
3379 2497 3697 2581 quaedam
3741 2501 3888 2565 istic
3933 2521 4160 2584 sparsa
4201 2521 4367 2582 quae

2415 2602 2521 2645 me
2564 2581 2868 2645 nonnihil
2910 2580 3342 2648 offenderunt.
3411 2582 3519 2649 Ad
3562 2605 3727 2668 quae
3772 2585 4001 2663 solum,
4048 2594 4369 2669 quantum

2413 2666 2496 2731 ad
2534 2686 2640 2731 me
2674 2669 2926 2745 attinet,
2966 2667 3345 2751 responde0,
3377 2690 3485 2736 me
3508 2669 3632 2749 hic,
3668 2672 4093 2754 quantumvis
4128 2671 4371 2756 alioqui

2414 2752 2730 2817 miserum
2773 2761 2844 2819 et
2886 2754 3208 2820 abiectum
3243 2761 3665 2839 peccatorem,
3710 2758 3923 2840 gratia
3966 2766 4033 2823 et
4072 2757 4369 2842 benigni-

2415 2845 2551 2903 tate
2573 2836 2701 2903 Dei
2740 2838 2822 2904 ab
2856 2841 3047 2904 annis
3079 2840 3228 2924 plus
3262 2861 3459 2925 quam
3494 2842 3728 2926 viginti
3763 2842 3856 2909 sic
3891 2864 4036 2908 meo
4072 2843 4369 2908 functum

2417 2944 2690 2989 munere
2733 2934 2811 2989 ut
2852 2924 3105 2991 nullam
3151 2927 3417 3011 impiam
3478 2926 3837 2993 doctrinam
3885 2928 3994 2994 vel
4037 2927 4369 2995 docuerim

2419 3009 2519 3075 vel
2568 3009 2987 3076 defenderim.
3077 3013 3204 3078 Est
3245 3012 3508 3097 quidem
3552 3012 3762 3092 facile,
3808 3013 3933 3079 hoc
3975 3014 4369 3097 praesertim

2417 3107 2708 3247 temXore
2752 3097 2824 3161 in
2869 3106 3056 3163 tanta
3115 3098 3455 3165 hominum
3509 3098 3774 3166 licentia
3815 3109 3883 3165 et
3920 3102 4367 3183 perversitate,

2416 3184 2526 3266 qui
2574 3184 2676 3249 vis
2709 3184 3113 3250 comminisci
3148 3185 3220 3249 in
3254 3187 3591 3268 proximos
3626 3195 3693 3252 et
3727 3206 4035 3271 spargere
4070 3208 4190 3253 nos
4224 3206 4367 3253 esse

2421 3269 2663 3335 Serveti
2706 3269 3076 3354 discipulos,
3108 3274 3159 3346 ²)
3214 3271 3479 3337 reiicere
3524 3270 3685 3338 disci
3733 3271 3937 3336 linam
3981 3273 4370 3339 ecclesiasti-

2417 3376 2590 3434 cam,
2634 3364 3051 3421 contemnere
3095 3357 3320 3423 literas
3364 3366 3433 3422 et
3475 3356 3604 3422 alia
3645 3357 3670 3422 i
3756 3378 3996 3441 genus:
4043 3357 4160 3424 sed
4202 3378 4366 3441 quae

2416 3442 2579 3508 satis
2623 3442 2869 3526 (gratia
2911 3440 3210 3526 Christo)
3269 3450 3337 3507 et
3380 3455 3606 3508 nostra
3643 3441 3941 3509 doctrina
3984 3453 4051 3508 et
4091 3443 4366 3524 labores,

2416 3538 2483 3591 et
2525 3527 2614 3610 pii
2673 3548 2804 3592 non
2850 3529 3071 3609 pauci,
3129 3536 3197 3592 et
3250 3527 3467 3612 angeli
3520 3527 3845 3594 coelorum
3890 3539 3958 3593 et
3998 3528 4185 3595 Deus
4227 3531 4371 3613 ipse

2416 3613 2835 3678 testabuntur
2877 3614 2947 3677 in
2992 3610 3095 3678 die
3131 3612 3380 3679 Christi
3425 3634 3465 3677 a
3508 3613 3783 3679 veritate
3826 3636 3968 3681 esse
4013 3615 4247 3695 aliena,
4292 3623 4369 3681 ut

2416 3697 2790 3763 huiusmodi
2835 3698 3195 3764 calumnias
3239 3719 3637 3783 magnopere
3681 3721 3913 3766 curare
3956 3722 4087 3766 non
4134 3700 4367 3767 debea-

2414 3806 2579 3850 mus.
2670 3786 2759 3848 Et
2803 3804 3194 3868 quamquam
3252 3806 3373 3869 ego
3428 3795 3667 3850 natura
3711 3784 3794 3850 ad
3837 3786 4171 3852 lenitatem
4215 3808 4368 3871 pro-

2413 3870 2735 3953 pendeam
2781 3883 2849 3935 et
2891 3869 3287 3948 maluissem,
3346 3881 3421 3936 ut
3463 3891 3622 3936 vere
3683 3871 3913 3948 dicam,
3974 3894 4103 3938 non
4152 3874 4365 3938 solum

2413 3965 2678 4040 propter
2715 3958 3196 4034 conscientiam,
3242 3956 3357 4022 sed
3392 3956 3588 4022 etiam
3625 3967 3889 4040 propter
3936 3957 4364 4038 adversarios,

2359 4095 2364 4108 .
2417 4042 2733 4108 Servatum
2778 4041 2861 4107 ad
2904 4043 3421 4125 resipiscentiam
3458 4043 3704 4108 diutius
3749 4053 4099 4122 servatum,
4146 4044 4368 4110 nullus

2358 4127 2364 4210 ξ
2413 4137 2632 4193 tamen
2680 4136 2798 4206 est,
2842 4149 2972 4193 non
3020 4128 3161 4194 dico
3206 4129 3605 4214 peregrinus,
3665 4130 3779 4194 sed
3823 4151 3941 4194 nec
3986 4131 4186 4195 frater
4230 4131 4367 4213 qui-

2414 4214 2561 4279 dem
2606 4223 2972 4299 symmysta
3013 4214 3173 4278 mihi
3220 4225 3353 4279 tam
3401 4236 3481 4279 ex
3527 4217 3744 4279 animo
3788 4235 3995 4290 carus,
4057 4216 4165 4298 qui
4211 4237 4364 4280 vere

2413 4385 2534 4451 tibi
2578 4407 2868 4469 unquam
2915 4394 3027 4450 aut
3072 4385 3188 4452 ulli
3236 4408 3319 4450 ex
3362 4388 3496 4450 tuis
3531 4408 3671 4451 esse
3706 4386 4144 4468 obloquutum.
4227 4386 4365 4452 Sed

2412 4473 2540 4537 scis
2585 4472 2847 4537 difficile
2892 4493 3031 4537 esse
3086 4472 3379 4536 omnium
3436 4494 3550 4536 ora
3612 4473 3977 4537 obstruere:
4040 4481 4260 4536 tamen
4306 4473 4363 4537 si

2359 4587 2365 4626 ι
2414 4580 2576 4641 quos
2618 4558 2723 4625 hic
2769 4559 2933 4624 scivi
2978 4558 3099 4623 hoc
3145 4559 3405 4622 nomine
3451 4559 3753 4636 offensOS,
3801 4559 4055 4641 placavi
4078 4569 4139 4620 et
4185 4578 4362 4624 com-

2357 4671 2362 4708 ι
2411 4644 2633 4728 pescui
2703 4655 3020 4726 quantum
3087 4645 3287 4726 potui.
3388 4644 3526 4709 Nec
3584 4646 3797 4709 fuerat
3853 4644 3960 4709 hic
4015 4644 4186 4707 inter
4245 4665 4360 4709 nos

2357 4731 2362 4786 Ι
2412 4739 2517 4809 (ιιι
2577 4751 2875 4812 sparsum
2931 4750 3186 4811 quoque
3253 4751 3395 4795 esse
3455 4729 3676 4812 audio)
3733 4729 3813 4793 ob
3873 4729 4191 4793 Servatum
4246 4736 4362 4794 aut

2355 4793 2362 4952 ΙΙ
2412 4818 2551 4880 eius
2612 4815 2975 4882 doctrinam
3035 4823 3251 4878 ortum
3310 4814 3677 4894 dissidium,
3750 4815 3861 4878 sed
3922 4815 4130 4879 solum
4188 4815 4360 4898 quod

2353 5045 2360 5140 Ι
2411 5106 2603 5160 2026.
2622 5109 2672 5168 l)
2720 5105 2875 5160 Tales
2920 5121 3108 5159 revera
3154 5106 3215 5157 in
3257 5105 3368 5158 illis
3413 5106 3574 5159 terris
3622 5103 3796 5169 fuisse
3840 5110 3990 5173 patet
4037 5119 4102 5157 ex
4150 5104 4357 5170 Defen-

3567 5173 3859 5240 Georqium
3895 5172 3948 5229 d.
3969 5174 4020 5227 d.
4047 5173 4161 5228 Gal.
4183 5174 4355 5230 Mart.

3848 5463 3947 5516 17*
