4850 6200
449 426 582 489 ⁹03

450 631 653 695 quam
688 609 886 694 longo
927 629 1048 674 usu
1095 605 1423 672 Dominus
1466 603 1779 682 exercuit,
1824 622 1960 667 non
1994 600 2259 685 vulgari
2301 599 2410 665 ad-

450 696 751 764 iumento
814 693 1000 760 vobis
1063 694 1204 759 fore
1259 713 1467 777 spero,
1558 689 1781 772 Quare
1830 688 2058 754 sedulo
2126 709 2165 752 a
2222 686 2409 752 vobis

453 782 760 849 omnibus
825 779 1044 846 danda
1102 800 1299 864 opera
1363 786 1482 858 est,
1540 784 1618 842 ut
1656 775 1818 841 haec
1862 773 1975 858 pia
2017 773 2410 855 conspiratio

453 869 671 953 magis
752 888 830 933 ac
884 866 1098 951 magis
1155 864 1504 930 sanciatur.
1593 863 1688 927 'I'e
1757 882 1913 928 vero
1968 869 2043 924 ut
2098 859 2407 942 privatim

451 954 680 1021 horter
720 952 803 1018 ad
839 950 1328 1036 suscipiendum
1371 950 1495 1016 hoc
1549 948 1906 1033 negotium,
1952 946 2201 1011 occasio
2245 943 2410 1008 miln·

455 1062 543 1107 ex
598 1041 730 1105 tuis
787 1038 1001 1103 literis
1044 1036 1264 1103 oblata
1306 1045 1423 1103 est.
1512 1032 1702 1113 Vale,
1744 1032 2149 1099 nobilissime
2192 1030 2300 1095 vir
2343 1037 2411 1094 et

453 1126 619 1192 mihi
664 1147 747 1192 ex
791 1126 1008 1191 animo
1053 1123 1341 1191 colende.
1431 1122 1757 1187 Dominus
1792 1127 1858 1184 te
1894 1119 2007 1184 diu
2050 1125 2272 1183 servet
2314 1117 2411 1181 in-

454 1212 803 1291 columem,
869 1210 1106 1293 spiritu
1166 1230 1285 1275 suo
1329 1215 1519 1293 regat
1562 1216 1629 1273 et
1671 1227 1865 1271 suum
1907 1225 2145 1270 nomen
2190 1224 2307 1287 per
2344 1212 2408 1266 te

453 1298 763 1364 illustret.
855 1296 1187 1375 Genevae,
1234 1302 1293 1360 4.
1331 1293 1654 1362 Calendas
1689 1291 1983 1358 Ianuarii
2030 1294 2213 1354 1555.

1378 1431 1662 1497 Ioannes
1707 1428 2032 1496 Oalvinus
2079 1434 2257 1492 tuus.

1213 1758 1622 1771 *—

1338 2012 1516 2084 2367
1523 2065 1536 2077 .

943 2168 1416 2239 GALVINUS
1461 2166 1929 2235 DLUSKAE.

625 2345 885 2412 Laudat
946 2346 1086 2410 eius
1134 2342 1432 2424 pietatem
1494 2360 1622 2423 qua
1680 2342 1964 2421 permota
2021 2336 2193 2419 filios
2257 2355 2407 2401 suos

456 2433 766 2500 Turicum
805 2431 1050 2499 miserit
1078 2430 1345 2511 puriore
1378 2425 1681 2512 evangelii
1720 2423 2005 2491 doctrina
2025 2422 2404 2489 imbuendos,

450 2606 566 2672 (Ex
597 2603 881 2660 Iouvillaei
924 2601 1222 2671 exemplari
1258 2598 1390 2655 eod.
1423 2598 1629 2653 Genev.
1666 2594 1810 2662 107⁸,
1853 2595 1945 2651 fol.
1980 2593 2067 2662 88,
2114 2595 2237 2648 coll.
2281 2610 2403 2646 cum

449 2674 730 2730 Tun-otini
783 2670 915 2728 eod.
963 2669 1080 2737 108,
1135 2670 1227 2723 fol.
1274 2667 1359 2724 36.
1427 2667 1650 2721 Habent
1701 2667 1865 2720 etiam
1917 2665 2059 2735 Epp.
2106 2665 2273 2718 Bern.
2309 2662 2404 2719 vl.

981 2758 1037 2810 p.
1070 2737 1175 2792 379
1210 2743 1268 2791 et
1301 2737 1562 2792 Simlerus
1598 2736 1726 2791 Vol.
1761 2733 1873 2802 86.)

447 2915 559 2983 Ad
622 2914 1042 2999 magnificam
1107 2909 1464 2976 Dominam
1528 2912 1857 2994 Agnetem
1921 2904 2255 2970 Dluskam
2322 2900 2403 2967 de

506 3002 802 3081 Microw,
846 3007 1218 3066 matronam
1253 2995 1528 3063 summis
1570 2993 1933 3060 virtutibus
1975 2990 2279 3057 nobilem.
2304 2991 2356 3073 ¹)

622 3174 693 3241 S.
750 3173 900 3239 Etsi
957 3171 1194 3238 melius
1257 3171 1404 3235 istic
1469 3168 1665 3234 certis
1722 3166 2192 3249 experimentis
2247 3173 2406 3228 nota

450 3271 553 3329 est
618 3266 733 3326 tua
796 3259 1029 3344 pietas,
1097 3278 1241 3322 eam
1287 3264 1507 3321 tamen
1550 3253 1739 3320 nobis
1782 3253 1891 3318 hic
1935 3272 2190 3335 quoque
2236 3248 2405 3314 datis

449 3345 837 3434 pignoribus
881 3350 1188 3411 testatam
1233 3341 1460 3419 fecisti,
1506 3360 1827 3426 generosa
1863 3338 2163 3403 Domina.
2230 3335 2405 3400 Nam

454 3431 626 3518 quod
691 3432 859 3498 filios
916 3429 1144 3514 procul
1187 3429 1303 3496 abs
1347 3436 1414 3493 te
1455 3428 1525 3493 in
1560 3427 1894 3511 regionem
1938 3425 2075 3490 fere
2109 3421 2404 3505 incogni-

453 3527 596 3586 tam
661 3517 963 3603 ablegare
1027 3521 1305 3600 gravata
1368 3534 1505 3579 non
1548 3534 1638 3593 es,
1709 3521 1785 3577 ut
1848 3532 2081 3596 puram
2152 3507 2407 3575 Christi

453 3604 818 3672 doctrinam
882 3602 1122 3669 melius
1185 3600 1599 3679 imbiberent,
1667 3599 1825 3664 hinc
1889 3596 2080 3664 facile
2133 3602 2409 3677 apparet

498 3691 684 3757 uanti
744 3691 833 3755 sit
873 3689 992 3755 tibi
1047 3696 1228 3755 casta
1280 3692 1348 3752 et
1387 3686 1500 3771 pia
1542 3706 1770 3751 eorum
1813 3683 2129 3749 educatio.
2211 3679 2406 3744 Vivi-

453 3714 614 3843 dum
658 3797 853 3860 porro
897 3772 1200 3840 ardorem
1241 3773 1430 3838 illum
1472 3772 1672 3837 fuisse
1715 3777 1989 3853 oportet,
2035 3767 2151 3852 qui
2194 3763 2409 3831 teneri

457 3863 701 3930 amoris
755 3860 1122 3939 mollitiem,
1177 3879 1343 3944 quae
1387 3857 1784 3923 naturaliter
1842 3855 2165 3921 matribus
2207 3853 2409 3917 insita

456 3957 578 4029 est,
637 3956 703 4014 te
749 3947 830 4013 ad
876 3953 1008 4011 tem
1056 3967 1137 4011 us
1179 3945 1481 4011 oblivisci
1518 3965 1593 4010 ac
1652 3963 1893 4008 exuere
1937 3940 2168 4025 coegit,
2205 3937 2411 4038 donec

452 4035 626 4102 filios
661 4035 917 4101 sincera
973 3968 1218 4097 Clu-isti
1268 4030 1398 4096 fide
1441 4030 1641 4114 probe
1675 4030 1959 4094 imbutos
2003 4045 2410 4108 consplceres

456 4129 525 4187 et
566 4119 829 4205 quidem
871 4119 1140 4185 laetiore
1183 4119 1399 4183 animo
1443 4138 1643 4200 quam
1685 4116 1741 4181 si
1785 4135 1822 4179 e
1856 4122 1970 4178 tuo
2015 4111 2265 4196 gremio
2301 4108 2412 4174 vel

458 4216 810 4290 conspectu
866 4225 1207 4289 nunquam
1257 4214 1476 4269 essent
1531 4202 1793 4286 egressi.
1865 4201 2139 4265 Fratres
2158 4199 2215 4279 2)
2258 4216 2411 4260 nos-

459 4301 598 4359 tros
641 4293 1014 4378 Tigurinos,
1058 4290 1178 4357 sub
1213 4311 1492 4373 quorum
1538 4295 1748 4373 agunt
1790 4284 2103 4364 custodia,
2125 4281 2409 4348 fidelem

461 4400 726 4463 operam
774 4379 1037 4445 daturos
1061 4399 1193 4442 non
1229 4375 1473 4454 dubito,
1518 4385 1594 4441 ut
1614 4375 1753 4459 spei
1796 4373 2096 4454 votisque
2139 4370 2273 4434 tuis
2315 4389 2414 4432 re-

461 4464 783 4549 spondeat
816 4485 1171 4531 successus.
1230 4464 1378 4547 Ego
1400 4462 1617 4540 etiam,
1655 4458 1992 4542 siquando
2026 4456 2411 4555 illucusque

462 4552 782 4631 venirem,
843 4549 1068 4616 sedulo
1122 4571 1233 4615 eos
1293 4547 1622 4627 hortabor,
1680 4567 1765 4612 ne
1808 4553 1993 4610 tuam
2037 4544 2410 4627 opinionem

464 4809 651 4866 2367.
677 4812 730 4877 1)
767 4807 1115 4864 Dluskiorum
1148 4805 1356 4859 familia
1426 4803 1706 4858 oesidebat
1738 4801 2180 4855 Ivanovicianum
2214 4816 2413 4869 pagum

456 4882 630 4935 tertio
681 4880 753 4934 ab
805 4879 938 4932 urbe
1000 4876 1328 4940 (cracovia)
1420 4874 1581 4943 apide
1649 4872 1921 4933 dissitum,
1995 4869 2094 4924 ubi
2158 4869 2414 4937 imaqini-

462 4951 566 5006 bus
608 4950 679 5005 ab
727 4948 949 5004 eeclesia
992 4946 1230 5009 remotis,
1282 4943 1582 5011 evanqeliee'
1627 4940 2013 4995 Gracovienses
2061 4953 2189 4992 suos
2234 4943 2416 4992 coetus

460 5019 731 5074 oekbrare
764 5017 1021 5072 solebant.
1070 5013 1332 5080 (Labicos.
1367 5013 1401 5067 l.
1437 5012 1472 5065 1.
1506 5028 1560 5080 p.
1597 5009 1703 5079 48.)
1759 5008 2123 5062 Lismaninus
2156 5008 2218 5060 in
2259 5006 2414 5060 Polo·

460 5089 618 5142 niam
663 5101 911 5141 reversus
954 5101 1056 5154 per
1101 5089 1312 5152 septem
1357 5080 1722 5135 hebdomadas
1757 5080 1814 5131 iu
1851 5075 2234 5131 Ivanovieiano
2269 5075 2416 5144 apud

463 5155 705 5211 nobilem
751 5162 810 5209 et
853 5155 1000 5224 piam
1045 5158 1355 5206 matronam
1391 5154 1433 5204 A
1477 5155 1657 5203 netem
1694 5148 2037 5201 Dluscianam
2073 5162 2139 5199 ex
2187 5145 2414 5225 consilio

462 5227 697 5280 fratr-m
730 5225 907 5289 latuit,
958 5222 1088 5276 dum
1133 5222 1299 5276 amici
1331 5226 1382 5274 et
1451 5226 1671 5275 autores
1704 5218 2027 5272 amnestiam
2060 5232 2097 5268 a
2135 5213 2283 5283 Rege
2314 5229 2415 5267 tm·

453 5299 746 5364 patrarent
781 5293 939 5358 (ibid.
970 5308 1028 5360 p.
1068 5289 1183 5356 65).
1815 5355 1826 5367 .

675 5361 737 5432 2)
770 5362 922 5417 Hinc
955 5360 1071 5415 clia
1103 5372 1303 5415 manus
1334 5372 1499 5428 quam
1532 5354 1839 5411 Ionm'llaet.

1967 410 2495 481 EPISTOLAE
2541 414 2967 477 2366—2370

4340 410 4465 472 904

2513 602 2932 666 frustrentur.
2999 600 3297 684 Dignum
3337 600 3510 665 enim
3555 598 3681 665 hoc
3724 606 4025 664 sanctum
4072 595 4468 663 desiderium

2513 697 2630 767 est,
2683 685 2859 771 quod
2904 686 3219 752 adiuvare
3264 685 3416 751 boni
3461 706 3688 750 omnes
3733 683 4060 750 studeant.
4150 685 4297 749 Non
4342 684 4465 748 mi-

2511 795 2637 839 nus
2681 772 2896 838 laudis
2931 788 3223 837 meretur
3282 793 3446 856 quae
3494 770 3667 836 domi
3706 780 3858 836 tuae
3903 772 4081 854 viget
4122 772 4233 854 pia
4277 769 4466 836 disci-

2513 859 2711 942 plina.
2798 859 3072 925 Utinam
3133 858 3256 923 hoc
3310 859 3610 924 omnibus
3670 879 3866 923 curae
3910 866 4081 923 esset
4115 858 4313 923 talem
4347 857 4464 923 ha·

2513 944 2667 1010 bere
2713 945 2999 1010 familiae
3058 943 3401 1021 delectum,
3445 955 3523 1008 ut
3565 944 3984 1010 domesticam
4030 943 4203 1027 apud
4246 966 4315 1009 se
4363 965 4466 1011 ec-

2513 1031 2777 1097 clesiam
2846 1033 3117 1114 quisque
3192 1032 3460 1095 foveret.
3560 1029 3945 1113 Optandum
4008 1031 4206 1094 etiam
4273 1039 4464 1109 esset,

2512 1119 2897 1201 praesertim
2950 1117 3146 1181 rebus
3189 1118 3338 1182 istic
3381 1117 3845 1199 incompositis,
3889 1138 4023 1180 non
4066 1115 4278 1180 solum
4325 1118 4466 1199 plu-

2510 1225 2616 1268 res
2653 1213 3009 1281 matronas,
3047 1200 3163 1268 sed
3198 1204 3397 1267 etiam
3435 1204 3609 1268 viros
3645 1217 3905 1267 exstare
3949 1203 4061 1284 qui
4106 1201 4309 1267 simili
4351 1224 4466 1268 ex·

2514 1290 2729 1372 emplo
2773 1290 3247 1373 praelucerent.
3345 1289 3478 1354 Sed
3525 1290 3678 1371 qnia
3724 1289 3846 1355 hoc
3905 1289 4023 1353 tibi
4069 1287 4298 1352 datum
4343 1297 4462 1368 est,

2512 1374 2837 1441 indefessa
2871 1378 3235 1441 constantia
3268 1375 3671 1459 pergendum
3710 1385 3809 1439 cst
3843 1396 4048 1456 usque
4084 1373 4163 1438 ad
4202 1386 4463 1440 metam.

2512 1462 2879 1526 Multorum
2935 1461 3154 1527 oculos
3219 1462 3287 1525 in
3346 1474 3409 1525 te
3464 1462 3788 1526 coniectos
3844 1483 3984 1525 esse
4038 1461 4264 1536 audio,
4333 1482 4465 1525 non

2511 1548 2706 1612 modo
2772 1549 2927 1631 quia
2989 1547 3305 1613 feminam
3372 1548 3751 1630 primariam
3821 1548 4063 1611 virtute
4143 1546 4465 1612 excellere

2508 1633 2769 1710 vident,
2841 1632 2955 1699 sed
3009 1635 3160 1715 quia
3209 1632 3391 1698 Deus
3452 1634 3787 1716 singulare
3841 1632 4212 1715 exemplum
4275 1635 4344 1697 in
4400 1642 4466 1698 te

2509 1722 2878 1803 proposuit,
2937 1719 3104 1802 quod
3152 1722 3385 1784 merito
3428 1719 3509 1783 ad
3568 1720 3998 1784 imitationem
4048 1719 4220 1782 viros
4265 1719 4466 1783 etiam

2511 1806 2774 1870 trahere
2822 1805 3067 1871 debeat.
3142 1805 3315 1885 Quia
3354 1828 3504 1870 vero
3552 1806 3735 1870 nobis
3779 1806 3846 1869 in
3895 1806 4067 1868 vitae
4112 1826 4305 1870 cursu
4352 1803 4466 1869 de-

2511 1906 2785 1957 currunt
2829 1891 3038 1957 multa
3082 1889 3433 1963 obstacula,
3480 1913 3646 1973 quae
3691 1912 4000 1973 superare
4043 1889 4232 1955 nobis
4275 1891 4466 1956 facile

2512 2000 2642 2042 non
2683 1987 2872 2051 esset,
2933 1977 3276 2042 Dominum
3325 1976 3637 2058 precabor
3684 1988 3756 2041 ut
3800 1993 3864 2042 te
3909 1977 3989 2041 ad
4039 1997 4465 2059 perseveran-

2510 2065 2669 2127 tiam
2716 2065 3072 2141 confirmet‚
3127 2066 3522 2146 spiritusque
3580 2064 3680 2129 sui
3728 2064 3915 2127 donis
3959 2064 4027 2127 in
4084 2063 4222 2127 dies
4277 2062 4458 2129 locu-

2509 2150 2743 2232 pletet,
2815 2150 3070 2214 interea
3121 2150 3241 2214 sub
3287 2171 3486 2213 manu
3532 2171 3652 2215 sua
3696 2158 3763 2214 et
3805 2149 4127 2230 praesidio
4173 2159 4236 2214 te
4280 2149 4460 2215 inco-

2511 2236 2753 2300 lumem
2831 2246 3112 2300 tueatur.
3219 2234 3419 2313 Vale,
3509 2236 4075 2317 praestantissima
4154 2235 4459 2300 Domina.

2511 2321 2825 2388 Genevae
2870 2323 2952 2388 iv.
3003 2321 3271 2388 Calend.
3318 2321 3609 2386 Ianuarii
3667 2328 3842 2387 1:355.

3422 2460 3706 2525 Ioannes
3749 2459 4069 2525 Calvinus
4114 2468 4285 2525 tuus.

3300 2754 3704 2762 ————————

3382 2955 3583 3026 2368.

2919 3110 3394 3178 GALVINUS
3441 3108 4049 3178 LASSOOZKIO.

2687 3282 2969 3349 Pertinet
3028 3283 3180 3349 haec
3246 3303 3487 3365 quoque
3548 3283 3635 3349 ad
3697 3283 3923 3350 seriem
3985 3283 4246 3350 illarum
4297 3304 4459 3367 quas

2508 3370 2763 3452 scripsit
2803 3370 3083 3435 hortante
3120 3369 3513 3435 Lismanino.

2516 3541 2626 3608 (Ex
2663 3541 2903 3595 editione
2928 3541 3099 3594 Bezae
3136 3540 3335 3594 Genev,
3370 3558 3422 3610 p.
3447 3539 3566 3606 171,
3602 3542 3760 3595 Laus.
3795 3540 3988 3663 3362,
4025 3543 4238 3597 Hanov.
4272 3561 4326 3613 p.
4343 3541 4466 3608 405,

2606 3611 2817 3666 Chouet
2850 3629 2903 3680 p.
2939 3609 3062 3674 231,
3098 3612 3274 3664 Amst.
3312 3628 3363 3680 p.
3404 3608 3520 3677 106,
3558 3612 3763 3665 Archiv
3854 3613 4084 3680 errenh.‚
4121 3611 4239 3667 Vol.
4275 3614 4371 3682 X)

2512 3782 2867 3868 Magnifico
2911 3781 3201 3848 Domino
3243 3782 3575 3848 Stanislao
3610 3784 3985 3864 Lassoczki,
4033 3782 4466 3852 Subcamera-

3007 3870 3106 3934 rio
3150 3871 3392 3935 Terrae
3436 3869 3929 3935 Lankzciensis.

2683 4042 2830 4125 Ego
2884 4062 3040 4106 vero
3091 4040 3228 4121 tibi,
3289 4043 3529 4107 eximie
3587 4043 3709 4120 vir,
3756 4065 3839 4108 ex
3883 4043 4102 4108 animo
4149 4041 4463 4126 gratulor,

2515 4126 2688 4211 quod
2732 4128 2929 4193 rebus
2972 4126 3183 4193 adhuc
3230 4129 3379 4194 istic
3425 4128 3637 4194 dubiis
3673 4130 3851 4193 omni
3899 4128 4314 4195 simulatione
4349 4127 4463 4195 de-

2514 4216 2727 4299 posita
2789 4214 2994 4278 libere
3037 4215 3366 4296 professus
3409 4217 3518 4294 sis,
3566 4225 3630 4280 te
3675 4236 3881 4279 unum
3927 4237 4069 4280 esse
4105 4238 4188 4280 ex
4234 4236 4465 4281 eorum

2516 4321 2789 4366 numero
2833 4299 3067 4382 quibus
3113 4300 3278 4364 nihil
3324 4303 3537 4384 potius
3581 4315 3679 4366 est
3722 4323 3916 4384 quam
3961 4301 4335 4366 obedienter
4368 4323 4468 4367 se-

2515 4389 2627 4468 qui
2662 4407 2790 4468 quo
2828 4408 2946 4450 nos
2982 4386 3155 4450 filius
3191 4387 3315 4451 Dei
3355 4396 3561 4453 vocat.
3629 4387 3811 4452 Haec
3856 4388 4199 4453 sinceritas
4235 4408 4466 4453 omnes

2517 4474 2645 4538 Dei
2689 4472 2875 4550 filios,
2922 4472 3028 4536 ubi
3078 4471 3156 4536 de
3180 4473 3473 4556 legitimo
3510 4474 3728 4557 agitur
3764 4473 3903 4539 eius
3946 4472 4147 4552 cultu,
4172 4475 4467 4556 apprime

2518 4558 2718 4639 decet,
2763 4566 2838 4623 ut
2880 4578 3014 4622 non
3066 4559 3374 4624 vacillent
3416 4559 3495 4624 ad
3543 4560 3900 4642 quamlibet
3941 4580 4167 4624 auram
4210 4559 4466 4625 flexibi-

2516 4645 2613 4710 les
2678 4666 2891 4726 neque
2958 4643 3220 4709 aliunde
3288 4645 3631 4727 pendeant,
3698 4645 3814 4710 sed
3879 4644 4136 4711 fundati
4198 4646 4334 4710 sint
4390 4646 4462 4711 in

2518 4733 2709 4795 firma
2750 4730 2864 4795 illa
2900 4751 3063 4812 rupe
3107 4750 3269 4812 quae
3311 4754 3429 4797 nec
3471 4744 3704 4796 ventos
3750 4730 3919 4797 ullos
3948 4751 4069 4796 nec
4112 4741 4464 4815 tempesta-

2519 4826 2618 4880 tes
2664 4816 2771 4880 vel
2816 4817 3128 4898 procellas
3165 4815 3552 4882 extimescit.
3642 4819 3954 4882 Tenenda
3988 4818 4163 4882 enim
4210 4827 4309 4884 est
4350 4818 4469 4883 illa

2518 4902 2882 4986 promissiO,
2951 4924 3079 4984 qua
3124 4902 3355 4968 Esaias
3401 4909 3488 4982 (8,
3543 4907 3644 4978 13)
3710 4903 3937 4970 fideles
4002 4902 4085 4969 ad
4136 4903 4468 4969 fortitudi-

2518 5010 2672 5053 nem
2715 4990 2979 5066 animat,
3013 4989 3374 5053 Dominum
3421 4990 3827 5055 exercituum
3864 4991 4287 5070 sanctificare,
4324 4991 4467 5072 ipse

2518 5095 2774 5156 quoque
2855 5075 2979 5139 erit
3054 5095 3258 5157 pavor
3323 5085 3541 5141 vester
3603 5087 3668 5141 et
3733 5098 3856 5141 arx
3913 5076 4464 5161 inexpugnabilis,

2518 5161 2689 5225 Nam
2736 5160 2915 5226 hunc
2959 5162 3095 5243 ipse
3140 5160 3262 5226 sibi
3299 5161 3611 5226 honorem
3649 5163 3882 5227 merito
3918 5162 4065 5227 vult
4106 5162 4349 5242 haberi,
4388 5176 4466 5227 ut

2519 5246 2659 5312 eius
2716 5249 2963 5311 virtute
3021 5248 3245 5311 confisi
3299 5248 3473 5330 quod
3530 5249 3847 5332 praecipit
3900 5256 3967 5312 et
4008 5249 4282 5314 mandat
4322 5248 4467 5314 sine

2519 5355 2704 5400 mora
2768 5332 3260 5416 amplectamur.
3344 5335 3446 5399 Τιι
3503 5356 3676 5414 vero,
3733 5335 4147 5401 ornatissime
4208 5335 4326 5412 vir,
4391 5355 4467 5399 re
