4850 6200
348 451 459 515 145
2130 450 2292 511 1554
2334 447 2517 517 [ΠΝ.
4207 458 4336 523 146

339 657 486 705 nam
518 656 855 735 nunquam
933 646 1191 703 utarem
1227 636 1407 703 hunc
1442 636 1654 701 virum
1692 634 1767 703 in
1802 634 2055 699 hostem
2137 654 2279 701 rae·
2380 635 2669 719 quentis:
2745 636 3209 720 qualiscunque
3272 637 3358 702 sit
3415 638 3530 721 qui
3587 636 3938 709 manducat
4009 650 4076 706 et
4145 640 4334 721 bibit,

339 728 579 792 sentem
624 730 763 789 tam
927 722 1259 789 umaniter
1313 722 1719 787 saeviturum
1774 720 1828 787 si
1873 721 1968 785 ita
2179 728 2280 787 ret
2380 741 2646 787 necesse
2689 734 2790 786 est
2831 741 2981 787 eum
3027 723 3228 787 vitam
3272 722 3532 789 habere.
3602 724 3695 788 Et
3737 746 3869 790 non
3913 727 4104 793 modo
4144 727 4327 792 colli-

338 820 408 875 ut
444 808 685 874 stati-es
727 806 1078 875 habebant.
1147 805 1397 875 Simiae
1432 815 1591 873 sunt
1624 815 1690 872 et
1732 814 2030 875 monstra
2060 807 2279 889 potius
2377 807 2559 891 gitur
2600 805 2771 891 quod
2814 826 2949 873 non
2991 806 3241 875 habens
3299 808 3502 877 vitam
3563 828 3696 875 non
3748 810 4134 890 manducat,
4193 833 4334 880 non

335 914 527 1047 ΕΜ]
625 894 724 993 ui·
748 902 1021 960 teneant
1077 891 1322 979 aliquid
1378 892 1617 959 Lateri.
1706 889 2031 972 Quamvis
2087 893 2157 957 in
2214 900 2278 958 te
2376 893 2543 959 bibit
2585 913 2848 959 carnem
2885 904 2952 960 et
2985 893 3394 978 sanguinem,
3440 894 3554 960 sed
3590 895 3760 977 quod
3793 897 4159 982 quicunque
4193 920 4330 965 non

398 983 546 1064 'qna
633 978 1122 1046 esiderarentur
1155 989 1223 1045 et
1254 976 1777 1063 Noviomaqmsis
1808 977 2022 1061 primo
2056 999 2278 1044 move·
2377 978 2736 1047 manducat
2767 999 3032 1045 carnem
3067 990 3136 1044 et
3170 999 3305 1045 non
3324 979 3486 1046 bibit
3517 981 3924 1064 sanguinem,
3961 1005 4098 1050 non
4131 985 4330 1050 habet

334 1067 549 1133 batur:
626 1062 741 1133 sed
796 1064 881 1132 ad
948 1064 1426 1151 hypocaustum
1490 1083 1799 1130 reversus
1849 1084 2054 1146 quum
2112 1064 2278 1130 bene
2378 1065 2601 1131 vitam.
2717 1063 3088 1147 Wesphazus
3156 1065 3267 1148 qui
3379 1086 3569 1131 anem
3629 1067 3863 1132 asserit
3934 1090 4199 1137 carnem
4258 1078 4329 1136 et

332 1153 601 1219 haberet
655 1172 790 1217 non
864 1151 1148 1235 amplius
1218 1152 1517 1218 meminit
1586 1149 2033 1215 humanitatis.
2142 1147 2277 1215 Sed
2377 1151 2609 1216 vinum
2644 1151 3050 1234 sanguinem,
3095 1158 3161 1216 et
3194 1171 3322 1234 quo
3401 1152 3511 1235 qui
3546 1172 3786 1234 panem
3829 1151 3964 1219 edit
3993 1165 4063 1221 et
4097 1157 4334 1223 vinum

330 1258 561 1322 corpus
606 1236 860 1304 Christi
905 1248 1163 1302 tantum
1208 1237 1560 1302 carnaliter
1594 1236 1931 1319 proposuit
1972 1235 2071 1311 iis,
2116 1256 2278 1319 quos
2377 1236 2543 1302 bibit
2586 1256 2848 1302 carnem
2894 1235 3043 1301 edat
3085 1245 3150 1301 et
3193 1236 3377 1303 bibat
3419 1239 3823 1321 sanguinem,
3885 1241 3977 1303 ita
4022 1241 4328 1325 loquatur

330 1345 444 1408 pro
478 1345 555 1390 se
589 1323 1007 1407 excipiendos
1040 1324 1234 1389 iussit
1255 1322 1568 1388 Christus
1609 1343 1810 1405 quum
1846 1342 1983 1385 non
2019 1342 2277 1404 semper
2324 1312 2329 1411 ξ
2379 1330 2456 1386 ιιι
2497 1320 2807 1388 Christus
2850 1332 2914 1387 et
2958 1330 3108 1406 post
3130 1321 3470 1388 Christum
3517 1334 3659 1388 tota
3691 1324 3963 1391 ecclesia
4006 1326 4086 1392 de
4128 1348 4326 1393 carne

326 1430 594 1494 corpore
638 1409 989 1475 carnaliter
1049 1409 1155 1474 hic
1210 1420 1383 1474 esset
1424 1408 1708 1473 futurus.
1798 1404 1984 1472 Deus
2027 1407 2279 1491 aperiat
2324 1430 2330 1463 ι
2379 1418 2443 1472 et
2488 1409 2841 1492 sanguine3
2899 1407 3074 1474 dicat
3117 1410 3229 1491 qui
3275 1406 3409 1473 edit
3452 1429 3689 1492 panem
3737 1410 4001 1475 Domini
4048 1422 4117 1477 et
4160 1412 4331 1478 bibit

330 1496 550 1562 oculos
607 1504 745 1560 tam
801 1496 1025 1561 caecis.
1118 1497 1458 1579 Appetant
1515 1490 1957 1572 concordiam,
2017 1493 2127 1576 qui
2184 1494 2279 1557 ita
2324 1484 2329 1549 ῗ
2379 1494 2680 1578 poculum
2743 1494 2939 1560 habet
3001 1494 3206 1558 vitam
3265 1506 3598 1560 aeternam
3660 1504 3725 1560 et
3781 1497 3890 1578 qui
3940 1517 4074 1562 non
4120 1495 4328 1563 ederit

327 1601 469 1648 cum
516 1584 647 1665 piis
699 1590 923 1665 agunt.
1020 1581 1388 1647 Voluissem
1442 1580 1570 1645 alia
1626 1580 1879 1644 ratione
1935 1589 2152 1645 actum
2211 1589 2278 1643 et
2379 1589 2448 1645 et
2511 1580 2751 1646 biberit
2815 1600 2950 1645 non
3006 1579 3271 1645 habebit
3345 1582 3551 1646 vitam
3628 1592 3981 1648 aeternam.
4095 1584 4329 1651 Nonne

522 1689 643 1733 nsa
700 1667 993 1733 barbaris
1052 1667 1205 1732 data
1264 1665 1456 1750 paulo
1525 1666 1746 1731 minus
1803 1663 2126 1742 aculeata,
2192 1686 2276 1730 ne
2376 1665 2627 1731 Paulus
2670 1666 3001 1743 reclamat,
3062 1665 3143 1731 de
3187 1667 3269 1730 iis
3313 1667 3422 1749 qui
3473 1665 3743 1750 indigne
3795 1678 4095 1745 sumunt,
4157 1669 4330 1754 quod

323 1775 405 1819 ex
448 1755 626 1819 male
647 1753 895 1818 affectis
939 1753 1219 1835 pessime
1274 1748 1623 1817 redderent
1666 1752 1950 1827 affectos,
1996 1750 2167 1833 quod
2212 1761 2279 1815 et
2378 1751 2694 1817 iudicium
2772 1751 3083 1817 sumant?
3188 1752 3433 1817 Parum
3513 1764 3759 1817 norunt
3833 1755 3971 1818 vim
4041 1758 4328 1838 corporis

323 1842 617 1924 contigit.
688 1837 825 1905 Sed
866 1837 1039 1904 domi
1076 1839 1229 1904 licet
1264 1837 1450 1903 facile
1485 1836 1773 1903 iudicare
1818 1836 1931 1901 ubi
1976 1845 2069 1901 tot
2105 1837 2279 1902 mala
2325 1792 2331 1901 ι
2380 1837 2630 1902 Christi
2687 1848 2750 1902 et
2810 1838 3156 1920 sanguinis
3199 1859 3396 1921 quam
3452 1848 3716 1921 superet
3762 1841 3947 1921 panis
4006 1841 4171 1906 vim:
4229 1844 4332 1907 in-

323 1948 639 2010 perpessa
696 1936 764 1990 et
821 1946 967 2008 spes
1012 1936 1325 2006 concepta
1367 1934 1435 1988 et
1494 1924 1655 1988 fides
1714 1922 1869 1987 data
1912 1924 1979 1988 in
2022 1922 2277 1987 fumum
2380 1923 2576 2008 digne
2633 1942 2891 2005 semper
2948 1933 3245 1988 sumetur
3312 1925 3501 2006 panis
3559 1935 3625 1989 et
3693 1925 3762 1989 in
3820 1926 4134 1993 iudicium
4192 1929 4333 1994 sine

323 2012 589 2089 abeunt,
648 2032 781 2075 non
841 2012 1089 2075 moveri
1158 2022 1223 2075 et
1267 2031 1397 2075 non
1444 2011 1623 2092 queri
1673 2022 1739 2075 et
1782 2009 1953 2092 quod
1998 2018 2099 2075 est
2144 2030 2276 2073 non
2379 2030 2578 2075 carne
2623 2008 2906 2075 Christi:
2968 2006 3084 2073 sed
3126 2009 3370 2075 Christi
3420 2030 3571 2074 caro
3617 2020 3752 2074 tam
3799 2022 3902 2075 est
3945 2014 4196 2092 efficax,
4256 2024 4335 2080 ιιι

324 2097 537 2165 dicere
564 2097 680 2163 sed
703 2108 919 2163 tacere
946 2094 1297 2162 admodum
1321 2096 1603 2161 difficile.
1670 2093 2280 2177 Wesphaziusquam
2326 2132 2331 2181 1
2380 2116 2498 2161 esu
2543 2096 2738 2160 etiam
2789 2115 2872 2159 ex
2920 2093 3395 2179 indignissimis
3442 2095 3676 2178 dignos
3721 2097 3931 2175 faciat,
3993 2120 4332 2181 nunquam

322 2186 406 2249 sit
462 2183 726 2249 sobrius
783 2196 849 2247 et
909 2204 1104 2266 quam
1165 2184 1335 2247 bona
1390 2181 1517 2247 fide
1563 2191 1715 2265 agat
1774 2180 1933 2245 satis
1976 2190 2278 2262 testatur,
2380 2190 2680 2246 sumetur
2721 2181 2991 2265 indigne
3035 2182 3220 2263 panis
3267 2182 3532 2246 Domini
3579 2204 3698 2248 nec
3747 2183 3816 2247 in
3864 2183 4174 2249 iudicium
4220 2187 4330 2252 ubi

320 2280 387 2336 et
418 2291 633 2352 quum
671 2270 737 2334 in
761 2270 972 2334 Paulo
1007 2267 1394 2352 exponendo
1431 2267 1700 2343 laboret,
1740 2279 1814 2331 ut
1848 2288 2002 2332 suos
2026 2289 2279 2333 errores
2325 2188 2332 2345 Ι
2372 2278 2676 2332 sumetur
2750 2288 2917 2333 car0.
3016 2266 3365 2351 Improbus
3424 2268 3616 2332 affert
3669 2271 3880 2333 multa
3948 2292 4113 2353 quae
4175 2271 4330 2336 olim

320 2356 553 2422 fulciat
598 2373 665 2420 et
711 2357 1058 2420 veritatem
1097 2364 1445 2438 oppugnet,
1493 2353 1664 2417 nihil
1700 2353 1940 2417 mirum
1983 2353 2037 2418 si
2083 2374 2279 2436 quam
2326 2392 2331 2423 :
2380 2352 2552 2419 dicta
2624 2354 2786 2419 satis
2863 2353 3201 2436 pueriliter
3275 2354 3477 2418 fuere.
3605 2353 3680 2419 Si
3766 2356 3910 2437 quis
3986 2358 4329 2422 infantiam

321 2442 810 2508 diversissimus
857 2442 943 2506 sit
987 2464 1027 2507 a
1069 2441 1293 2506 Paulo.
1397 2438 1573 2520 Quid
1631 2441 1805 2504 enim
1863 2439 2150 2522 apertius
2195 2462 2273 2504 ex
2324 2434 2331 2571 l
2382 2440 2607 2505 Lateri
2642 2447 2708 2503 et
2741 2458 2906 2520 quae
2942 2439 3137 2504 etiam
3161 2439 3567 2523 ineptissime
3601 2460 3640 2503 a
3673 2441 4000 2523 plerisque
4025 2441 4333 2508 dicuntur

318 2527 532 2594 Paulo
580 2548 774 2611 quam
819 2527 1013 2611 longe
1058 2527 1255 2591 aliam
1289 2548 1431 2590 esse
1466 2526 1681 2591 carnis
1717 2526 2274 2590 circumcisionem
2382 2525 2578 2590 hodie
2649 2534 2714 2588 et
2771 2525 3150 2590 scribuntur
3218 2536 3508 2591 attexere
3567 2525 3765 2590 vellet
3819 2528 4329 2609 Luteranorum,

318 2615 398 2679 ab
454 2636 539 2681 ea
593 2635 761 2697 quae
817 2613 1032 2679 cordis
1088 2622 1216 2685 est,
1276 2624 1341 2677 et
1400 2634 1530 2676 non
1590 2608 1952 2676 secundum
2009 2633 2273 2677 carnem
2324 2596 2330 2667 l
2381 2610 2531 2693 quid
2590 2632 2716 2675 non
2774 2610 3162 2675 afferretur?
3266 2611 3397 2676 Sed
3472 2610 3629 2693 quid
3689 2613 4022 2678 immorari
4097 2615 4164 2677 in
4227 2616 4334 2681 his

318 2721 457 2767 esse
524 2722 780 2777 semen,
840 2698 954 2765 sed
1011 2722 1097 2764 ex
1166 2699 1593 2781 promissione
1662 2698 1899 2780 magis,
1962 2698 2275 2779 quemad·
2379 2696 2676 2779 oportet?
2765 2697 3036 2762 Utinam
3080 2697 3346 2762 tandem
3372 2697 3539 2780 quod
3584 2701 3768 2781 cupis
3813 2708 3878 2762 et
3919 2699 4088 2781 quod
4137 2701 4331 2767 valde

314 2786 593 2851 modum
640 2796 705 2850 et
750 2787 989 2851 Petrus
1049 2784 1242 2869 longe
1300 2784 1475 2849 aliud
1537 2804 1678 2847 esse
1722 2793 2000 2847 testatur
2042 2804 2274 2865 aquam
2379 2794 2482 2847 est
2527 2783 2967 2847 necessarium
3013 2784 3148 2861 fiat,
3205 2791 3282 2847 ut
3323 2784 3655 2849 communi
3700 2803 4018 2849 consensu
4060 2806 4330 2868 respon-

317 2893 444 2970 qua
479 2873 776 2955 corporis
806 2872 1032 2937 sordes
1069 2871 1403 2947 eluuntur,
1445 2890 1637 2952 quam
1677 2868 1741 2933 id
1777 2889 1905 2951 quo
1941 2869 2273 2935 conscien·
2380 2867 2614 2933 deatur
2657 2878 2725 2932 et
2768 2869 3085 2950 improbis
3119 2891 3190 2934 os
3220 2868 3613 2933 occludatur.
3690 2870 3880 2934 Dom.
3909 2869 4089 2935 lesus
4114 2881 4325 2937 totum

318 2965 407 3023 na
448 2960 875 3025 emundatur.
968 2957 1099 3023 Hic
1157 2958 1211 3021 si
1272 2966 1618 3038 rumpatur
1678 2953 2074 3036 Wesphalius
2129 2975 2275 3020 ver·
2381 2954 2505 3019 hoc
2549 2975 2715 3037 opus
2759 2953 3016 3038 dirigat.
3106 2952 3346 3020 Danda
3388 2964 3562 3020 esset
3596 2976 3792 3038 opera
3835 2968 3905 3020 ut
3950 2978 4145 3039 qnam
4190 2978 4331 3023 sce-

317 3043 469 3112 bum
519 3054 628 3110 est
668 3043 938 3120 clarum,
983 3055 1317 3126 apertum:
1377 3041 1600 3107 foedus
1646 3052 1763 3118 est,
1819 3040 2079 3107 irritum
2127 3042 2277 3107 fecit
2379 3040 2713 3107 lestissimi
2768 3041 2879 3124 qui
2933 3048 3092 3106 sunt
3135 3040 3462 3120 Basileae,
3523 3048 3598 3105 ut
3654 3040 3884 3107 Dauus
3943 3041 4205 3126 quidam
4262 3054 4331 3111 et

317 3129 553 3198 foedus
598 3131 714 3214 qui
749 3131 1075 3214 praeputii
1111 3152 1373 3196 carnem
1414 3151 1545 3193 non
1582 3127 2075 3194 circumciderit.
2142 3129 2277 3194 Ero
2380 3128 2494 3192 alii
2549 3149 2677 3192 non
2741 3127 3029 3193 melioris
3088 3136 3315 3204 notae,
3375 3126 3485 3210 qui
3540 3148 3681 3193 sese
3734 3149 3934 3212 supra
3988 3128 4326 3196 Christum

314 3214 505 3285 Deus
578 3228 734 3282 tuus
800 3227 865 3283 et
930 3217 1201 3282 seminis
1268 3217 1393 3280 tui:
1480 3212 1644 3279 nihil
1712 3225 2008 3278 moratur
2078 3235 2272 3280 verax
2381 3213 2692 3290 evehunt,
2717 3215 3041 3279 sentirent
3062 3211 3220 3296 quid
3239 3215 3377 3279 sint
3397 3213 3789 3297 concupiti*
3825 3212 4016 3295 Quod
4041 3224 4196 3281 ante
4215 3237 4330 3281 an-

314 3303 536 3380 Deus,
612 3305 757 3386 quis
830 3305 915 3368 sit
976 3323 1171 3386 quem
1230 3301 1615 3385 alloquitur:
1685 3300 2045 3384 cuicunque
2116 3301 2275 3368 hwc
2381 3321 2500 3365 nos
2518 3301 2794 3384 triginta
2813 3299 3124 3366 subolfeci
3146 3319 3325 3364 nunc
3347 3297 3831 3383 pleniusvideo.
3854 3300 4328 3369 Pseudomoses

316 3388 665 3468 dicuntur,
721 3391 1093 3472 quicunque
1147 3386 1637 3454 circumciditur
1690 3407 1842 3451 vere
1887 3395 1988 3452 est
2029 3387 2097 3451 in
2142 3388 2273 3452 foe·
2381 3387 2714 3468 probatus,
2755 3387 2915 3451 facit
2958 3394 3035 3450 ut
3077 3385 3266 3452 facile
3310 3384 3570 3452 credam
3602 3385 3917 3451 Davidem
3958 3385 4330 3454 Flandrum

314 3472 503 3550 dere,
569 3495 729 3542 vere
772 3474 1177 3540 benedicitur
1228 3474 1340 3557 qui
1386 3495 1471 3538 ex
1515 3473 1765 3539 semine
1820 3481 1936 3550 est,
1997 3472 2275 3539 salutem
2379 3471 2566 3537 facile
2644 3472 2958 3555 praeferri
3038 3470 3318 3537 Christo.
3431 3470 3566 3536 Sed
3644 3470 3948 3537 discutiet
4026 3473 4329 3542 Christus

313 3560 548 3627 habet:
598 3561 657 3628 si
699 3560 965 3645 quidem
1004 3561 1105 3626 ita
1146 3581 1407 3627 necesse
1451 3571 1623 3624 esset
1665 3578 1893 3624 omnes
1936 3579 2018 3624 ex
2061 3559 2275 3625 Abra·
2377 3558 2593 3623 fumos
2635 3567 2703 3621 et
2744 3556 2951 3622 nubes
2995 3567 3130 3623 tam
3174 3567 3369 3622 atras.
3453 3554 3589 3622 Sed
3631 3577 3753 3640 ego
3797 3558 3922 3622 mei
3965 3557 4328 3640 obliviscor,

315 3647 514 3714 hamo
577 3657 646 3713 et
690 3646 938 3713 Israele
996 3668 1137 3712 esse
1194 3633 1429 3722 filios1‘'
1452 3655 1516 3711 et
1572 3646 1983 3712 circumcisos
2034 3645 2273 3710 salvos.
2377 3651 2456 3707 ιιι
2498 3653 2564 3708 te
2608 3644 2977 3720 conficiam,
3035 3643 3204 3725 quod
3265 3645 3502 3708 iterum
3550 3650 3700 3725 peto
3747 3655 3818 3708 ut
3862 3664 4092 3710 caveas
4134 3655 4328 3730 teque

316 3731 499 3813 Quid
560 3754 699 3799 non
753 3733 1209 3817 collegerimus
1267 3732 1347 3797 de
1403 3733 1484 3796 iis
1526 3731 1641 3814 qui
1681 3730 1959 3796 audiunt
2000 3729 2272 3796 verbum
2379 3729 2666 3794 Domino
2713 3728 3020 3795 ecclesiae
3063 3730 3223 3793 item
3276 3751 3433 3794 suae
3478 3739 3545 3792 et
3596 3729 3787 3795 nobis
3830 3750 4081 3808 serves,
4143 3743 4215 3796 ut
4256 3754 4328 3799 es

312 3816 444 3884 Dei
492 3841 582 3886 an
644 3821 942 3902 protinus
998 3839 1226 3884 omnes
1281 3840 1362 3883 ex
1406 3819 1547 3883 Deo
1592 3825 1766 3882 sunt.
1857 3815 2037 3883 Oves
2082 3827 2271 3883 sunt:
2376 3813 2728 3880 admodum
2773 3815 3195 3881 necessarius.
3268 3816 3590 3879 Tossanus
3624 3814 3887 3897 scripsit
3922 3817 4144 3881 omnia
4186 3839 4330 3883 esse

312 3925 661 3989 nunquam
720 3905 917 3971 aliam
968 3926 1165 3988 quam
1223 3905 1506 3988 pastoris
1574 3923 1805 3970 vocem
1876 3901 2268 3968 audierunt?
2375 3902 2747 3983 composita.
2767 3903 2823 3980 ²)
2888 3901 3090 3965 Faxit
3132 3899 3438 3966 Christus
3482 3909 3558 3964 ut
3598 3901 3691 3965 ita
3734 3899 3898 3965 bene
3944 3902 4094 3967 sint.
4161 3903 4328 3968 Per‘

308 4012 518 4074 quum
566 4001 823 4058 constet·
867 3990 1191 4058 vocandas
1232 4012 1416 4068 oves,
1476 4001 1541 4054 et
1583 3989 1649 4054 id
1693 4010 1812 4073 per
1855 4008 2074 4054 vocem
2120 4009 2269 4071 pas-
2461 4009 2527 4050 m
2585 3997 2808 4052 tamen
2862 3987 3147 4053 officium
3210 3986 3438 4052 facere.
3543 3985 3946 4051 Commendo
4021 3988 4326 4056 ecclesias

302 4079 467 4144 toris
514 4098 715 4161 quam
760 4079 944 4161 prius
988 4098 1119 4142 non
1162 4075 1523 4155 audierant,
1576 4085 1643 4140 et
1684 4082 1833 4158 post
1872 4073 2270 4140 auditionem
2373 4072 2522 4138 illas
2583 4074 2714 4138 tuis
2774 4071 3071 4156 precibus
3129 4080 3194 4136 et
3265 4071 3435 4138 hanc
3501 4081 3815 4138 nostram.
3919 4072 4087 4138 Vale
4157 4074 4324 4141 bene

304 4171 578 4230 tantum
636 4184 771 4228 non
824 4163 1002 4314 luXis
1058 4161 1367 4246 praedam
1412 4162 1638 4240 fuisse,
1695 4169 1772 4226 ut
1813 4160 2073 4228 Galatis
2116 4182 2268 4227 con·
2374 4179 2524 4225 cum
2570 4160 2696 4241 piis
2740 4159 3042 4224 omnibus
3086 4156 3368 4241 collegis,
3414 4156 3795 4236 Μανοήίωιε,
3845 4157 4124 4240 Βαᾶαεο,
4176 4161 4325 4224 Tri-

305 4251 479 4334 tigit.
575 4247 710 4315 Sed
769 4249 883 4332 qui
985 4249 1279 4315 insanius
1338 4269 1533 4332 quam
1590 4248 1685 4312 ita
1740 4248 1931 4331 signa
1989 4246 2268 4314 evehere
2372 4246 2526 4322 acie,
2601 4244 3020 4322 Normandio,
3100 4246 3320 4309 fratre.
3431 4243 3704 4311 Utinam
3774 4265 4033 4327 possem
4099 4266 4326 4311 omnes

303 4345 380 4436 ut
423 4335 705 4487 anffata
746 4334 1245 4434 habeant‘quae
1290 4342 1812 4435 repraesentent,
1871 4342 1946 4397 ut
1986 4332 2267 4400 alterum
2373 4331 2731 4431 nominare.
2843 4330 3068 4396 Nostri
3148 4339 3213 4393 te
3293 4330 3596 4396 salutant.
3722 4330 4033 4397 Neocomi
4115 4331 4324 4396 altera

303 4443 448 4487 sme
568 4430 708 4487 tero
751 4441 893 4487 esse
939 4442 1058 4487 nec
1094 4443 1305 4504 excipi
1352 4431 1555 4503 possit
1653 4418 1937 4484 Planum
1981 4426 2084 4485 est
2118 4439 2267 4483 eum
2371 4417 2544 4482 Iunu
2600 4420 2778 4482 1554.

303 4511 415 4591 qui
476 4506 837 4573 manducat
894 4527 1157 4572 carnem
1217 4516 1285 4571 et
1339 4506 1503 4572 bibit
1554 4506 1940 4590 sanguinem
1998 4505 2267 4571 Domini
3603 4502 3783 4566 Tuus
3829 4501 4148 4566 Farellus.

304 4594 517 4661 vitam
579 4593 821 4660 habere
880 4603 1235 4659 aeternam.
1336 4592 1514 4658 Sunt
1570 4612 1761 4670 vera,
1828 4599 1986 4655 sunt
2043 4601 2268 4674 aperta

302 4681 513 4747 verba
557 4677 832 4758 Christi,
878 4691 1068 4764 tropo
1111 4701 1274 4763 opus
1318 4700 1449 4744 non
1495 4687 1624 4744 est:
1672 4675 1839 4742 nihil
1884 4674 2010 4742 dici
2055 4686 2268 4760 potest

301 4765 485 4866 {uod
508 4765 744 4866 ‚magis
786 4765 1301 4866 sit-tenendum,
1350 4785 1491 4864 ¹¹0⁰,
1514 4764 1684 4847 qu⁰d
1730 4782 1939 4848 magffl
1981 4762 2269 4862 inssqloefs'
2570 4793 2634 4860 2)
2672 4794 2866 4849 Novae
2899 4794 3024 4851 illae
3163 4793 3302 4848 retae
3331 4794 3548 4862 priores
3583 4793 3733 4862 apud
3757 4793 4016 4846 Nostrum
4052 4797 4329 4863 sepeliebam

301 4870 375 4917 m
432 4853 661 4935 abque
704 4853 973 4918 Domini
1029 4851 1349 4934 colloquio
1407 4860 1605 4915 etiam
1664 4850 1773 4916 ubi
1832 4857 2061 4914 contra
2116 4858 2264 4914 itur.
2364 4862 2636 4919 m'dentur.
2713 4863 2795 4930 Of.
2833 4862 2912 4919 N.
2959 4810 3160 4918 1933..oe

303 4934 383 5005 Si
443 4939 547 5004 ita
614 4951 948 5004 asseverat
1003 4937 1344 5013 Christus,
1415 4937 1563 5020 quis
1630 4933 1898 5020 negabit
1966 4955 2264 5000 veracem

302 5042 454 5094 esee
514 5031 585 5090 et
626 5045 788 5090 vera
829 5024 1039 5108 loquil
1121 5022 1195 5090 Si
1258 5021 1653 5108 Wesphalius
1705 5043 1780 5088 ea
1832 5019 2105 5086 haberet
2147 5041 2263 5104 pro

303 5130 377 5178 ne
439 5121 512 5175 et
566 5131 686 5176 suo
740 5111 940 5194 impio
985 5109 1322 5194 dogmate,
1379 5131 1545 5193 quae
1590 5117 1769 5173 stant
1822 5126 1940 5190 pro
1983 5104 2107 5172 hac
2148 5127 2262 5172 ve·

305 5195 580 5263 tissima
599 5197 897 5276 veritate,
943 5196 1050 5262 hic
1073 5217 1231 5262 sane
1253 5217 1383 5261 non
1429 5203 1531 5260 est
1573 5192 2040 5260 attendendum
2086 5191 2263 5258 aliud

304 5301 514 5365 quam
557 5282 833 5348 verbum
879 5302 1073 5365 quam
1133 5282 1568 5348 certissimum
1612 5280 1914 5345 veritat-is
1958 5287 2262 5344 aeternae

306 5379 377 5433 et
422 5389 623 5451 quam
680 5368 1128 5434 firmissimum
1175 5366 1525 5433 tenendum
1584 5366 1656 5432 in
1713 5386 1872 5430 vero
1926 5385 2121 5431 sensu
2168 5365 2259 5428 lo-

527 5467 747 5524 Calvo‘m'
777 5485 961 5538 opera.
1043 5470 1155 5526 Vol.
1192 5469 1249 5524 X
1260 5470 1318 5526 V.
3841 5465 3909 5518 10
