4850 6200
441 409 571 472 519

447 593 761 663 Famae
813 600 884 659 et
937 613 1073 661 666
1126 591 1350 658 audiet
1393 590 1676 659 Zobodoe.
1763 589 1981 655 Autre
2038 588 2233 656 chose
2276 609 2408 655 nen

439 682 616 747 66611
668 678 956 745 rendant
1019 698 1214 744 cause
1267 677 1350 744 de
1406 698 1524 743 666
1581 677 1801 743 saveir
1841 694 1964 759 par
2026 675 2123 741 les
2179 674 2409 741 choses
2508 762 2511 765 -

447 788 569 834 sus
603 764 1051 851 predeposees.

626 851 796 918 Item
863 871 906 917 a
965 859 1104 916 este
1158 851 1384 934 jnquis
1451 870 1609 914 avec
1673 848 1865 914 noble
1919 850 2128 914 Amee
2176 846 2405 913 Perrin

450 937 821 1006 conseillier
876 947 944 1003 et
992 937 1318 1021 capitaine
1415 934 1636 1000 eneral
1696 934 1778 1000 de
1822 934 2097 1000 Geneve
2153 934 2235 998 de
2280 933 2406 999 bon

450 1024 642 1110 eaige
663 1044 827 1108 pour
849 1023 1141 1106 deposer,
1184 1021 1376 1106 leque
1425 1042 1616 1104 apres
1638 1022 1825 1086 avoir
1855 1022 2007 1104 jure
2048 1030 2114 1085 et
2156 1035 2409 1104 prester

452 1120 781 1177 sermentz
826 1118 1116 1194 suyvant
1176 1107 1413 1174 larrest
1454 1114 1521 1172 et
1563 1104 2164 1173 commandementz
2209 1127 2249 1171 a
2291 1106 2409 1191 luy

451 1196 614 1262 faict
664 1195 745 1261 de
800 1195 864 1260 la
914 1215 1037 1279 par
1081 1194 1162 1260 de
1203 1214 1372 1259 nous
1426 1194 1769 1278 seigneurs
1826 1212 2017 1275 apres
2060 1193 2251 1258 avoir
2292 1213 2409 1257 en-

451 1281 664 1348 tendu
719 1281 816 1348 les
869 1281 1098 1348 choses
1156 1288 1475 1348 66616666
1530 1278 1750 1345 audiet
1800 1278 2008 1343 billiet
2053 1282 2110 1343 A
2155 1278 2290 1343 dict
2344 1286 2413 1342 et

456 1365 696 1451 depose
754 1367 1146 1434 seullement
1199 1367 1459 1431 scavoir
1499 1372 1675 1429 estre
1718 1385 1889 1449 vray
1932 1384 2060 1449 que
2114 1364 2233 1450 luy
2277 1365 2412 1429 fust

451 1463 722 1538 present
774 1452 993 1518 audiet
1047 1473 1344 1519 sermons
1386 1471 1552 1537 ouyr
1593 1457 1660 1517 et
1698 1447 1998 1516 entendit
2040 1471 2168 1533 que
2213 1449 2411 1516 ledict

450 1541 724 1606 maistre
762 1538 1024 1605 Zebedee
1064 1538 1342 1622 preseha
1395 1546 1464 1602 et
1508 1558 1592 1603 en
1651 1535 1907 1603 sondict
1952 1557 2216 1602 sermon
2258 1557 2408 1621 par-

452 1626 599 1691 lant
641 1625 722 1691 de
764 1646 837 1692 66
882 1645 1008 1708 que
1051 1623 1151 1690 les
1186 1623 1437 1689 diables
1471 1630 1759 1707 avoyent
1793 1620 2115 1688 demands
2150 1643 2190 1687 a
2223 1622 2407 1688 Iesu·

453 1712 613 1777 crist
635 1711 717 1776 de
757 1710 937 1776 leurs
973 1710 1224 1775 donner
1267 1709 1499 1775 liberte
1534 1708 1800 1774 dentrer
1835 1729 1967 1774 aux
2095 1709 2410 1775 urceaulx

455 1797 568 1882 qui
625 1805 928 1880 estoyent
984 1795 1049 1860 la
1093 1816 1330 1880 aupres
1374 1803 1441 1860 et
1493 1816 1578 1860 en
1628 1814 1819 1878 apres
1862 1814 1951 1859 va
2041 1795 2134 1859 ire
2196 1816 2319 1877 que
2362 1816 2410 1879 y

454 1883 634 1949 avoit
700 1882 1054 1948 difference
1119 1890 1305 1947 entre
1368 1882 1762 1965 permission
1821 1888 1887 1946 et
1944 1880 2286 1947 voullunte
2344 1892 2412 1945 et

500 1990 583 2034 ue
626 1968 674 2033 il
719 1990 802 2033 66
847 1970 1026 2033 avoit
1069 1965 1150 2033 de
1193 1967 1382 2033 ceulx
1427 1969 1539 2050 qui
1585 1988 1670 2031 66
1729 1967 2058 2050 faisoyent
2100 1968 2284 2049 point
2329 1967 2410 2032 de

456 1990 809 2120 differentis
867 2062 1053 2120 entre
1109 2053 1497 2138 permission
1559 2061 1627 2117 61
1670 2051 1940 2118 volunte
1984 2062 2051 2118 et
2099 2074 2227 2136 que
2271 2073 2409 2120 666-

455 2149 688 2223 toyent
738 2160 901 2223 gens
954 2141 1064 2222 qui
1123 2148 1426 2224 estoyent
1481 2137 1561 2204 de
1619 2139 1868 2224 grande
1921 2140 2154 2203 estime
2198 2148 2264 2204 et
2305 2159 2410 2205 sa-

461 2227 605 2291 voir
658 2229 766 2309 qui
823 2247 904 2291 en
968 2237 1253 2310 avoyent
1317 2226 1559 2309 escript
1625 2225 1995 2291 tellementz
2039 2246 2166 2309 que
2230 2225 2410 2291 leurs

455 2312 661 2378 livres
725 2322 1082 2397 couroyent
1137 2331 1258 2395 par
1316 2320 1461 2377 tout
1515 2311 1579 2378 le
1632 2310 1868 2377 monde
1924 2312 2017 2376 Et
2073 2332 2197 2394 que
2254 2312 2410 2378 telle

455 2406 676 2481 estoyt
717 2418 848 2463 une
892 2396 1140 2482 grande
1184 2419 1412 2464 erreur
1454 2404 1522 2464 et
1586 2397 1834 2480 ireque
1857 2396 2018 2463 celle
2063 2396 2150 2462 du
2194 2406 2410 2483 temps

454 2503 651 2565 passe
672 2483 762 2547 Et
796 2505 922 2566 que
958 2483 1018 2549 le
1053 2484 1399 2568 magistrat
1431 2483 1487 2567 jl
1577 2480 1797 2549 ebvoit
1840 2483 1993 2549 bien
2027 2483 2282 2549 veillier
2319 2485 2412 2550 Et

456 2576 665 2651 quant
720 2590 804 2634 au
860 2578 1032 2635 reste
1089 2591 1219 2635 nen
1285 2580 1446 2653 peut
1507 2568 1775 2635 recorde
1827 2590 2016 2654 apres
2075 2592 2164 2655 ny
2224 2571 2411 2635 avoir

459 2655 746 2719 entendu
789 2676 885 2740 ny
929 2675 1100 2739 ouyr
1140 2654 1362 2740 parler
1404 2675 1658 2722 comme
1701 2675 1741 2719 a
1784 2654 1953 2722 dictz
2012 2665 2081 2719 et
2137 2654 2412 2740 deposer

451 2740 518 2806 le
573 2740 926 2824 precedent
979 2743 1343 2825 tesmoings
1394 2763 1621 2826 ormys
1679 2741 1794 2807 des
1835 2762 2082 2808 messes
2124 2750 2187 2807 et
2233 2743 2411 2808 aussi

451 2847 581 2909 que
625 2828 686 2892 16
730 2828 1078 2912 magistrat
1120 2827 1346 2893 devoir
1401 2828 1587 2894 avoir
1629 2826 1847 2894 116616.
1933 2827 2169 2893 Aultre
2211 2828 2410 2896 chose

453 2933 538 2977 ne
581 2933 756 2998 scay,
815 2913 1038 2979 disant
1081 2934 1205 2995 que
1251 2913 1427 2978 avoit
1469 2914 1793 2995 plusieurs
1847 2933 2011 2997 gens
2064 2934 2233 2997 pour
2275 2915 2408 2981 lors

453 2997 679 3064 audiet
704 3016 1003 3078 sermon,
1040 3018 1292 3064 comme
1335 2999 1428 3064 M.
1477 2997 1557 3064 de
1595 2999 1958 3066 Senardens
1996 2998 2058 3063 le
2101 3000 2409 3085 seigneur

457 3084 539 3150 de
607 3083 831 3162 Gran-5,
899 3085 993 3150 les
1052 3083 1407 3151 Martium
1470 3093 1537 3149 et
1602 3084 1850 3151 aultres
1914 3106 2039 3168 que
2105 3108 2188 3153 ne
2252 3108 2407 3174 scay

457 3190 740 3236 nomme.
830 3170 1070 3235 Aultre
1114 3170 1310 3236 chose
1354 3191 1438 3236 ne
1481 3192 1655 3256 scay.
1735 3171 2048 3238 Rendant
2092 3192 2284 3239 cause
2328 3173 2409 3238 de

457 3277 574 3321 son
620 3255 761 3320 dire
805 3255 1033 3321 dessus
1076 3255 1212 3323 (1161
1253 3266 1320 3321 61
1363 3265 1614 3322 atteste.

631 3342 823 3407 Ainsi
869 3340 1037 3407 hont
1070 3339 1304 3407 dictet
1339 3342 1611 3425 deposer
1645 3343 1909 3410 lesdictz
1948 3346 2305 3430 tesmoings
2339 3367 2411 3412 66

457 3428 674 3494 mains
718 3448 844 3510 que
889 3425 1133 3495 dessus.

1960 3570 2239 3655 Beguin.

1337 4164 1538 4237 2159.

896 4318 1368 4389 GALVINUS
1411 4320 1975 4391 FRISOHERO.

634 4488 1035 4559 Commendat
1087 4493 1149 4558 ei
1201 4513 1460 4560 causam
1514 4515 1700 4560 auam
1755 4501 1971 4563 eoum
2031 4495 2413 4565 Zebdaeu'm

454 4576 1130 4660 docetquequomodo
1187 4585 1367 4647 testes
1419 4582 1851 4667 inter-royandi
1901 4582 2413 4652 amaverim)

453 4682 665 4728 rerum
699 4663 975 4746 patefiat.
1016 4669 1063 4736 ι)

455 4834 723 4895 (Exstant
764 4836 1101 4906 exempl-ri·
1142 4836 1423 4892 lenvillui
1468 4839 1527 4892 in
1571 4835 1706 4892 0011.
1744 4837 1879 4894 Gon.
1917 4837 2061 4905 10⁷⁸,
2107 4841 2199 4895 fol.
2234 4840 2304 4895 94
2339 4859 2414 4912 v.,

455 4902 732 4957 Tun-utini
777 4904 835 4957 16
875 4904 1006 4960 cod.
1044 4902 1163 4974 108,
1203 4906 1294 4961 sol.
1330 4904 1416 4974 48,
1464 4905 1738 4961 86166666
1789 4908 1927 4978 Epp.
1966 4907 2066 4963 vl.
2106 4926 2156 4979 p.
2193 4909 2312 4976 489,
2351 4921 2410 4967 ot

1163 4972 1377 5030 Simleri
1418 4975 1540 5031 Vol.
1576 4974 1692 5042 84.)

449 5191 633 5249 6166.
666 5193 724 5258 1)
766 5193 849 5262 ογ.
881 5195 1030 5266 mm.
1065 5195 1322 5252 1611166.
1359 5196 1494 5252 2151
1530 5175 1628 5256 aba
1657 5200 1928 5256 „mua
1959 5202 2140 5271 mu
2169 5201 2237 5258 aa
2264 5202 2408 5259 Νω-

450 5264 2410 5337 νοηιιωφόοὲοκῶκεοόνωωωαηήωσαρωῆοοϋοωὴω

443 5349 619 5403 aequ
644 5330 886 5398 fortem
917 5334 1353 5392 diiudicanda-⁸.

1957 398 2355 469 EPISTOL
2362 399 2484 467 AB
2529 400 2967 469 2158-2162.

4338 404 4466 468 520

2512 587 2957 657 ornatissimo
2995 590 3137 655 viro
3173 587 3426 654 etmihi
3458 588 3916 657 colendissimo
3941 589 4025 656 D.
4046 590 4464 679 Hieronymo

2883 675 3235 743 Frisehero
3279 673 3701 741 Neodunensi
3746 677 4088 761 praefecte.

2683 845 2754 914 8.
2823 847 3248 916 Incommode
3292 869 3504 932 nuper
3553 849 3809 928 accidit,
3864 851 4280 917 ornatissime
4333 852 4463 931 vir,

2553 932 2681 1000 uod
2719 933 2909 999 domo
2945 933 3172 1000 aberas
3252 956 3410 1000 uum
3455 936 3618 1001 istac
3661 938 4032 1003 transirem.
4103 937 4221 1003 Bis
4264 938 4464 1003 etiam

2557 1020 2691 1086 olui
2759 1019 2913 1086 dum
2976 1020 3138 1085 mihi
3185 1091 3189 1095 ,
3249 1021 3375 1086 ixit
3437 1019 3617 1089 Besa
3674 1031 3927 1105 noster,
3993 1022 4204 1106 pridie
4266 1045 4465 1108 quam

2513 1107 2737 1173 Berna
2801 1104 3201 1173 discederem
3268 1106 3403 1173 11116
3476 1109 3606 1173 iam
3673 1117 3737 1174 te
3803 1110 4019 1176 fuisse.
4131 1108 4245 1176 Sic
4310 1119 4467 1175 tuus

2514 1192 2862 1259 Genevam
2917 1192 3241 1259 adventus
3296 1193 3493 1278 paulo
3552 1202 3705 1259 ante
3748 1216 3856 1260 me
3897 1197 4196 1275 latuerat,
4256 1196 4467 1262 donec

2513 1277 2597 1343 ad
2659 1278 3131 1363 profectionem
3199 1280 3528 1346 1166166166
3592 1282 3817 1347 forem.
3920 1280 4056 1346 Sed
4122 1281 4323 1362 brevi,
4395 1294 4469 1346 ut

2512 1385 2721 1449 spem,
2766 1364 2933 1429 mihi
2976 1367 3043 1430 in
3096 1366 3380 1431 transitu
3425 1365 3687 1432 dabitur
3730 1367 4032 1451 colloquii
4077 1370 4466 1451 opportuni-

2511 1466 2632 1515 tas.
2722 1448 2917 1515 Nune
2972 1452 3279 1534 quoniam
3344 1451 3412 1516 16
3480 1472 3677 1518 66666
3739 1466 3964 1521 nostra
4029 1454 4279 1537 aliquas
4344 1454 4468 1519 tibi

2511 1543 2734 1620 partes
2779 1557 2819 1600 a
2861 1537 3223 1603 clarissimo
3280 1550 3511 1603 senatu
3554 1539 3884 1606 Bernensi
3934 1540 4262 1605 iniunctae
4319 1561 4469 1606 esse

2512 1621 2825 1697 arbitror,
2885 1623 3050 1688 mihi
3107 1624 3440 1709 rogandus
3484 1646 3554 1690 es
3601 1636 3676 1690 ut
3718 1647 3837 1711 pro
3895 1627 4025 1691 fide
4069 1638 4135 1690 et
4190 1628 4468 1712 integri-

2512 1717 2648 1775 tate
2706 1717 2822 1773 tua
2878 1710 3078 1793 probe
3134 1719 3203 1775 et
3262 1709 3510 1794 liquido
3574 1714 3971 1794 patefactum
4040 1733 4228 1777 cures
4293 1713 4469 1796 quod

2511 1816 2665 1879 pars
2711 1794 2988 1860 adversa
3030 1794 3479 1862 fraudulenter
3523 1808 3591 1863 et
3633 1799 3874 1864 iniuste
3918 1799 4215 1864 occultat.
4287 1800 4468 1865 Dum

2514 1881 2817 1946 obiicitur
2855 1880 3165 1947 Zebedaeo
3206 1904 3329 1948 sua
3372 1885 3616 1961 concie,
3663 1905 3794 1967 qua
3837 1886 3903 1949 in
3941 1906 4046 1949 me
4084 1886 4230 1968 plus
4266 1907 4467 1968 quam

2515 1967 2824 2031 atrociter
2866 1968 3169 2033 invectus
3214 1980 3332 2048 est,
3391 1969 3687 2034 obtendit
3743 1993 3811 2035 se
3868 1972 4116 2036 nomini
4163 1992 4307 2036 meo
4351 1994 4466 2056 pe-

2515 2056 2812 2135 percisse.
2904 2053 3248 2120 Frivolum
3296 2076 3451 2121 vero
3496 2065 3564 2120 et
3620 2057 3868 2139 puerile
3914 2058 4035 2122 hoc
4078 2078 4220 2122 esse
4264 2058 4467 2124 cavil-

2514 2139 2649 2204 lum
2707 2159 2824 2224 pro
2881 2149 2995 2204 tua
3047 2141 3399 2224 prudentia
3455 2146 3807 2225 6631166616.
3896 2145 4067 2208 Ν616
4115 2166 4313 2227 quum
4360 2166 4467 2208 me

2513 2225 2702 2290 velut
2737 2222 2940 2309 digito
2976 2223 3329 2294 ostendens
3360 2228 3577 2312 palam
3614 2231 4051 2311 infamaverit,
4089 2230 4244 2314 quid
4282 2234 4469 2295 iuvat

2514 2331 2751 2376 nomen
2820 2332 3039 2377 meum
3106 2313 3306 2378 fuisse
3370 2314 3842 2397 suppressum?
3931 2316 4122 2397 Quod
4183 2318 4241 2381 si
4298 2317 4469 2381 mihi

2514 2398 2751 2462 factam
2798 2419 2940 2463 esse
2998 2399 3307 2465 iniuriam
3363 2410 3636 2476 constat,
3694 2402 3966 2467 minime
4023 2423 4300 2485 aequum
4365 2414 4468 2469 est

2512 2482 2751 2567 frigido
2793 2492 3137 2566 praetextu
3179 2486 3382 2550 levari
3429 2487 3571 2552 eius
3615 2488 3897 2571 culpam,
3942 2492 4043 2553 cui
4081 2490 4235 2554 data
4270 2511 4471 2573 opera

2514 2590 2622 2633 me
2666 2570 3006 2636 traducere
3041 2575 3444 2655 propositum
3491 2575 3632 2638 fuit.
3699 2574 3879 2659 Ergo
3914 2595 4049 2639 non
4087 2577 4472 2659 simpliciter

2515 2655 2595 2719 de
2638 2655 2906 2721 nomine
2949 2657 3393 2740 quaerendum
3440 2674 3565 2733 est,
3624 2662 3737 2725 sed
3782 2661 3938 2744 quid
3995 2683 4113 2745 pro
4156 2665 4467 2728 concione

2514 2740 2776 2817 dixerit,
2835 2763 3034 2825 quam
3092 2742 3428 2809 doctrinae
3486 2750 3766 2828 speciem
3827 2748 4170 2826 damnarit,
4231 2749 4469 2831 quibus

2515 2828 2829 2894 conviciis
2892 2830 3331 2914 exagitaverit
3389 2832 3530 2896 eius
3588 2843 3875 2909 autores,
3946 2856 4168 2899 annon
4224 2834 4471 2901 directe

2513 2934 2620 2978 me
2665 2925 2730 2979 et
2783 2915 3068 2999 collegas
3124 2917 3545 2999 impetiverit,
3607 2940 3823 2984 annon
3869 2943 3909 2986 a
3955 2934 4088 2986 toto
4133 2934 4319 2987 coetu
4374 2922 4471 2985 ita

2515 3009 2828 3083 exceptus
2869 2999 3072 3067 fuerit
3131 3005 3273 3068 eius
3316 3024 3551 3083 sermo,
3612 3025 3833 3071 annon
3895 3007 4186 3072 volitarit
4240 3028 4470 3073 rumor

2514 3087 2700 3169 quasi
2737 3086 2818 3152 de
2861 3109 2933 3153 re
2974 3087 3249 3155 minime
3284 3091 3606 3175 ambigua,
3655 3115 3871 3158 annon
3917 3094 4057 3176 ipse
4090 3107 4318 3178 postea
4352 3093 4469 3159 ad-

2515 3173 2805 3238 monitus
2840 3177 3153 3240 annuerit
3193 3197 3263 3241 se
3299 3175 3380 3241 de
3415 3198 3523 3241 me
3565 3178 3628 3244 lo
3673 3181 3951 3244 nutum?
4020 3183 4246 3264 Neque
4291 3184 4471 3247 enim

2515 3271 2712 3323 antea
2752 3280 3043 3343 unquam
3085 3262 3407 3328 infitiatus
3453 3275 3569 3342 est,
3669 3286 3831 3331 onec
3872 3270 4076 3332 sensit
4118 3267 4467 3333 confessio-

2517 3365 2669 3410 nem
2736 3344 2856 3412 sibi
2925 3367 3067 3412 esse
3131 3348 3527 3416 damnosam.
3633 3351 3764 3416 Hic
3831 3373 3987 3419 vero
4058 3373 4471 3437 nequaquam

2517 3430 2680 3496 mihi
2725 3432 2793 3496 16
2835 3432 3054 3499 animo
3098 3442 3200 3499 est
3255 3434 3605 3518 quidquam
3654 3438 3773 3502 tibi
3817 3439 4288 3523 praescribere:
4352 3440 4472 3506 sed

2519 3517 2690 3582 116116
2756 3538 3078 3583 summam
3146 3522 3471 3607 attingere
3538 3523 3717 3589 volui
3781 3535 3858 3590 ut
3934 3527 4267 3612 intelligas
4334 3547 4471 3593 non

2516 3603 2807 3668 favorem
2864 3625 2970 3669 me
3015 3606 3356 3674 ambitiose
3410 3619 3698 3693 captare,
3758 3613 3871 3677 sed
3927 3620 4183 3678 tantum
4243 3622 4473 3695 petere

2515 3689 2690 3771 quod
2725 3690 2918 3756 officii
2956 3693 3051 3757 tui
3087 3694 3251 3760 fides
3288 3696 3530 3780 exiget.
3603 3696 3891 3762 Tantum
3927 3702 4117 3781 cupio
4155 3699 4236 3765 de
4270 3720 4471 3764 causa

2516 3774 2647 3840 rite
2702 3778 3023 3862 66366661,
3088 3779 3257 3862 quod
3313 3782 3485 3866 apud
3544 3803 3735 3848 veros
3799 3784 4048 3851 iudices
4110 3789 4470 3868 impetratu

2518 3861 2705 3927 facile
2748 3884 2891 3929 esse
2925 3863 3134 3932 debet.
3203 3867 3281 3934 81
3306 3867 3586 3955 Gingini
3612 3871 3671 3950 ²)
3709 3871 4086 3937 ministrum
4134 3890 4469 3937 accersere

2516 3946 2856 4031 placuerit,
2901 3952 3015 4033 qui
3051 3952 3169 4017 tibi
3206 3955 3460 4021 vicinus
3496 3963 3597 4022 est
3630 3957 3786 4038 ipse,
3832 3966 3906 4023 ut
3948 3978 4157 4041 spero,
4190 3957 4473 4025 idoneus

2517 4033 2648 4098 erit
2712 4034 2929 4112 testis,
3008 4046 3085 4102 ut
3150 4040 3325 4106 viam
3405 4040 3701 4126 integrae
3765 4041 4128 4126 probationi
4196 4044 4467 4128 aperiet.

2515 4117 2725 4186 Plura
2765 4142 2901 4186 non
2944 4122 3202 4204 addam,
3261 4148 3344 4192 66
3389 4126 3495 4193 vel
3549 4129 3929 4195 dexteritati
3984 4142 4135 4196 tuae
4190 4151 4265 4197 ac
4309 4151 4475 4215 pru-

2517 4202 2782 4274 dentiae
2835 4206 2941 4275 vel
3000 4210 3318 4295 aequitati
3374 4213 3670 4281 diffidere
3728 4214 3966 4282 videar.
4061 4216 4232 4281 Vale
4288 4235 4470 4299 6136,

2515 4291 2756 4358 eximie
2791 4295 2911 4374 vir,
2957 4297 3250 4382 mihique
3283 4297 3680 4384 honorande.
3748 4302 4076 4368 Dominus
4119 4314 4187 4368 16
4230 4301 4475 4386 spiritu

2515 4397 2634 4443 suo
2687 4389 2907 4464 regat,
2968 4383 3217 4451 virtute
3272 4385 3597 4451 sustineat
3648 4408 3898 4472 suaque
3952 4389 4168 4473 gratia
4208 4410 4477 4471 semper

2513 4474 2964 4547 prosequatur.
3035 4469 3353 4537 Geuevae
3401 4478 3496 4538 10.
3536 4472 3866 4541 Calendas
3901 4475 4150 4559 Aprilis
4195 4478 4374 4538 1555.

3420 4611 3705 4678 Ioannes
3748 4613 4069 4680 Calvinus
4117 4628 4288 4679 tuus.

2514 4763 2919 4774 ——-—-—-——-—-

2718 4863 2775 4930 2)
2817 4863 3073 4934 Gis-qim,
3107 4881 3218 4921 11611
3251 4871 3445 4935 promel
3477 4886 3513 4923 a
3552 4869 3825 4926 Neoduno
3860 4871 4052 4925 Iuram
4087 4887 4293 4927 verm.

3272 5144 3677 5158 ..ψ-
