4850 6200
369 428 479 489 661

365 612 739 679 concionem
782 611 1327 691 intermittebant,
1372 610 1485 677 sed
1538 618 1795 676 tautum
1839 611 2121 677 adversa
2157 632 2314 695 pars

364 697 745 783 ingreditur.
857 697 1224 764 Commune
1302 698 1718 781 proverbium
1800 697 1902 762 hic
1936 707 2061 763 est:
2142 696 2311 781 quod

364 785 581 850 hircus
596 787 656 859 ὅ)
723 784 1056 868 ingressus
1105 804 1224 867 per
1286 792 1529 848 tectum
1598 784 1853 867 fugavit
1906 804 2079 849 oves.
2166 785 2312 867 Ego

364 870 719 954 plurimum
763 869 948 935 doleo
981 869 1140 934 huic
1204 871 1480 934 miserae
1541 880 1609 934 et
1665 868 1947 935 afflictae
2003 869 2312 935 ecclesiae

362 976 555 1040 quam
578 955 730 1038 plus
772 976 971 1038 quam
1004 956 1269 1039 propria
1306 957 1552 1022 viscera
1592 955 1913 1020 adamavi.
1986 956 2312 1020 Dominus

364 1043 545 1108 Deus
588 1040 683 1105 illi
728 1044 1117 1106 misereatur
1159 1062 1431 1124 eamque
1466 1041 1860 1107 consoletur.

536 1129 669 1193 Nos
704 1126 1050 1192 habuimus
1084 1148 1358 1211 magnos
1393 1142 1459 1192 et
1481 1143 1779 1210 potentes
1803 1126 2232 1205 adversarios,
2256 1132 2311 1204 ⁸)

363 1216 478 1298 qui
521 1213 771 1298 lapides
814 1212 1241 1295 proiiciebant
1285 1224 1350 1277 et
1406 1235 1677 1278 manum
1739 1224 1844 1287 (nt
1888 1213 2099 1296 aiunt)
2143 1214 2311 1279 cela·

363 1301 540 1380 bant,
584 1320 858 1382 quorum
924 1304 1363 1364 instrumenta
1410 1300 1682 1363 fuerunt
1724 1299 1832 1363 isti
1879 1350 1892 1363 .
1936 1307 1971 1361 5
2019 1349 2033 1363 .
2082 1299 2314 1364 adver-

364 1387 535 1451 sarii.
566 1389 623 1464 ⁷)
732 1385 878 1451 Hoc
944 1399 1236 1468 tempore
1302 1406 1561 1468 semper
1626 1384 1935 1450 subolfeci
2021 1398 2084 1450 et
2141 1407 2315 1451 nunc

362 1472 679 1555 experior.
760 1471 938 1536 Hinc
982 1481 1301 1554 perpetuo
1346 1473 1575 1555 rogavi
1635 1484 1708 1535 ut
1766 1468 1847 1535 ad
1893 1493 2011 1536 nos
2055 1470 2315 1537 descen·

362 1558 550 1624 deres
585 1577 717 1622 una
751 1579 902 1622 eum
943 1558 1023 1621 D.
1066 1557 1269 1622 Vireto
1300 1567 1416 1621 aut
1443 1555 1709 1622 Farell0.
1781 1559 1876 1622 At
1910 1557 2035 1622 hoc
2070 1557 2314 1622 factum

360 1666 495 1709 non
559 1656 660 1709 est
705 1644 1011 1726 quoniam
1072 1643 1230 1708 hacc
1290 1664 1418 1707 non
1486 1641 1611 1707 fuit
1678 1643 1946 1707 Domini
1994 1642 2312 1708 voluntas.

361 1731 546 1796 Haec
601 1731 840 1806 omnia,
902 1730 1000 1793 uti
1061 1740 1333 1805 caetera,
1382 1729 1552 1793 facta
1596 1738 1750 1792 sunt
1794 1750 2053 1792 summa
2097 1729 2315 1811 provi-

361 1816 585 1882 dentia
652 1816 777 1880 Dei
836 1837 1028 1897 quam
1100 1835 1220 1898 ego
1266 1835 1540 1878 veneror
1583 1828 1650 1878 et
1685 1814 1898 1879 adoro.
1989 1815 2316 1879 Dominus

359 1904 545 1968 Deus
589 1900 743 1984 Opt.
791 1902 971 1966 Max.
1016 1902 1111 1965 ita
1159 1899 1371 1964 voluit
1412 1900 1709 1983 punitam
1756 1916 2049 1964 nostram
2095 1901 2163 1963 in
2287 1936 2316 1949 -

360 1989 713 2053 titudinem
736 2000 803 2051 et
826 2004 1114 2051 nostram
1138 1987 1519 2069 patientiam
1542 1986 1836 2069 probare.
1884 1987 2029 2070 Ego
2052 1922 2315 2068 quim

359 2093 479 2158 pro
533 2093 682 2138 mea
724 2094 1004 2157 persona
1046 2070 1324 2136 libenter
1359 2084 1473 2136 aut
1530 2073 1750 2155 potius
1795 2074 2118 2155 patienter
2160 2072 2314 2149 fere,

357 2159 477 2226 sed
519 2159 706 2224 valde
742 2180 936 2243 aegre
980 2159 1116 2223 fero
1174 2157 1635 2223 desolationem
1688 2158 2077 2241 ruinamque
2121 2158 2318 2223 eccle-

358 2249 496 2312 siae
541 2246 757 2311 huius.

535 2333 713 2396 Ante
758 2337 851 2395 15.
892 2329 1031 2395 dics
1067 2330 1473 2395 exauctorati
1497 2352 1724 2395 sumus
1761 2351 2004 2394 omnes.
2080 2328 2317 2394 Nullus

359 2428 584 2484 tamen
653 2419 905 2481 interea
970 2417 1155 2480 nobis
1213 2418 1544 2493 successit,
1603 2437 1815 2498 neque
1880 2414 2045 2480 mihi
2110 2430 2318 2498 neque

359 2502 750 2580 senioribus,
818 2502 931 2567 sed
998 2515 1221 2566 manet
1285 2503 1547 2566 interim
1611 2502 1806 2565 cahos
1851 2510 2168 2582 apertum.
2235 2501 2314 2565 In

358 2590 897 2656 exauctoratione
941 2600 1157 2652 autem
1208 2600 1425 2652 noster
1484 2587 1910 2671 magistratus
1956 2588 2082 2652 suit
2125 2587 2319 2669 paulo

359 2677 587 2741 mitior
655 2696 813 2758 erga
872 2696 979 2739 me
1045 2694 1241 2756 quam
1309 2695 1466 2757 erga
1532 2674 1819 2738 seniores
1879 2688 2164 2738 nostros:
2213 2695 2319 2738 me

359 2764 535 2827 enim
576 2761 921 2826 honoravit
963 2760 1352 2825 munusculo
1376 2760 1609 2842 alique,
1641 2781 1874 2841 nempe
1929 2764 2000 2822 12
2040 2759 2126 2836 fl„
2165 2779 2317 2823 0011-

357 2850 686 2930 cessitque
708 2847 873 2911 mihi
912 2843 1103 2910 aedes
1128 2868 1306 2909 meas
1330 2868 1535 2928 usque
1572 2845 1654 2910 ad
1690 2846 1925 2910 festum
1953 2844 2316 2911 Michaelis.

359 2934 557 3016 Quod
607 2933 1049 2998 testimonium
1095 2953 1279 2995 meae
1316 2932 1762 2996 innoscentiae
1786 2936 1822 2972 ‘¹‘
1859 2952 2001 2995 esse
2041 2930 2316 2995 videtur.

357 3021 535 3086 Nam
581 3020 635 3083 si
703 3020 851 3083 talis
910 3039 1118 3083 essem
1187 3018 1445 3101 qualem
1511 3018 1707 3100 impii
1765 3017 2126 3082 adversarii
2214 3038 2319 3082 me

358 3106 827 3192 praedicarunt
870 3104 1043 3188 apud
1086 3104 1274 3169 illum
1314 3117 1379 3168 et
1423 3123 1713 3169 caeteros
1758 3126 2000 3181 omues,
2046 3104 2142 3168 illi
2187 3126 2315 3169 non

356 3195 641 3260 fuissent
701 3192 955 3276 dignati
1015 3212 1120 3254 me
1189 3190 1508 3255 honorare
1575 3190 1689 3255 tali
1730 3191 2139 3268 munusculo,
2197 3211 2319 3256 nec

358 3282 656 3347 sinerent
692 3299 797 3342 me
832 3276 941 3342 hic
976 3287 1295 3359 tanquam
1339 3278 1554 3341 civis*
1593 3276 1905 3342 habitare.
1972 3277 2029 3340 E
2080 3297 2118 3340 o
2165 3298 2319 3341 vero

358 3377 571 3431 totam
617 3386 757 3429 rem
795 3362 1084 3428 Domino
1130 3361 1274 3426 Deo
1330 3375 1396 3426 et
1460 3364 1778 3428 servatori
1821 3383 1966 3427 mco
2092 3361 2319 3441 hrist0,

358 3454 550 3517 cuius
594 3472 700 3516 res
721 3452 952 3534 agitur,
997 3447 1350 3513 committo.
1440 3449 1570 3515 Hic
1613 3470 1732 3514 8110
1771 3460 2060 3530 tempore
2102 3450 2322 3513 omnia

361 3538 635 3622 aperiet.
727 3534 1067 3616 Quomodo
1135 3545 1353 3597 autem
1421 3535 1631 3600 nostri
1698 3536 2185 3600 concionatores
2251 3556 2321 3599 se

358 3625 687 3709 gesserint
730 3624 799 3685 in
847 3621 968 3686 hoc
1011 3633 1237 3684 nostro
1283 3622 1559 3705 negotio,
1605 3629 1672 3685 et
1716 3619 2034 3703 quomodo
2093 3642 2163 3685 se
2208 3641 2319 3704 ge-

358 3721 517 3775 rant
559 3708 754 3774 hodie
798 3727 943 3772 cum
971 3718 1193 3770 nostro
1218 3704 1533 3787 Boquino:
1566 3705 1722 3789 quid
1767 3707 1889 3770 iste
1917 3705 2320 3789 Boquinusss)

360 3818 513 3863 cum
568 3797 705 3860 suis
766 3793 1070 3876 boquinis
1116 3793 1545 3866 (conveniunt
1596 3793 1766 3856 enim
1816 3792 2007 3856 rebus
2053 3793 2322 3856 nomina

358 3903 558 3967 saepe
595 3881 760 3958 suis)
817 3879 1189 3955 tentaverit,
1251 3877 1568 3959 quomodo
1634 3879 1969 3961 ingressus
2007 3879 2112 3956 sit,
2160 3898 2318 3960 quo-

358 3968 557 4033 modo
603 3975 850 4051 pergat,
891 3964 972 4030 ab
1009 3963 1154 4028 aliis
1200 3963 1349 4028 volo
1392 3977 1468 4028 ut
1503 3964 1832 4047 intelligas
1868 3964 2084 4046 potius
2122 3983 2318 4045 quam

359 4077 399 4119 a
446 4076 572 4120 me.

534 4139 750 4206 Multa
790 4145 1128 4221 praeterea
1170 4135 1380 4200 habeo
1424 4156 1586 4217 quae
1623 4135 1866 4200 chartis
1912 4135 2319 4200 committere

358 4247 496 4291 non
522 4224 745 4291 audeo,
815 4222 1071 4287 Licebit
1096 4221 1442 4304 aliquando
1481 4221 1640 4286 haec
1677 4222 1899 4286 omnia
1935 4241 2147 4285 coram
2187 4219 2316 4285 elo·

364 4417 757 4430 —·————---

570 4533 632 4597 5)
669 4532 883 4586 Altada
918 4531 992 4584 ad
1030 4531 1251 4587 Petrum
1290 4532 1376 4585 Bo
1454 4533 1550 4585 ain
1596 4533 1697 4600 qui
1736 4531 1861 4585 olim
1904 4530 2318 4583 Carmelitarum

358 4602 802 4671 Biturioensium
845 4604 1005 4670 prior
1056 4603 1275 4656 Caluini
1318 4608 1406 4656 cat
1472 4601 1631 4654 aram
1682 4601 2038 4668 Arqentorati
2090 4614 2316 4667 occupa·

358 4680 515 4727 verat
553 4688 590 4724 a
630 4669 1045 4724 Melanchlaenae
1079 4671 1507 4738 commendatus,
1565 4669 1661 4722 sed
1707 4686 1815 4723 non
1868 4669 1967 4721 diu
2003 4684 2062 4721 eo
2100 4684 2319 4722 munere

354 4743 591 4809 functus
637 4745 731 4794 est.
803 4739 1083 4805 (Raurica
1125 4740 1194 4794 11.
1231 4738 1345 4806 69.)
1416 4738 1587 4793 Nunc
1631 4754 1747 4792 cum
1788 4737 2070 4791 Baldaino
2109 4738 2315 4804 Argen·

359 4819 605 4867 torcium
649 4823 901 4862 reversus
946 4809 1154 4862 invitus
1200 4811 1561 4862 ministerium
1612 4824 1647 4860 a
1695 4815 1885 4860 senatu
1932 4807 2038 4859 eibi
2081 4807 2317 4860 oblatum

358 4879 669 4949 capessivit,
717 4879 1046 4932 reclamante
1091 4894 1293 4945 maana
1327 4879 1577 4932 ecclesiae
1606 4885 1784 4944 parte,
1831 4882 2065 4928 maxime
2094 4876 2314 4944 presby-

359 4951 498 5004 teris
556 4954 607 5001 et
664 4946 915 5001 diaconis
1020 4946 1080 4997 ui
1131 4964 1247 4999 cum
1311 4962 1372 4999 eo
1423 4961 1643 4999 coenam
1714 4959 1924 4997 sumere
1990 4952 2316 4998 recusarunt

361 5019 475 5140 (ἓξ.
511 5018 675 5139 {1153
702 4964 1022 5070 Memoriali
1068 5015 1211 5082 xxj.)
1266 5015 1491 5084 ideoque
1541 5021 1591 5068 et
1638 5015 1750 5082 ipsi
1797 5014 2141 5067 exauctorati
2186 5019 2316 5067 sunt

468 5128 477 5137 .
588 5095 716 5144 aa).

362 5094 385 5154 ί
570 5151 632 5218 6)
667 5155 730 5206 in
761 5153 884 5221 ipro
919 5152 1264 5221 mayiaetratu.

574 5221 634 5288 7)
673 5222 941 5276 Garnerii
970 5223 1033 5275 in
1066 5228 1220 5276 coetu
1250 5220 1464 5289 qallico.

571 5291 635 5358 8)
666 5284 1011 5348 Ἀκοπσσίας
1056 5297 1349 5345 accusatur
1392 5290 1580 5356 suerat
1633 5287 1686 5343 d.
1745 5286 1828 5343 18.
1881 5288 2042 5341 Maii.
2133 5288 2315 5344 Paulo

355 5368 487 5431 poet
521 5361 590 5415 de
630 5360 791 5415 Petro
826 5360 1147 5414 Alexandro
1179 5358 1426 5415 vocando
1459 5364 1639 5414 cmm
1674 5364 1770 5411 ert.
1822 5357 2077 5422 (Memor.
2110 5358 2144 5411 1.
2180 5358 2243 5422 Ζ.)

2176 427 2335 489 1555
2376 423 2561 493 IUN.

4241 433 4372 496 662

2414 615 2547 698 qui.
2635 616 2718 680 D.
2766 616 3010 681 Petrus
3055 615 3311 700 Marbyr
3343 616 3507 682 bene
3535 617 3734 683 habet
3767 622 3965 700 teque
4007 617 4370 701 plurimum

2413 701 2676 766 salutat.
2765 701 2936 766 Item
2982 702 3066 766 D.
3105 701 3443 779 Ζαποήίαε,
3500 704 3584 768 D.
3632 703 3972 782 &amima
4021 704 4092 769 D.
4143 703 4369 771 800101·-

2412 788 2639 864 danus,
2685 788 2770 852 D.
2816 787 2904 852 Io.
2954 788 3278 868 loquetae.
3349 788 3684 854 Salutatos
3720 790 3910 872 cupio
3932 810 4163 856 omnes
4251 792 4369 870 108,

2412 873 2802 957 praesertim
2847 874 3031 939 verbi
3078 874 3210 938 Dei
3251 876 3607 940 ministros.
3671 875 3896 940 Indica
3929 897 4169 958 quaeso
4205 813 4370 944 haec

2414 959 2639 1023 omnia
2682 959 2765 1023 D.
2814 960 3002 1024 fratri
3045 981 3190 1024 meo
3256 961 3457 1026 Petro
3543 961 3761 1035 Vireto,
3827 959 3910 1024 ad
3974 982 4164 1044 quem
4231 983 4368 1028 non

2414 1043 2628 1109 scribo
2673 1045 2753 1109 ob
2791 1045 3016 1111 nuncii
3050 1045 3470 1123 celeritatem,
3510 1047 3691 1112 brevi
3737 1060 3961 1111 tamen
4003 1049 4370 1131 scripturus

2414 1131 2676 1195 favente
2720 1131 2878 1196 Deo.
2969 1132 3292 1197 Dominus
3350 1133 3529 1198 Deus
3590 1143 3655 1197 te
3699 1154 3856 1198 suae
3901 1133 4213 1199 ecclesiae
4257 1134 4372 1200 din

2415 1216 2809 1282 incolumem
2854 1226 3075 1281 servet
3121 1216 3199 1281 ad
3248 1219 3352 1283 sui
3398 1219 3683 1283 nominis
3728 1218 4001 1303 gloriam
4049 1230 4115 1285 et
4159 1221 4370 1285 nostri

2414 1304 2711 1368 omnium
2749 1301 3281 1369 aedificationem.
3329 1305 3561 1369 Amen.
3612 1306 4012 1388 Argentinae
4067 1311 4156 1370 18.
4197 1305 4373 1371 Iunii

3186 1526 3365 1591 Tuus
3410 1548 3528 1609 per
3570 1528 3889 1603 flammas,
3934 1548 4056 1610 per
4098 1529 4284 1613 ignes

3398 1611 3681 1678 Ioannes
3728 1612 4111 1679 Garnerius.

3299 2175 3495 2245 2233.

2814 2328 3339 2396 VERMILIUS
3385 2329 3991 2397 ALEXANDRO.

2594 2504 2902 2585 Affirmat
2956 2523 3021 2566 se
3079 2503 3290 2567 omnia
3347 2507 3493 2567 rata
3534 2507 3590 2566 et
3632 2522 3780 2566 vera
3814 2501 4033 2567 habere
4073 2524 4234 2584 quae
4271 2505 4380 2571 iae

2421 2593 2508 2657 ad
2563 2611 2630 2655 se
2676 2590 3080 2673 paryandam
3138 2588 3212 2652 de
3260 2586 3932 2671 Mombelyardensium
3996 2590 4380 2657 criminatio-

2423 2677 2610 2741 nibus
2649 2676 2937 2756 scripsit,-
2980 2675 3186 2738 ivmait
3251 2678 3458 2737 tamen
3517 2694 3584 2739 se
3650 2694 3758 2738 eas
3821 2694 3944 2738 non
4001 2695 4121 2755 pro
4182 2679 4380 2743 merie

2422 2763 2765 2828 calumniis
2821 2760 3131 2840 habuisse,
3194 2761 3425 2841 quippe
3482 2779 3646 2839 quas
3701 2780 3744 2823 a
3776 2760 3999 2839 probis
4039 2762 4203 2826 viris
4224 2783 4378 2844 pro·

2424 2848 2589 2914 latas
2631 2848 3095 2912 existimaverit.
3184 2844 3365 2910 Bono
3409 2847 3620 2910 animo
3664 2866 3801 2910 eum
3836 2866 3965 2911 esse
4007 2846 4187 2927 iubet,
4231 2868 4382 2929 apo-

2421 2935 2652 3018 loyiam
2686 2934 2976 3015 principi
3019 2933 3282 2997 missam
3347 2932 3667 3013 approbat,
3710 2933 4091 2997 vocationem
4134 2934 4380 3016 Aryca-

2421 3025 2792 3086 taratensem
2851 3018 3228 3103 pratulatur.
3340 3016 3628 3100 Denique
3709 3037 3869 3083 nova
3931 3018 4237 3098 quaedam
4301 3040 4380 3086 ex

2423 3108 2667 3192 Anyzia
2709 3112 2764 3172 et
2811 3105 3158 3171 Germania
3201 3104 3401 3170 allata
3444 3105 3653 3169 tradit.

2424 3281 2534 3347 (Ex
2579 3280 2825 3348 epistolis
2861 3278 2923 3333 P.
2958 3278 3217 3346 Martyris
3263 3276 3540 3345 impressis
3584 3276 3654 3328 ad
3704 3276 3906 3330 calcem
3950 3277 4213 3331 Locorum
4263 3279 4382 3331 eins

2562 3348 2922 3404 communium
2959 3347 3076 3416 Tig.
3119 3344 3267 3407 1580,
3303 3346 3394 3399 sol.
3431 3343 3550 3400 578.
3602 3346 3702 3398 Ed.
3748 3344 3895 3411 1587,
3932 3363 4018 3415 pg.
4057 3344 4237 3413 1096.)

2599 3520 2862 3585 Literas
2906 3537 3067 3600 quas
3103 3515 3186 3580 ad
3230 3537 3356 3593 me,
3393 3516 3728 3582 carissime
3782 3527 3976 3599 atque
4020 3518 4380 3584 observan-

2428 3606 2692 3672 dissime
2741 3604 2941 3681 Petre,
2990 3607 3027 3666 3
3073 3602 3251 3667 Iunii
3287 3600 3519 3667 dedisti
3558 3610 3795 3683 quarta
3828 3601 4079 3668 decima
4113 3625 4233 3688 ego
4269 3626 4380 3674 ac·

2425 3697 2588 3775 cepi,
2656 3710 2867 3772 neque
2916 3687 3141 3753 dubito
3197 3688 3460 3771 integra
3516 3697 3584 3753 et
3639 3688 3890 3771 optima
3931 3687 4058 3753 fide
4101 3700 4166 3754 te
4209 3690 4377 3755 mihi

2424 3799 2502 3843 ea
2544 3777 2945 3860 significasse
2989 3795 3152 3858 quae
3186 3772 3462 3857 indigna
3497 3795 3655 3839 sane
3707 3775 3837 3839 tuis
3878 3775 4130 3839 meritis
4166 3786 4232 3841 et
4272 3776 4378 3840 in·

2424 3864 2730 3930 nocentia
2757 3862 3184 3945 contigerant.
3275 3859 3414 3924 Cur
3452 3861 3629 3924 enim
3669 3859 3784 3924 tibi
3820 3881 3952 3925 non
3998 3860 4375 3928 crederem?

2425 3959 2541 4015 aut
2583 3969 2782 4033 quare
2836 3945 3158 4012 mendacii
3203 3957 3581 4027 suspectum
3630 3946 3936 4011 haberem
3960 3946 3992 4009 ⁴?
4038 3947 4131 4013 Ut
4190 3969 4378 4013 men·

2422 4036 2642 4101 tireris
2686 4054 2948 4100 causam
2994 4054 3126 4097 non
3174 4031 3378 4107 viden,
3425 4053 3633 4113 neque
3657 4033 3819 4097 ratio
3858 4032 3995 4096 ulla
4036 4042 4140 4098 est
4180 4055 4376 4119 prop-

2422 4132 2526 4187 ter
2580 4141 2774 4204 quam
2835 4128 2948 4183 tua
2995 4118 3158 4184 fides
3201 4116 3366 4181 mihi
3412 4139 3545 4182 non
3583 4118 3817 4182 debeat
3850 4139 3991 4183 esse
4033 4121 4371 4202 spectatis-

2421 4209 2607 4275 sima.
2697 4203 2984 4271 Proinde
3041 4224 3172 4268 uon
3230 4204 3438 4268 solum
3483 4204 3565 4267 iis
3609 4226 3772 4286 quac
3815 4206 4130 4287 scripsisti
4175 4205 4373 4270 fidem

2424 4294 2711 4369 adhibui,
2773 4290 2886 4355 sed
2944 4290 3140 4356 etiam
3197 4288 3371 4367 inde,
3461 4301 3533 4354 ut
3589 4310 3706 4372 par
3742 4299 3901 4368 erat,
3948 4290 4370 4357 vehementer

2422 4380 2617 4445 dolui.
2701 4375 2892 4459 Quod
2958 4397 3113 4441 vero
3177 4376 3295 4440 tibi
3350 4376 3472 4440 sim
3541 4376 3726 4441 visus
3789 4375 4292 4442 calumniatores
4319 4382 4371 4456 ¹)

2420 4486 2753 4540 excusare,
2790 4463 2858 4528 id
2893 4461 3168 4526 fortasse
3201 4461 3325 4525 fuit
3359 4460 3550 4544 quod,
3587 4482 3788 4543 quum
3826 4460 4050 4526 literas
4087 4483 4161 4528 ac
4198 4464 4378 4527 testi-

2420 4552 2643 4617 monia
2687 4571 2913 4615 eorum
2961 4569 3092 4613 non
3141 4544 3436 4624 viderim,
3494 4547 3659 4611 nihil
3707 4569 3975 4613 saevum
4022 4556 4139 4611 aut
4183 4558 4372 4614 atrox

2423 4638 2503 4703 de
2548 4637 2786 4701 talibus
2830 4633 3207 4700 hominibus
3251 4635 3438 4698 facile
3475 4633 3655 4716 potui
3701 4635 4007 4718 cogitare,
4054 4634 4164 4716 qui
4207 4634 4372 4698 mihi

2420 4724 2542 4789 hac
2589 4722 2669 4788 de
2715 4745 2802 4798 re,
2849 4721 3108 4804 quando
3151 4741 3298 4785 cum
3344 4720 3502 4802 ipsis
3536 4719 3969 4801 expostulavi,
4015 4719 4368 4802 responde·

2420 4818 2578 4875 runt
2615 4830 2684 4875 se
2728 4807 2890 4873 nihil
2938 4816 3163 4872 contra
3204 4817 3268 4869 te
3327 4805 3678 4888 scripsisse,
3743 4804 3909 4887 quod
3971 4814 4087 4869 aut
4133 4826 4366 4870 verum

2420 4917 2550 4961 uon
2597 4895 2909 4979 putarint,
2957 4901 3069 4957 aut
3114 4893 3505 4956 christianae
3549 4890 3934 4956 modestiae·
3963 4891 4206 4957 limites
4252 4912 4366 4956 ex-

2417 4984 2718 5048 cesserit:
2789 5000 3003 5063 neque
3068 4976 3147 5041 de
3208 4985 3273 5040 te
3338 4974 3686 5059 quidquam
3732 4997 3851 5061 per
3893 4998 3962 5041 se
4020 4978 4195 5060 ipsos
4262 4978 4368 5043 vel

2418 5066 2631 5133 dicere
2669 5065 2772 5133 vel
2811 5065 3092 5131 scribere
3114 5062 3419 5140 voluisse,
3443 5062 3571 5127 nisi
3593 5063 3674 5127 ab
3712 5062 3981 5128 ecclesia
4013 5062 4129 5127 illa
4148 5064 4367 5129 Mom-

2416 5287 2603 5341 ama.
2625 5287 2683 5351 1)
2721 5286 2814 5341 Aa
2847 5288 2981 5341 haec
3019 5285 3356 5340 manda
3390 5288 3622 5340 maxime
3666 5285 3804 5349 facit
3849 5285 4026 5351 ipsias
4059 5284 4375 5340 Ale-candro·

2415 5357 2669 5427 apoloqia
2707 5355 2785 5411 N.
2823 5353 2973 5409 2128.
3850 5437 3949 5491 42·
