4850 6200
359 458 474 520 309

358 643 472 709 sim
525 644 713 711 bonis
763 643 1068 711 omnibus
1116 645 1268 726 fuit,
1345 645 1492 730 plus
1548 667 1746 730 quam
1814 647 2122 715 acerbum
2179 644 2300 713 tibi

355 729 665 797 inflixerit
706 728 949 797 doloris
991 730 1251 810 vulnus,
1296 741 1366 799 et
1405 731 1605 798 hodie
1647 730 1865 800 adhuc
1907 733 2300 819 gravissimo

355 829 417 882 te
465 835 763 882 moerore
803 817 1156 884 excruciet:
1218 827 1439 884 tanen
1492 829 1569 884 ut
1619 818 1979 886 christiano
2034 817 2302 888 homine

353 902 622 1054 m
679 910 780 969 est
796 953 812 980 ,
867 902 990 969 sub
1043 902 1169 971 hac
1225 904 1478 988 ingenti
1538 905 1977 971 tentationum
2019 903 2193 971 mole
2237 915 2303 971 te

359 990 371 1001 '
589 1008 702 1054 um
745 988 1142 1072 firmumque
1181 1010 1442 1073 semper
1476 991 1738 1057 stetisse
1772 1004 1839 1056 et
1872 988 2091 1056 adhuc
2125 1000 2303 1057 stare

351 1073 619 1141 confido.
706 1073 880 1140 Nam
933 1076 1060 1140 etsi
1118 1077 1260 1159 pias
1303 1086 1556 1143 mentes
1600 1098 1719 1161 pro
1761 1076 1980 1142 carnis
2021 1076 2303 1142 infirmi-

288 1174 296 1180 ’
353 1170 481 1226 tate
537 1159 832 1244 graviter
891 1160 1242 1227 levioribus
1296 1184 1549 1247 quoque
1606 1161 1930 1228 machinis
1967 1161 2303 1228 interdum

350 1246 606 1313 concuti
651 1244 951 1312 videmus
965 1297 981 1322 ,
1042 1269 1379 1332 nunquam
1439 1262 1660 1314 tamen
1705 1268 1976 1331 prorsus
2021 1247 2304 1314 labefac—

350 1342 524 1397 tamr
567 1353 735 1416 quae
783 1333 854 1397 in
898 1331 1242 1399 Christum
1283 1334 1608 1401 recumbit
1668 1332 1852 1399 fides.
1942 1336 2164 1417 Atque
2207 1334 2303 1400 ita

351 1438 477 1483 non
543 1416 771 1484 dubito
838 1419 998 1501 quin
1043 1417 1329 1486 violenta
1370 1421 1501 1486 ista
1543 1427 1931 1504 tempestate
1974 1417 2300 1503 abreptus,

351 1503 564 1569 defixa
643 1505 714 1569 in
785 1504 962 1570 coelo
1036 1504 1323 1572 anchora
1337 1557 1352 1581 ,
1428 1504 1687 1571 fortiter
1763 1504 1911 1571 illos
1976 1504 2304 1571 undarum

351 1591 634 1673 impetus
676 1589 1013 1674 exceperis
1055 1600 1124 1656 et
1164 1600 1543 1657 constanter
1594 1590 2018 1670 sustinueris,
2080 1592 2194 1676 qui
2233 1600 2303 1657 te

349 1676 594 1742 centies
640 1675 880 1761 alioqui
924 1676 1198 1743 obruere
1239 1687 1562 1761 poterant.
1648 1677 1886 1743 Restat
1938 1678 2138 1743 etiam
2181 1677 2301 1743 ali-

349 1761 504 1846 quid
547 1761 783 1840 maius,
831 1776 905 1828 ut
945 1762 1158 1829 crucis
1199 1762 1504 1829 militiam
1548 1763 1632 1829 ad
1675 1770 2048 1829 extremm
2095 1783 2301 1846 usque

347 1848 778 1931 persequaris.
864 1847 1096 1932 Neque
1152 1849 1331 1914 enim
1376 1849 1703 1916 Dominus
1762 1859 1895 1914 tam
1952 1847 2116 1915 duro
2160 1870 2299 1915 cer-

346 1937 672 2000 taminum
715 1955 956 2019 genere
999 1944 1067 2000 te
1108 1934 1189 2000 ad
1226 1936 1428 2001 breve
1463 1934 1652 2000 modo
1686 1944 1946 2019 tempus
1985 1935 2300 2015 exercuit,

347 2034 420 2086 ut
459 2020 794 2105 specimen
829 2021 1074 2087 excelsi
1107 2021 1316 2086 animi
1350 2021 1595 2101 ederes,
1641 2020 1756 2087 sed
1799 2021 1998 2086 etiam
2044 2032 2118 2086 ut
2150 2032 2303 2105 post

347 2106 537 2185 hanc,
584 2128 716 2189 qua
756 2107 1054 2173 fortunae
1096 2116 1248 2173 tuae
1283 2106 1648 2191 amplitudo
1682 2116 1754 2172 et
1792 2105 2102 2191 splendor
2144 2128 2301 2174 con-

343 2191 524 2271 cidit,
572 2193 999 2259 deiectionem
1040 2191 1299 2276 placida
1344 2210 1410 2258 et
1452 2193 1776 2276 aequabili
1819 2192 2025 2259 animi
2079 2190 2298 2259 mode-

345 2280 600 2344 ratione
655 2277 992 2344 residuum
1047 2278 1403 2345 vocationis
1461 2289 1613 2345 tuae
1676 2301 1938 2346 cursum
1999 2297 2297 2363 peragas.

341 2365 449 2431 Ad
496 2365 661 2432 haec
704 2372 770 2430 te
811 2386 1064 2449 quoque
1107 2364 1191 2431 ad
1234 2386 1380 2431 eam
1433 2365 1753 2450 regulam,
1809 2386 2006 2448 quam
2050 2363 2299 2430 Paulus

341 2450 531 2517 nobis
576 2470 695 2517 suo
729 2451 1030 2534 exemplo
1063 2450 1466 2534 praescribit,
1511 2452 1914 2517 assuefacere
1951 2449 2177 2527 voluit,
2225 2459 2299 2515 ut

342 2559 480 2603 non
522 2537 742 2603 minus
785 2535 1222 2602 humilitatem
1262 2537 1434 2604 ferre
1475 2536 1688 2604 discas
1731 2557 1929 2620 quam
1972 2535 2296 2602 excellen-

344 2622 525 2689 tiam.
596 2622 745 2704 Quo
784 2636 1008 2688 autem
1049 2623 1264 2687 rarior
1297 2632 1366 2687 et
1407 2623 1620 2707 magis
1663 2622 1948 2688 difficilis
1990 2632 2092 2688 est
2132 2621 2296 2688 haec

343 2710 586 2786 virtus,
643 2708 701 2772 si
758 2708 830 2773 in
885 2729 965 2774 ea
1019 2709 1400 2792 profeceris,
1455 2730 1590 2773 non
1643 2708 1818 2774 male
1875 2718 2298 2791 compensata

338 2795 466 2861 erit
511 2794 844 2878 naufragii
897 2794 1096 2860 huius
1150 2795 1422 2861 iactura.
1509 2794 1658 2860 Etsi
1713 2804 1934 2860 autem
1989 2792 2296 2860 illustris-

335 2881 508 2946 simo
551 2879 728 2945 Duci
771 2880 960 2945 fratri
1004 2888 1138 2957 tuo,
1183 2881 1496 2965 neptique
1550 2879 1868 2963 singulari
1916 2891 1984 2945 et
2026 2890 2295 2945 aeterna

338 2966 661 3034 memoria
716 2965 900 3050 digni
962 2966 1250 3050 exempli
1314 2966 1596 3032 feminae
1660 2966 1960 3050 gratulor
1975 3016 1991 3041 ,
2058 2965 2294 3048 quibus

335 3052 572 3120 datum
632 3062 735 3119 est
784 3052 856 3117 in
910 3062 1122 3119 morte
1179 3053 1327 3137 ipsa
1384 3052 1687 3120 victrices
1743 3053 1998 3118 animas
2054 3052 2123 3116 in
2167 3051 2293 3118 Dei

336 3160 611 3205 manum
655 3137 1044 3221 fidelemque
1086 3139 1450 3205 custodiam
1486 3159 1822 3223 reponere,
1866 3138 2029 3203 mihi
2074 3149 2291 3204 tamen

337 3226 460 3293 hoc
505 3226 580 3290 in
635 3225 1028 3291 tristissimis
1085 3235 1185 3289 tot
1238 3227 1495 3292 nunciis
1548 3247 1681 3290 non
1725 3226 2019 3308 vulgaris
2076 3224 2294 3290 solatii

335 3311 478 3378 loeo
521 3311 667 3388 fuit,
710 3309 882 3393 quod
925 3321 992 3375 te
1035 3310 1356 3377 audierim
1391 3334 1428 3378 e
1462 3311 1694 3377 mediis
1728 3312 1958 3376 mortis
2000 3308 2293 3376 faucibus

333 3411 639 3482 ereptum
685 3395 870 3462 nobis
913 3396 1334 3479 superstitem
1390 3396 1604 3463 adhuc
1662 3417 1947 3463 manere.
2036 3397 2136 3462 Ac
2180 3394 2293 3461 do-

333 3482 546 3550 lorem
583 3504 666 3549 ex
703 3481 868 3548 falso
900 3483 1208 3549 interitus
1244 3484 1346 3549 tui
1380 3504 1639 3549 rumore
1682 3493 2066 3566 conceptum
2103 3482 2297 3565 primi

336 3569 501 3635 mihi
545 3589 762 3653 nuper
806 3570 1197 3653 mitigarunt
1237 3568 1611 3635 Immanuel
1645 3568 2014 3635 Tremellius
2055 3583 2122 3633 et
2154 3568 2295 3633 An·

335 3657 550 3721 zosim
569 3659 628 3738 ²)
672 3655 812 3720 eius
902 3677 1088 3732 ener,
1154 3656 1264 3737 qui
1306 3676 1510 3738 quum
1552 3661 1738 3720 tuam
1778 3656 1850 3719 in
1896 3675 1968 3719 se
2010 3653 2296 3720 liberali-

330 3752 540 3808 tatem
607 3749 677 3806 et
735 3677 945 3806 mulgta
1011 3739 1440 3807 humanitatis
1503 3741 1719 3807 officia
1779 3739 2161 3818 laudarent,
2226 3739 2298 3805 in

331 3825 522 3895 clade
588 3826 1035 3892 nobilissimae
1113 3827 1401 3891 familiae
1465 3847 1772 3911 magnam
1844 3826 1971 3891 sibi
2033 3846 2295 3892 causam

331 3934 480 3980 mse
522 3913 844 3979 dixerunt
884 3913 1125 3996 privati
1168 3913 1270 3979 sui
1314 3911 1704 3978 incommodi
1750 3910 2047 3978 deflendi.
2104 3911 2298 3977 Inter

334 4000 467 4065 alia
511 4000 715 4065 etiam
749 3997 963 4082 questi
1006 4006 1179 4076 sunt,
1224 4000 1436 4082 primo
1472 3998 1652 4063 illius
1687 3996 2011 4083 procellae
2045 3995 2136 4062 im
2185 4007 2296 4062 etu

331 4086 456 4152 sibi
501 4093 798 4167 ereptam
853 4084 1057 4150 fuisse
1109 4084 1655 4169 suppellectilem,
1713 4082 1892 4149 unde
1948 4105 2140 4168 spera
2184 4090 2299 4148 ant

331 4170 604 4255 aliquod
647 4171 715 4236 in
753 4192 870 4236 suo
905 4169 1137 4235 exsilio
1173 4172 1426 4254 inopiae
1461 4170 1793 4236 levamen:
1841 4169 1901 4235 Ν
1905 4191 2051 4249 unc,
2096 4185 2296 4251 quum

331 4259 424 4324 sis
469 4256 851 4334 restitutus,
909 4264 1093 4321 tuam
1145 4256 1325 4322 illam
1386 4277 1582 4339 quam
1637 4265 1734 4322 tot
1789 4255 2000 4321 modis
2044 4255 2297 4337 experti

331 4355 492 4410 sunt
534 4342 1016 4409 humanitatem
1061 4341 1446 4425 implorant,
1499 4342 1556 4407 si
1615 4363 1745 4425 qua
1784 4342 1955 4407 forte
1998 4339 2294 4419 subsidii,

331 4450 462 4513 quo
506 4428 866 4513 plurimum
923 4439 1150 4512 egent,
1207 4426 1636 4512 recuperandi
1695 4448 1846 4511 spes
1897 4428 1987 4494 sit
2029 4449 2105 4494 ac
2148 4448 2296 4509 sup-

329 4526 518 4600 petat
569 4513 754 4580 ratio.
845 4513 1238 4597 Quanquam
1297 4523 1518 4581 autem
1575 4514 1717 4580 sine
1769 4513 1935 4579 meis
1993 4511 2296 4595 precibus

329 4622 496 4668 suae
537 4600 673 4665 illis
716 4597 1052 4667 doctrinae
1102 4612 1168 4665 et
1209 4600 1472 4684 pietatis
1517 4598 1993 4665 commendatio
2037 4596 2294 4665 abunde

331 4687 600 4765 sufficit,
658 4686 783 4752 hoc
826 4687 1115 4752 officium
1157 4685 1617 4753 benevolentia
1661 4707 1819 4771 erga
1862 4707 1967 4750 me
2011 4695 2124 4750 tua
2163 4685 2294 4750 fre-

333 4783 447 4839 tus
511 4772 648 4838 illis
702 4769 1079 4856 negandum
1144 4794 1278 4838 non
1334 4773 1592 4850 censui,
1660 4793 1782 4837 nec
1847 4791 2003 4838 vero
2070 4769 2295 4836 dubito

333 4859 501 4945 quin
523 4878 711 4924 meae
751 4856 1028 4924 fiduciae
1071 4858 1260 4925 facile
1301 4858 1623 4944 ignoscas.
1703 4857 1891 4935 Vale,
1937 4855 2296 4924 clarissime

334 4946 444 5011 vir
513 4955 579 5011 et
642 4943 1082 5010 illustrissime
1100 4995 1115 5020 ,
1181 4944 1473 5028 mihique
1534 4942 1937 5011 observande
1991 4943 2292 5008 Domine.

335 5030 532 5097 Deus
584 5039 774 5114 pater
835 5030 990 5095 Iesu
1047 5028 1301 5096 Christi
1360 5041 1427 5096 et
1485 5043 1707 5096 noster
1779 5051 1897 5096 suo
1967 5028 2293 5114 praesidio

336 5129 406 5183 te
450 5126 747 5193 tueatur,
807 5116 1046 5199 spiritu
1105 5116 1456 5201 gubernet,
1515 5114 1898 5183 fortitudine
1955 5116 2292 5194 sustineat,

549 5292 740 5300 0---4-

553 5393 612 5456 2)
654 5390 953 5447 Ghevauier
987 5392 1064 5458 cf.
1102 5390 1176 5446 N.
1215 5390 1367 5447 1971.

2061 461 2225 525 1554
2265 457 2684 528 Novmffl.

4232 467 4361 533 310

2401 650 2709 732 omnique
2736 647 3261 717 benedictionum
3292 649 3680 718 coelestium
3704 671 3946 736 genere
3987 649 4359 739 locupletet.

2405 733 2721 801 Genevae
2766 738 2861 802 13.
2908 735 3261 804 Novembr.
3310 737 3501 801 1554.

3506 872 3600 939 Io.
3649 870 3966 941 Calvinus
4008 881 4184 943 tuus.

3194 1168 3601 1178 ——--—.——-—-

3279 1402 3476 1478 2⁰45.

2688 1554 3367 1625 MARTINENGUS
3411 1557 4044 1626 BULLINGERO.

2578 1725 2872 1792 Laelium
2933 1725 3226 1794 Soeinum
3297 1730 3849 1796 anti-trinacriam
3915 1731 4249 1797 denunciat
4301 1736 4359 1797 et

2404 1832 2642 1879 omnem
2697 1832 2850 1879 suae
2902 1812 3187 1880 ecclesiae
3243 1835 3382 1880 cum
3446 1837 3513 1881 eo
3571 1817 4051 1883 communionem
4118 1816 4354 1882 abnuit.

2405 1896 2568 1964 Item
2610 1899 2893 1964 iuvenem
2917 1899 3157 1964 Italum
3197 1901 3419 1966 Tur-ici
3460 1902 3692 1968 studiis
3734 1923 3989 1987 operam
4028 1908 4357 1969 necantem

2404 2003 2587 2067 quem
2629 1985 2843 2051 eadm
2882 1983 3131 2051 haeresi
3170 1986 3465 2071 infectum
3496 1992 3699 2071 putat.

2403 2154 2513 2222 (Ex
2558 2160 2686 2210 anto
2784 2156 2895 2226 pho
2930 2155 3063 2210 Ood.
3099 2157 3274 2211 Turio.
3316 2157 3533 2211 Archiv.
3571 2158 3717 2213 Plut.
3751 2158 3854 2213 VI.
3890 2158 4007 2214 Vol.
4045 2158 4171 2228 161,
4221 2158 4351 2213 olim

2403 2225 2575 2279 Serin.
2613 2226 2674 2279 B.
2740 2227 2845 2295 'pp.
2882 2225 2942 2280 Τ.
2961 2224 3046 2291 86,
3082 2227 3176 2281 fol.
3194 2225 3312 2281 297.
3349 2228 3559 2283 Simler.
3595 2228 3668 2283 V.
3687 2226 3773 2283 83.
3808 2228 4064 2282 Trechsel
4098 2228 4165 2282 11.
4202 2227 4351 2293 180.)

2575 2396 2972 2462 Doctissimo
3031 2405 3098 2461 et
3153 2398 3445 2482 piissimo
3488 2400 3659 2476 viro,
3706 2400 3789 2465 D.
3835 2399 4149 2466 Heinrico
4190 2399 4357 2466 Bul·

2400 2480 2659 2564 liugero
2704 2481 2877 2565 apud
2923 2483 3278 2567 Tigurinos
3322 2483 3733 2551 ecclesiastae
3775 2483 4150 2552 fidelissimo
4193 2485 4357 2550 mihi

2399 2567 2755 2650 plurimum
2798 2567 3223 2636 observando.

3929 2657 4175 2742 Tiguri.

2571 2790 2642 2858 S.
2713 2789 2912 2872 Quod
2958 2791 3236 2859 antehac
3281 2791 3496 2859 nullas
3538 2793 3622 2859 ad
3666 2804 3731 2860 te
3773 2793 3998 2859 literas
4041 2791 4353 2871 dederim,

2399 2900 2535 2943 non
2577 2888 2680 2944 est
2720 2877 2895 2962 quod
2939 2878 3218 2957 mireris,
3262 2878 3510 2961 optime
3553 2878 3935 2964 Bullinyere,
3980 2899 4137 2944 nam
4180 2879 4352 2961 quod

2398 2962 2483 3029 ad
2538 2972 2842 3030 mutuam
2900 2964 3250 3031 amicitiam
3306 2962 3607 3030 alendam
3662 2965 4136 3047 fovendamque
4193 2964 4353 3030 atti·

2397 3049 2611 3127 nebat,
2650 3070 2817 3133 quae
2860 3049 2999 3117 sola
3038 3048 3205 3115 mihi
3248 3049 3479 3116 aderat
3517 3052 3784 3130 occasi0,
3831 3050 3990 3117 satis
4025 3069 4353 3135 superque

2399 3158 2541 3203 esse
2586 3136 2873 3202 iudicavi
2931 3136 2986 3202 si
3042 3157 3161 3220 per
3209 3133 3540 3203 calcium
3582 3148 3879 3204 nostrum
3925 3136 4354 3203 salutationes

2397 3223 2732 3302 referrem,
2800 3222 2973 3288 sicut
3028 3243 3148 3305 per
3201 3222 3423 3306 ipsum
3478 3245 3518 3288 a
3569 3232 3635 3289 te
3690 3222 3967 3289 subinde
4022 3244 4134 3288 eas
4186 3222 4352 3287 acci-

2397 3307 2679 3392 piebam.
2767 3305 2903 3374 Sed
2959 3306 3220 3391 quando
3274 3306 3496 3392 ampla
3538 3309 3791 3376 occasio
3834 3331 3905 3375 se
3948 3307 4112 3373 mihi
4155 3305 4350 3374 modo

2397 3395 2649 3472 offerat,
2695 3414 2828 3458 non
2871 3394 3055 3476 potui
3098 3394 3644 3476 praetermittere,
3690 3394 3851 3478 quin
3897 3393 4034 3473 has,
4095 3393 4351 3477 quales-

2398 3480 2624 3563 quales
2690 3480 2849 3558 sint,
2919 3478 3000 3544 ad
3068 3488 3132 3544 te
3189 3480 3536 3545 mitterem.
3632 3480 3734 3545 Ea
3788 3501 3942 3546 vero
3997 3480 4158 3544 haec
4215 3486 4346 3544 est:

2396 3564 2729 3632 Fortassis
2771 3584 2811 3628 a
2851 3571 2918 3629 te
2961 3562 3316 3630 desiderari
3362 3572 3635 3649 poterat,
3691 3574 3760 3630 et
3800 3585 4021 3630 meum
4062 3565 4349 3629 officium

2398 3650 2469 3717 id
2525 3650 2860 3735 postulare
2918 3649 3291 3729 videbatur,
3365 3660 3443 3716 ut
3498 3658 3564 3716 te
3630 3649 3713 3715 de
3765 3649 3986 3715 Laelio
4013 3652 4061 3729 ¹)
4121 3657 4347 3715 nostro

2399 3737 2643 3819 alioqui
2686 3737 3027 3803 notissimo
3085 3757 3598 3815 commonerem,
3660 3757 3743 3801 ne
3801 3736 4003 3801 unius
4062 3736 4350 3802 hominis

2398 3825 2648 3889 intuitu
2706 3833 2840 3887 tota
2903 3832 3128 3887 nostra
3188 3822 3365 3886 natio
3429 3821 3825 3905 suspicione,
3894 3842 4096 3904 eaque
4137 3821 4349 3905 gravi,

2399 3915 2758 3975 notaretur.
2861 3906 2943 3972 Id
3001 3905 3175 3992 quod
3236 3919 3455 3972 tamen
3514 3908 3595 3974 ab
3666 3909 3960 3973 omnium
4017 3906 4347 3972 mentibus

2398 3994 2780 4080 longissime
2823 3994 3049 4060 abesse
3094 3992 3300 4059 debet.
3389 3992 3561 4058 Nam
3607 3993 3725 4058 tibi
3767 3991 4163 4076 persuadeas
4206 3992 4349 4059 eius

2397 4081 2736 4164 opiniones
2771 4090 2838 4146 et
2871 4078 3251 4157 chimaeras,
3288 4079 3420 4144 imo
3457 4079 3898 4163 blasphemias
3932 4089 4002 4143 et
4035 4089 4347 4157 monstra,

2398 4166 2584 4232 nobis
2628 4165 2970 4250 displicere
3013 4173 3080 4231 et
3122 4165 3589 4231 abominationi
3634 4186 3794 4231 esse.
3876 4162 4012 4230 Sed
4057 4184 4173 4229 cur
4216 4164 4349 4230 dis-

2399 4253 2687 4330 tulerim,
2745 4251 2908 4317 haec
2948 4251 3076 4317 fuit
3116 4272 3332 4318 causa.
3419 4251 3593 4316 Nam
3638 4272 3774 4315 non
3817 4250 4129 4334 putabam
4175 4247 4352 4331 apud

2398 4361 2517 4404 vos
2594 4337 2843 4403 diutius
2920 4357 3326 4402 mansurum.
3432 4340 3530 4402 At
3604 4358 3803 4420 quum
3870 4335 4128 4401 videam
4194 4355 4352 4399 eum

2397 4446 2701 4508 pergere,
2757 4444 2892 4489 non
2948 4423 3130 4506 potui
3184 4442 3304 4489 nec
3350 4420 3545 4488 debui
3589 4423 3871 4506 amplius
3916 4419 4350 4486 dissimulare.

2400 4508 2744 4578 Accedunt
2797 4508 2962 4575 duae
3019 4529 3253 4574 causae
3314 4528 3480 4592 quae
3537 4528 3644 4573 me
3701 4508 3944 4590 alioqui
4003 4507 4162 4572 satis
4205 4525 4355 4570 mea

2396 4611 2628 4680 sponte
2650 4603 3020 4662 currentem
3041 4594 3366 4678 instigant
3399 4603 3467 4659 et
3499 4592 3863 4676 impellunt.
3917 4591 4070 4659 Una
4090 4588 4353 4673 quidem

2399 4693 2520 4759 est,
2565 4680 2738 4765 quod
2779 4702 2897 4764 per
2939 4680 3162 4746 literas
3205 4677 3289 4744 ad
3333 4701 3467 4756 me,
3528 4679 3871 4746 diaconum
3916 4688 3983 4744 et
4027 4679 4350 4743 seniorem

2397 4766 2773 4835 ecclesiolae
2831 4774 3094 4832 nostrae
3150 4787 3365 4849 nuper
3418 4764 3633 4844 datas,
3705 4763 4145 4847 blasphemias
4199 4781 4352 4828 suas

2399 5042 2593 5097 2045.
2629 5040 2686 5111 1)
2734 5043 2839 5096 Ver
2872 5041 3022 5095 mse
3067 5039 3144 5094 ad
3178 5039 3554 5107 Bullinyerum
3600 5035 3650 5090 6.
3692 5036 3836 5105 Sept.
3885 5050 3979 5102 ap.
4016 5033 4205 5099 Porta,
4240 5033 4273 5086 l.
4311 5033 4350 5088 1.

2396 5129 2569 5181 supra
2609 5111 2681 5165 N.
2717 5109 2820 5164 201
2870 5131 2883 5162 ε
2938 5110 3121 5163 Etiam
3165 5108 3502 5178 scripserunt
3550 5107 3619 5160 ad
3654 5122 3739 5159 me
3777 5105 3978 5157 fratres
4014 5103 4255 5156 Laelium
4291 5118 4354 5155 se

2401 5182 2684 5236 continere
2720 5197 2827 5234 non
2864 5180 3106 5248 potuisse
3143 5178 3272 5246 quin
3309 5176 3585 5247 aperuerit
3604 5191 3663 5228 se
3683 5181 3739 5228 et
3772 5175 3914 5226 bene
3943 5172 4114 5225 multa
4147 5171 4355 5224 dixerit

2395 5257 2588 5304 contra
2604 5253 2794 5303 nostra
2811 5249 3075 5317 dogmata.
3096 5246 3314 5300 Utinam
3339 5247 3541 5299 nonita
3563 5244 3652 5297 sit.
3687 5243 3863 5296 Audio
3887 5242 4050 5294 ivisse
4064 5242 4355 5294 Basileam.

2395 5319 2453 5374 Si
2487 5319 2567 5372 ita
2612 5326 2698 5372 est
2784 5319 2961 5371 uaerit
3007 5333 3133 5371 suos
3179 5321 3273 5370 etc.
3347 5314 3565 5368 Similia
3602 5312 3865 5368 Gallitius
3898 5311 3975 5364 ad
4008 5310 4233 5365 eundem
4269 5306 4357 5362 17.

2398 5387 2544 5457 Sept.
2581 5403 2670 5456 ap.
2768 5388 3001 5455 ottinyer
3035 5385 3171 5440 hele.
3210 5383 3342 5439 KG.
3378 5382 3475 5437 111.
3514 5380 3631 5436 791.
3702 5381 3786 5448 Of.
3825 5379 3903 5435 N.
3937 5377 4094 5435 2050.

3899 5466 3927 5496 0

3826 5465 3898 5521 20
