4850 6200
329 426 453 492 885

331 616 840 686 sacramentaria
881 616 1237 683 confutare.
1327 615 1626 700 Sumque
1682 615 2169 701 aliquantulum
2212 614 2284 681 in

329 724 521 789 opere
544 722 948 786 progressus,
971 723 1207 768 verum
1228 702 1604 786 prolixitate
1628 701 1975 771 deterreor.
2029 701 2286 768 Nihilo-

331 791 551 858 minus
622 789 890 855 omnino
953 786 1485 872 respondendum
1549 807 1817 868 censeo,
1895 796 2044 854 tum
2111 787 2284 871 quod

331 875 691 944 adversarii
725 874 1103 960 praedicent
1133 874 1459 941 invictum
1495 875 1637 940 eius
1670 876 1891 954 robur,
1934 886 2079 941 tum
2114 873 2287 958 quod

331 963 577 1047 Anglia
617 962 686 1026 id
733 960 1162 1027 vehementer
1203 969 1488 1044 expetat.
1550 961 1616 1026 N
1616 983 1704 1026 on
1744 969 1970 1027 tamen
2012 961 2144 1027 cito
2178 980 2286 1025 me

331 1062 558 1135 potero
603 1046 967 1132 explicare:
1027 1047 1270 1131 partim
1325 1047 1484 1130 quia
1537 1055 1758 1130 patres
1801 1069 1963 1131 quos
2020 1045 2288 1113 adducit

331 1143 590 1219 oportet
632 1154 863 1199 omnes
905 1133 1259 1217 diligenter
1303 1132 1611 1200 evolvere
1625 1184 1641 1211 ,
1700 1134 1941 1217 partim
1988 1130 2161 1216 quod
2205 1131 2286 1198 ob

334 1220 706 1303 Mau-pacha
769 1219 1072 1286 assiduas
1148 1219 1622 1303 propemodum
1698 1221 2156 1303 occupationes
2221 1227 2289 1283 et

333 1307 603 1373 Zanchii
645 1305 865 1390 aliqua
897 1304 1266 1388 frequentia
1308 1304 1723 1372 incommoda
1765 1307 1834 1370 in
1870 1327 1977 1370 me
2014 1302 2289 1371 docendi

330 1398 467 1460 fere
509 1403 721 1458 totum
764 1412 933 1457 onus
966 1391 1310 1471 recumbit,
1350 1412 1560 1474 neque
1606 1391 1801 1471 vires,
1847 1401 1926 1457 ut
1969 1390 2287 1469 solebant,

329 1490 491 1546 sunt
541 1481 863 1562 integrae.
951 1483 1048 1543 At
1101 1477 1171 1542 id
1225 1479 1587 1561 aegerrime
1649 1477 1806 1555 fero,
1864 1478 2286 1561 impostorem

331 1566 541 1643 illum,
599 1564 1097 1630 Vinthoniensem
1135 1564 1427 1647 inquam,
1473 1565 1654 1646 prins
1690 1584 1836 1630 esse
1878 1573 2214 1629 mortuum
2230 1562 2288 1647 ⁹)

331 1673 533 1737 quam
577 1650 750 1735 quod
787 1648 1115 1715 edendum
1151 1670 1312 1732 paro
1349 1649 1574 1716 videre
1617 1652 1743 1733 ipsi
1788 1650 2065 1716 licuerit.
2133 1648 2197 1713 N
2200 1670 2288 1714 on

330 1740 512 1806 enim
556 1739 840 1804 libenter
881 1758 1033 1803 cum
1091 1735 1295 1802 larvis
1349 1735 1582 1803 luctor.
1671 1736 1808 1802 Sed
1852 1735 2023 1819 quod
2068 1728 2288 1801 visum

331 1836 432 1892 est
485 1825 621 1890 Deo
665 1822 854 1889 nobis
897 1823 1163 1887 omnino
1207 1822 1547 1888 ferendum
1593 1831 1712 1889 est.

503 1910 733 1976 Habes
796 1908 1212 1992 negotiorum
1276 1929 1573 1974 meorum
1640 1927 1997 1974 summam:
2065 1928 2288 1989 quare,

331 2012 404 2064 ut
445 2019 572 2081 ego
619 1998 836 2062 Deum
878 2015 992 2059 oro
1029 2016 1154 2078 quo
1198 2003 1316 2060 tua
1350 1994 1579 2060 sedulo
1623 1997 1935 2071 fortunet‚
1972 2004 2049 2058 tu
2093 1994 2289 2059 vicis-

331 2088 455 2150 sim
515 2083 709 2148 illum
769 2083 1058 2166 preceris
1114 2091 1191 2145 ut
1244 2079 1409 2145 mihi
1462 2080 1702 2164 spiritu
1757 2101 1876 2145 suo
1918 2100 2054 2144 non
2100 2079 2288 2145 desit.

328 2170 589 2238 Polloni
635 2167 985 2234 concilium
1022 2167 1420 2250 provinciale
1468 2167 1858 2232 indixerunt
1891 2165 1975 2231 ad
2010 2164 2288 2249 quadra·

329 2257 684 2341 gesimam:
751 2252 988 2319 deinde
1029 2254 1294 2319 comitia
1337 2255 1526 2336 regni
1569 2262 1946 2337 sequentur.
2034 2251 2290 2317 Verum

330 2351 396 2409 et
437 2343 532 2407 ibi
578 2361 708 2405 non
754 2338 992 2405 desunt
1035 2341 1145 2422 qui
1187 2348 1482 2405 nostram
1537 2361 1801 2405 causam
1845 2346 2288 2405 sacramenta·

329 2430 504 2493 riam
546 2428 824 2493 summis
865 2426 1286 2509 praeiudiciis
1327 2436 1624 2509 gravent.
1705 2425 1873 2490 Vale
1917 2424 2140 2508 igitur,
2189 2424 2289 2489 vir

327 2515 455 2580 Dei
505 2525 573 2578 et
616 2512 926 2579 ecelesiae
969 2511 1220 2577 Christi
1264 2520 1489 2595 pastor
1532 2511 1989 2577 sincerissime.
2064 2509 2291 2574 Domi-

326 2623 454 2666 nus
523 2600 763 2682 spiritu
828 2620 948 2665 suo
1004 2609 1068 2663 te
1126 2596 1436 2663 defendat
1487 2606 1555 2663 et
1611 2605 1687 2662 ut
1751 2597 2072 2663 hactenus
2137 2596 2289 2661 fecit

327 2696 650 2770 perpetue
693 2686 1030 2769 gubernet.
1103 2684 1395 2750 zanchas
1440 2694 1504 2748 te
1547 2683 1810 2750 salutat.
1881 2681 2289 2765 Quaeunque

327 2775 398 2837 in
450 2793 530 2837 re
589 2784 777 2856 potes
821 2770 1025 2836 Italos
1080 2791 1261 2836 meos
1318 2790 1556 2854 quaeso
1615 2771 1814 2835 iuves.
1907 2769 2055 2834 Non
2109 2768 2290 2834 enim

326 2867 410 2936 te,
448 2859 552 2923 uti
586 2856 862 2937 confido,
899 2857 1250 2924 collocatae
1285 2876 1523 2938 operae
1557 2855 1934 2939 poenitebit.
2004 2853 2289 2920 Decem-

325 2944 463 3010 bris
510 2951 569 3009 8.
653 2950 812 3007 1555
860 2944 1286 3028 Argentinae.

1490 3080 1674 3146 'l‘uus
1717 3079 1786 3144 in
1832 3079 2116 3145 Domino

1519 3166 1763 3231 Petrus
1807 3166 2088 3250 Martyr.

1179 3527 1212 3556 Ο

1162 3731 1337 3801 2357
1356 3732 1474 3800 bis.

521 3875 957 3957 L’Eemss
1003 3888 1425 3955 D’EMDEN
1473 3891 1535 3954 A
1579 3887 2101 3956 PERRUOEL.

504 4061 653 4129 Eue
696 4062 792 4127 lui
836 4061 1089 4127 adressa
1130 4080 1251 4126 une
1293 4061 1573 4127 vocation
1603 4065 1950 4143 pressante.
1979 4063 2030 4138 ¹)

329 4241 480 4248 *-

341 4407 408 4460 W
538 4335 782 4458 9i1p3934
821 4335 960 4389 Idus
997 4334 1138 4390 Noc.
1215 4333 1445 4403 (Su-ype
1478 4336 1598 4389 eccl.
1637 4349 1787 4388 mem.
1829 4334 1937 4388 111.
1977 4333 2025 4398 1,
2071 4349 2131 4401 p.
2164 4331 2285 4387 465.

410 4408 535 4460 eber
630 4447 640 4458 .
787 4445 796 4456 .

330 4474 500 4530 2357
517 4475 616 4529 bis.
639 4473 695 4542 1)
734 4406 993 4528 Pel-racel
1025 4474 1221 4528 aro-iva
1256 4475 1293 4527 ὰ
1329 4471 1501 4527 Wesel
1536 4471 1681 4526 dans
1714 4471 1764 4525 le
1799 4478 2031 4526 com-ant
2068 4470 2135 4525 de
2169 4467 2288 4526 l'ele'

328 4543 488 4600 1554.
565 4542 620 4598 11
662 4541 757 4612 n’y
797 4539 932 4597 e'tait
973 4557 1082 4610 pas
1127 4558 1318 4597 encore
1362 4559 1431 4596 en
1470 4540 1635 4594 Mars
1672 4539 1778 4605 (N.
1823 4539 1991 4606 1929),
2036 4554 2179 4594 nous
2213 4539 2249 4592 Ρ

323 4620 592 4669 trouvons
644 4627 712 4666 en
763 4611 913 4665 Αοάε
949 4611 1053 4678 (N.
1087 4610 1266 4675 2002).
1343 4610 1422 4666 Sa
1471 4611 1713 4678 position
1761 4626 1799 4679 y
1851 4610 2034 4664 devint
2084 4611 2230 4664 hient
2265 4615 2287 4663 t

323 4681 705 4748 tres-difficile.
761 4680 842 4734 Le
881 4682 959 4734 ll.
978 4680 1128 4734 Aoat
1162 4678 1302 4733 1555
1334 4679 1384 4734 le
1419 4680 1709 4746 magistrat
1741 4678 1993 4734 ordonna
2028 4694 2129 4748 que
2163 4684 2288 4732 tous

321 4767 465 4808 ceux
519 4768 616 4821 qm
667 4764 736 4801 ne
786 4750 903 4802 s'en
953 4749 1282 4804 tiendraient
1333 4763 1440 4818 pas
1489 4749 1527 4803 ὰ
1576 4750 1634 4804 lo
1675 4748 1832 4816 Cous.
1879 4749 2230 4816 d’Aaqsbour
2264 4785 2283 4816 ‚

322 4824 663 4876 notammeat
695 4825 869 4887 quant
902 4821 940 4874 ὰ
973 4818 1202 4873 l’arto'cle
1239 4819 1307 4873 de
1342 4819 1400 4872 la
1431 4818 1573 4883 cene,
1626 4819 1887 4872 auraient
1920 4820 1958 4872 ὰ
2030 4818 2193 4871 uitter
2248 4833 2285 4870 a

322 4890 454 4945 ville
506 4889 652 4942 dans
703 4888 843 4942 trois
884 4888 1064 4954 jours.
1138 4887 1432 4954 (Wolters,
1487 4886 1611 4953 Res.
1668 4887 1855 4942 Gesch.
1900 4902 1949 4940 v.
2071 4925 2086 4940 .
2137 4884 2282 4948 159.)

330 4959 475 5014 G’est
499 4959 640 5012 dans
661 4961 793 5012 cette
811 4956 1078 5011 situation
1099 4972 1202 5037 que
1227 4957 1284 5011 la
1314 4956 1562 5025 presente
1594 4956 1745 5010 lettre
1780 4956 1860 5009 lui
1890 4955 1980 5021 fut
2015 4953 2282 5009 adresse‘e.

338 5028 502 5082 Voici
546 5043 602 5079 ce
636 5026 771 5095 qu'il
812 5043 881 5080 en
916 5025 999 5080 dit
1042 5022 1309 5079 lut-mfime
1354 5025 1499 5079 dans
1535 5041 1636 5079 son
1674 5024 1972 5079 Me'morial
2007 5021 2280 5088 (Franks.

329 5096 460 5152 1301.
482 5095 656 5148 Hndl.
694 5095 745 5149 Ι.
769 5095 908 5149 Beil.
941 5094 1057 5158 190,
1092 5110 1146 5164 ρ.
1180 5093 1346 5156 281).·
1382 5095 1466 5148 Ad
1503 5094 1559 5148 id
1593 5100 1810 5160 tempus
1844 5111 1914 5146 m.
1951 5093 2094 5149 Nov.
2131 5093 2284 5146 venit

325 5167 400 5220 ad
421 5182 508 5219 me
529 5164 818 5218 Wesaliam
845 5165 1039 5219 Frano.
1058 5164 1297 5218 Clericus
1333 5164 1522 5216 literas
1555 5163 1737 5217 ferens
1774 5163 1988 5216 nomine
2023 5162 2283 5214 ecelesiae

326 5234 828 5289 Francofordianae
881 5235 1224 5288 continentes
1279 5231 1600 5286 electionem
1652 5234 1707 5284 in
1754 5229 2113 5285 ministerium
2157 5232 2283 5294 mei,

325 5305 452 5358 loco
507 5304 577 5357 M.
633 5304 698 5358 R.
743 5303 999 5358 Vauvillii
1050 5301 1306 5357 defuncti.
1376 5303 1590 5355 Allatas
1640 5308 1770 5354 sunt
1821 5313 2037 5371 quoque
2088 5300 2282 5353 literae

326 5373 623 5427 Emdensis
642 5374 899 5427 ecclesiae
929 5374 1147 5430 nomine
1166 5371 1273 5426 mei
1307 5369 1558 5426 similiter
1582 5372 1901 5426 electionem
1923 5370 2280 5436 continentes,

2029 428 2195 503 1556
2237 425 2647 493 DECEMB.

4214 428 4351 497 886

2383 613 2684 682 (Archin-
2719 612 2789 669 de
2835 613 3047 684 l'eglise
3080 614 3353 670 wallon-e
3385 614 3806 672 d’Amsterdam.
3879 616 4034 672 Nous
4064 632 4139 672 en
4173 630 4347 672 avons

2384 700 2516 753 recu
2550 700 2657 739 une
2690 683 2848 753 copie
2882 683 3242 753 anthentique
3275 702 3378 754 par
3394 686 3467 739 M.
3491 686 3543 739 le
3577 692 3803 756 pasteur
3838 686 3901 740 F.
3919 686 3993 741 H.
4013 686 4342 757 Gagnebin.)

2760 872 2978 940 Gracc
3023 880 3092 939 et
3133 873 3290 957 paix
3332 895 3453 958 par
3496 872 3686 940 Iesus
3728 874 3974 941 Obrist.

2558 1044 2663 1110 Ne
2728 1043 3007 1112 voulans
3071 1065 3238 1112 nous
3302 1054 3586 1112 arrester
3651 1065 3784 1110 aux
3849 1046 4162 1132 lonanges
4228 1046 4347 1114 des

2387 1132 2555 1197 dous
2589 1152 2716 1214 que
2749 1131 2928 1196 Dieu
2973 1152 3014 1196 a
3044 1132 3176 1198 mis
3219 1151 3303 1197 en
3336 1152 3522 1210 vous,
3566 1130 3929 1210 Monsieur‚
3974 1153 4143 1200 nous
4175 1154 4346 1200 vous

2389 1217 2616 1283 dirons
2651 1217 2761 1300 qui
2802 1236 2973 1282 nous
2999 1227 3182 1283 meut
3218 1217 3298 1282 de
3321 1236 3486 1284 vous
3529 1217 3791 1283 escrire.
3848 1218 4033 1285 Vous
4068 1227 4342 1305 n’ygno·

2388 1325 2498 1369 rez
2563 1324 2682 1387 pas
2751 1312 3081 1370 comment
3138 1302 3438 1387 despieca
3501 1324 3670 1369 nous
3743 1325 3947 1370 avons
4002 1304 4216 1372 desire
4272 1313 4345 1372 et

2390 1409 2641 1455 mesme
2690 1409 2858 1455 vous
2913 1390 3146 1455 avions
3188 1388 3429 1455 mande
3482 1393 3599 1473 n’y
3644 1411 3683 1454 a
3738 1411 3858 1473 pas
3912 1390 4070 1476 long
4128 1398 4343 1476 temps

2388 1496 2561 1560 pour
2622 1484 2797 1540 estre
2860 1475 3155 1559 collegue
3219 1483 3286 1540 et
3350 1495 3760 1560 compagnon
3825 1475 3907 1541 de
3961 1478 4054 1542 M.
4112 1478 4345 1545 Pierre

2387 1563 2480 1628 du
2559 1560 2680 1627 Vaz
2701 1560 2759 1645 ²)
2824 1581 2909 1626 au
2970 1562 3312 1627 ministere
3377 1560 3460 1627 de
3533 1561 3599 1627 la
3672 1562 3935 1645 parolle.
4045 1565 4348 1630 Dautant

2389 1652 2632 1730 qu'une
2678 1647 2905 1731 Eglise
2946 1652 3221 1731 n'ayant
3254 1668 3436 1730 quun
3478 1647 3781 1714 ministre
3835 1646 3916 1714 de
3972 1649 4039 1713 la
4096 1649 4346 1732 parolle

2389 1743 2493 1799 est
2534 1742 2818 1800 souvent
2856 1732 3180 1799 destituee
3223 1731 3307 1799 de
3355 1754 3460 1799 ses
3503 1732 3938 1800 consolatione
3982 1742 4348 1803 survenant

2387 1819 2671 1904 quelque
2713 1818 2997 1885 maladie
3040 1840 3126 1884 ou
3170 1827 3358 1885 autre
3400 1819 3932 1902 empeschement
3975 1822 4163 1907 ainsy
4206 1821 4345 1905 quil

2389 1926 2558 1971 nous
2601 1924 2688 1970 en
2733 1914 2836 1971 est
2877 1904 3142 1971 advenu
3185 1926 3315 1971 une
3357 1905 3479 1970 fois
3535 1905 3596 1970 si
3638 1910 3791 1989 qu'a
3840 1906 3907 1971 la
3960 1906 4207 1991 longue
4249 1929 4345 1973 un

2388 1991 2700 2058 Ministro
2754 1991 2896 2057 seul
2950 2013 3036 2057 ne
3091 1998 3253 2075 peut
3303 2012 3423 2075 pas
3480 1990 3910 2075 longuement
3950 1991 4150 2059 durer
4191 2014 4348 2060 sans

2390 2077 2863 2162 soulagement.
2932 2077 3341 2161 Dautrepart
3381 2086 3604 2143 estans
3647 2098 3894 2163 garnys
3938 2077 4019 2144 de
4049 2100 4179 2159 ,yos
4223 2077 4346 2145 let-

2390 2171 2528 2229 tres
2562 2184 2704 2313 dpar
2768 2162 3113 2246 lesquelles
3169 2185 3333 2228 vous
3397 2163 3691 2246 signifiez
3750 2184 3876 2246 que
3934 2185 4023 2230 ou
4078 2164 4140 2231 le
4196 2166 4346 2249 plus

2392 2271 2561 2335 gran
2670 2248 2943 2315 nombre
2998 2248 3081 2314 de
3136 2248 3408 2333 l'Eglise
3466 2246 3547 2313 de
3612 2248 3891 2332 laquelle
3955 2271 4121 2317 vous
4186 2272 4347 2317 avez

2391 2345 2533 2402 este
2587 2335 2896 2400 Ministre
2953 2355 3121 2400 vous
3178 2334 3561 2418 appelleroit
3615 2356 3780 2401 vous
3843 2334 4070 2420 l’yriez
4135 2338 4348 2403 servir

2391 2422 2676 2487 n'estant
2710 2421 2797 2486 lie
2841 2441 2926 2486 au
2968 2420 3102 2485 lieu
3145 2440 3228 2485 ou
3272 2442 3440 2486 vous
3481 2428 3652 2487 estes
3695 2441 3821 2504 que
3865 2443 3948 2485 en
3993 2422 4147 2488 telle
4189 2443 4347 2489 con·

2392 2507 2597 2573 dition
2635 2527 2805 2572 nous
2839 2528 2925 2572 ne
2959 2527 3201 2572 savons
3250 2505 3383 2572 lieu
3416 2527 3499 2571 ou
3535 2507 3580 2571 il
3616 2530 3663 2591 y
3696 2507 3792 2572 ait
3826 2508 3978 2592 plus
4014 2507 4095 2573 de
4127 2517 4348 2577 vostre

2391 2593 2564 2659 dicte
2624 2591 2853 2676 Eglise
2908 2613 2994 2657 ne
3052 2591 3133 2657 de
3192 2613 3364 2658 ceux
3421 2591 3746 2659 d’Anvers
3811 2594 4117 2676 ausquelz
4177 2615 4347 2660 vous
4452 2638 4461 2663 ,

2391 2699 2562 2745 vous
2606 2687 2827 2743 sentez
2875 2676 3239 2756 redevable‚
3300 2678 3413 2763 qui
3470 2677 3792 2744 demando
3834 2689 4056 2744 vostre
4098 2683 4349 2747 service

2389 2766 2626 2850 qu'yoi.
2706 2765 2883 2830 Mais
2941 2774 3253 2848 pourtant
3306 2785 3484 2847 quon
3537 2786 3703 2830 nous
3761 2766 4062 2847 pourroit
4103 2767 4349 2850 impro-

2390 2872 2584 2935 perer
2641 2850 2721 2915 de
2788 2850 2953 2916 faire
3008 2858 3235 2917 contre
3296 2850 3364 2915 la
3422 2851 3673 2916 charite
3735 2850 4117 2917 fraternelle
4180 2873 4348 2918 vous

2390 2936 2668 3003 voulant
2707 2936 2946 3001 retiret
2988 2934 3147 3000 d’un
3188 2935 3324 3002 lieu
3366 2956 3453 3001 ou
3489 2957 3654 3002 vous
3697 2945 3835 3002 este
3879 2938 3935 3001 si
3971 2939 4121 3004 bien
4156 2945 4352 3004 seant

2388 3023 2447 3088 Il
2492 3043 2659 3088 nous
2702 3021 2949 3088 semble
2990 3043 3169 3106 quon
3225 3042 3469 3106 pourra
3526 3023 3676 3087 bien
3729 3024 4084 3106 pourveoir
4125 3045 4166 3090 a
4207 3024 4350 3090 cela

2390 3132 2513 3195 par
2564 3110 2632 3175 la
2688 3110 2991 3176 voeation
3049 3108 3206 3175 d'un
3274 3115 3467 3174 autre
3520 3131 3607 3174 en
3661 3118 3882 3177 vostre
3938 3110 4124 3195 place
4178 3131 4349 3197 pour

2387 3196 2730 3262 ministrer
2771 3214 2812 3259 a
2852 3215 3020 3261 ceux
3063 3196 3178 3279 qui
3233 3194 3684 3279 l’appelleront
3725 3215 3889 3262 vous
3944 3195 4349 3281 respondant

2390 3303 2432 3347 a
2466 3292 2685 3348 vostre
2719 3281 3024 3347 voeation
3059 3289 3126 3347 et
3166 3289 3563 3347 consentant
3605 3280 3702 3347 les
3734 3289 3992 3348 vostres
4028 3283 4139 3366 qui
4183 3304 4346 3350 vous

2391 3368 2789 3451 requierent.
2878 3366 3014 3433 Oar
3057 3386 3309 3433 comme
3354 3388 3521 3434 vous
3575 3387 3766 3434 savez
3809 3389 3937 3451 que
3990 3367 4088 3434 les
4128 3367 4348 3436 brebis

2395 3461 2607 3535 oyent
2651 3453 3010 3520 volontiers
3050 3452 3119 3519 la
3160 3453 3317 3518 voix
3360 3452 3444 3519 de
3501 3451 3650 3519 leur
3690 3464 3958 3537 pasteur
3998 3455 4213 3539 lequel
4252 3476 4358 3523 es-

2392 3717 2457 3766 ut
2491 3713 2740 3766 minister
2784 3727 2958 3765 essem
3004 3710 3111 3763 loci
3155 3710 3316 3767 illins.
3386 3709 3495 3764 Sed
3574 3710 3786 3764 uamvis
3828 3710 3887 3792 in
3932 3711 4182 3793 duo-illa
4226 3713 4347 3766 loca

2393 3783 2601 3904 2225232
2637 3787 2805 3904 :3²33
2841 3787 3276 3930 {332332320557
3289 3786 3411 3929 ..ῖς
3439 3796 3558 3901 02:²².
3580 3797 3656 3901 τὲ.
3694 3780 3951 3902 2:2³.er
3959 3779 4347 3905 wffiffi

2391 3920 2595 3973 debere
2631 3919 2961 3972 fratribnsve
2980 3918 3127 3971 illius
3163 3917 3265 3971 loci
3286 3917 3583 3986 obhgatum
3602 3933 3722 3970 esse
3740 3918 4133 3984 existimarent,
4159 3925 4347 3973 tamen

2391 3988 2464 4042 ad
2498 3995 2750 4042 neutrum
2786 3988 3003 4040 illorum
3037 3988 3278 4040 locorum
3314 3986 3417 4057 ivi,
3464 3986 3561 4040 sed
3595 3987 3848 4040 omnibus
3893 3988 4166 4056 respondi,
4215 3988 4346 4058 quia

2390 4058 2710 4112 vocationes
2756 4057 2884 4111 illae
2920 4072 3028 4110 nou
3074 4055 3396 4110 incidissent
3440 4055 3499 4108 in
3544 4055 3605 4108 id
3648 4061 3866 4125 tempus
3902 4072 4011 4125 quo
4044 4072 4198 4125 spem
4232 4073 4345 4110 non

2389 4127 2651 4180 haberem
2687 4124 3016 4180 obtinendae
3052 4125 3109 4177 in
3144 4123 3347 4192 oppido
3384 4122 3466 4178 W.
3504 4125 3778 4191 ecclesiae,
3817 4124 3915 4177 sed
3950 4131 4144 4178 contra
4178 4142 4345 4196 quum

2391 4197 2501 4248 iam
2548 4196 2615 4248 de
2670 4194 2967 4248 obtinenda
3012 4194 3088 4247 ibi
3140 4194 3395 4246 libertate
3445 4198 3751 4263 satagerem
3800 4195 3884 4257 (ce
3928 4209 3996 4248 en
4035 4194 4169 4264 quoi
4210 4194 4255 4249 a
4289 4210 4348 4250 ⁸0

2389 4266 2675 4334 trompait)
2714 4280 2801 4316 me
2837 4270 3082 4316 neutram
3118 4263 3457 4315 vocationem
3492 4262 3647 4331 sequi
3683 4278 3859 4331 posse.

2596 4331 2656 4398 2)
2698 4332 2770 4387 Oe
2804 4331 2873 4386 P.
2908 4331 2986 4385 du
3036 4330 3157 4394 Vol,
3204 4346 3303 4385 sur
3352 4331 3400 4385 le
3442 4337 3647 4397 compte
3693 4330 3895 4400 auquel
3928 4329 4010 4383 Μ.
4056 4329 4345 4398 Gaqnebin

2390 4417 2532 4456 nous
2567 4401 2649 4455 dit
2681 4401 2839 4455 avoir
2870 4400 2981 4466 fait
3003 4399 3273 4468 jusqu'ici
3304 4398 3401 4453 des
3432 4399 3740 4455 recherches
3762 4415 3876 4453 non
3908 4397 4242 4454 couronne'es
4277 4400 4347 4456 de

2389 4471 2593 4533 succes,
2629 4486 2697 4525 ne
2732 4470 2849 4523 doit
2879 4484 2986 4535 pas
3019 4466 3132 4523 &tre
3163 4468 3443 4533 censenda
3478 4484 3608 4523 avec
3641 4483 3743 4523 son
3775 4468 4104 4539 homonyme,
4149 4465 4347 4539 e've‘qnoe

2390 4539 2460 4594 de
2511 4539 2668 4603 Seez,
2711 4536 3034 4608 pre'eepleur
3079 4537 3174 4591 des
3214 4536 3436 4603 enfauts
3480 4538 3548 4591 de
3600 4536 3876 4604 Ρναηροοὶς
3911 4535 3978 4605 1.,
4024 4538 4195 4607 lequel
4238 4554 4344 4592 em-

2390 4610 2590 4663 brassa
2633 4608 2691 4663 la
2730 4606 2969 4674 ‘re'forme
3013 4612 3064 4660 et
3107 4607 3313 4660 assisia
3348 4622 3423 4660 au
3458 4606 3695 4675 colloque
3729 4606 3798 4660 de
3832 4605 4048 4675 Poissy.
4125 4606 4345 4678 (Hoaq.

2387 4676 2489 4731 IV.
2522 4675 2673 4744 521.)
2750 4675 2937 4744 Quant
2974 4675 3012 4729 ὰ
3056 4675 3197 4729 celui
3242 4675 3377 4729 dont
3417 4675 3461 4730 οἵ
3505 4674 3669 4741 s'ayit
3711 4676 3808 4740 ici,
3854 4690 3999 4729 nous
4029 4690 4345 4745 opprenons

2386 4761 2496 4814 par
2528 4761 2637 4800 une
2669 4746 2822 4801 lettre
2854 4745 2922 4800 de
2955 4743 3156 4812 Pe'qlise
3183 4743 3451 4798 d’Anvers
3478 4744 3518 4798 ὰ
3542 4744 3667 4798 celle
3700 4742 3976 4798 d’Emden
4011 4744 4088 4799 du
4121 4744 4173 4798 4.
4194 4745 4345 4801 Aoat

2390 4814 2543 4881 1558,
2579 4821 2631 4868 et
2661 4811 2946 4870 conserve'e
2986 4829 3102 4867 αυτ
3137 4811 3330 4868 memes
3362 4812 3643 4878 Archias,
3687 4812 3821 4882 qu’il
3852 4819 4075 4868 mourut
4107 4812 4253 4869 dans
4285 4815 4344 4870 la

2385 4885 2648 4953 premiere
2683 4883 2749 4938 de
2782 4898 2870 4938 ces
2903 4883 3062 4937 valles
3096 4898 3174 4936 au
3209 4883 3347 4936 mois
3380 4881 3448 4936 de
3481 4881 3674 4936 Jmllet
3708 4882 3776 4937 de
3808 4882 3864 4936 la
3901 4881 4013 4936 dite
4046 4879 4237 4937 annes.
4273 4913 4341 4924 —

2388 4953 2446 5007 12
2479 4955 2648 5007 existe
2680 4967 2872 5007 encore
2904 4967 3018 5007 aux
3053 4952 3220 5006 Arck.
3258 4950 3325 5005 de
3368 4948 3568 5021 l’e'ylise
3613 4949 3899 5006 Wallomte
3934 4950 4343 5006 d’Amsterdoem

2385 5038 2494 5076 une
2528 5024 2681 5076 lettre
2715 5021 2781 5076 de
2818 5021 3079 5076 Perrucel
3114 5021 3150 5075 ὰ
3187 5020 3265 5074 du
3314 5019 3429 5085 Vol,
3478 5018 3634 5074 date'e
3679 5019 3757 5074 du
3790 5019 3876 5072 29.
3920 5019 4066 5088 Sept.
4098 5019 4254 5090 1554,
4288 5028 4342 5077 et

2386 5091 2533 5145 dans
2565 5091 2792 5160 laquelle
2822 5091 2867 5144 il
2900 5105 2958 5145 se
2989 5088 3191 5154 de'fend
3225 5088 3292 5143 de
3322 5089 3680 5144 Paccusation
3715 5086 3883 5143 d'etre
3905 5089 4113 5143 decenn
4138 5090 4341 5145 Lache·

2383 5161 2524 5214 rien.
2583 5158 2725 5214 Gette
2758 5161 2909 5214 lettre
2943 5166 3022 5213 est
3054 5159 3165 5212 tres
3196 5155 3556 5212 intdroesante
3581 5173 3731 5225 pour
3752 5157 3809 5210 la
3842 5160 4239 5213 connaissance
4270 5159 4340 5214 de

2382 5228 2648 5283 l’histoire
2680 5228 2748 5282 de
2781 5227 2980 5297 l’e'ylise
3012 5227 3081 5280 cle
3125 5226 3313 5292 Wesel‚
3349 5234 3401 5280 et
3431 5226 3479 5280 il
3509 5226 3683 5280 serait
3711 5226 3751 5280 ὰ
3784 5224 3994 5280 de'sirer
4028 5227 4216 5298 qu'elle
4247 5229 4339 5294 fat

2378 5298 2595 5368 publice
2627 5295 2771 5352 dans
2805 5313 2908 5351 son
2941 5298 3126 5364 entier,
3162 5297 3306 5350 mais
3337 5296 3434 5349 elle
3467 5301 3548 5350 est
3577 5294 3741 5350 d'uae
3773 5295 4039 5364 longum
4072 5300 4343 5353 musice

2383 5373 2436 5423 et
2467 5374 2593 5436 trop
2627 5382 2697 5422 en
2728 5366 2925 5422 dehere
2959 5365 3027 5421 de
3059 5372 3217 5421 notre
3246 5364 3427 5422 cadro.
