4850 6200
367 454 482 518 901

465 637 578 703 (Ex
613 634 929 707 apographo
962 632 1093 689 Cod.
1127 634 1302 691 Paris.
1334 634 1457 689 coll.
1493 634 1692 707 anuy
1726 632 1847 701 102,
1882 634 1977 691 fol.
2014 632 2087 689 ³5
2120 637 2202 699 v.)

367 792 721 878 Magnifice
796 797 866 855 et
940 790 1222 856 eximiae
1299 787 1642 875 dignitatis
1717 791 1866 856 viro
1927 790 2013 856 D.
2079 787 2319 856 Ioanni

366 880 630 947 Bonero
687 897 727 943 a
768 875 1026 944 Balitze
1079 875 1461 943 Oastellano
1503 876 1812 944 Biecensi
1865 895 2109 961 magno
2152 876 2318 943 Pro-

1025 963 1314 1028 curatori
1355 962 1587 1048 Regio.
1614 966 1669 1040 ¹)

536 1098 608 1167 S.
682 1099 786 1166 Ne
829 1098 998 1165 mihi
1036 1097 1297 1183 longius
1338 1098 1771 1183 praefandum
1812 1098 1916 1177 sit,
1960 1098 2320 1167 clarissime

368 1189 501 1266 vir,
562 1209 683 1254 cur
738 1184 861 1251 tibi
904 1186 986 1252 ab
1038 1185 1307 1251 homine
1366 1193 1595 1251 extero
1638 1194 1706 1252 et
1757 1185 1925 1251 forte
1981 1185 2320 1269 incognito

365 1273 594 1340 literae
651 1272 941 1349 veniant,
1007 1272 1231 1354 paucis
1274 1271 1369 1337 ita
1426 1272 1679 1355 accipe:
1745 1292 1947 1355 quum
2005 1272 2173 1337 mibi
2239 1269 2321 1336 de

364 1361 500 1426 tuis
543 1357 904 1424 virtutibus
937 1366 1242 1423 narraret
1282 1357 1570 1441 optimus
1611 1357 1816 1423 frater
1848 1365 2076 1423 noster
2107 1357 2320 1423 Fran-

366 1448 577 1515 ciscus
635 1444 1056 1510 Lismaninus
1117 1463 1322 1508 unam
1382 1442 1732 1527 praecipue
1796 1451 1864 1509 et
1920 1442 2148 1509 multis
2203 1463 2319 1509 ex-

365 1531 696 1599 osculatus
760 1551 910 1596 sum
968 1536 1036 1595 et
1092 1529 1350 1606 merito,
1415 1537 1491 1594 ut
1545 1529 1848 1607 arbitror,
1915 1550 2084 1612 quae
2142 1550 2320 1596 nunc

364 1619 688 1685 rationem
741 1615 825 1681 ad
879 1622 944 1680 te
1009 1613 1336 1682 scribendi
1402 1623 1468 1679 et
1529 1614 1726 1681 simul
1790 1614 2097 1681 fiduciam
2152 1615 2321 1681 mihi

365 1703 758 1788 suppeditat.
828 1701 1023 1767 Dixit
1060 1701 1239 1767 enim
1283 1700 1366 1766 de
1417 1700 1623 1766 sacris
1676 1701 1862 1767 libris
1903 1701 1974 1765 in
2019 1702 2319 1785 linguam

447 1791 729 1856 lonicam
773 1787 1056 1854 fideliter
1112 1786 1475 1870 dextroque
1522 1785 1857 1853 vertendis
1899 1787 1994 1852 ita
2039 1788 2210 1853 serio
2252 1795 2320 1853 te

387 1877 678 1953 aborare,
723 1882 801 1939 ut
844 1873 1043 1940 nullis
1085 1873 1457 1955 sumptibus
1500 1894 1766 1957 parcere
1811 1872 2197 1951 decreveris,
2244 1893 2321 1938 ac

363 1962 755 2046 quibuscum
797 1968 984 2045 potes
1027 1958 1241 2025 modis
1293 1959 1630 2037 insistere,
1692 1968 1766 2023 ut
1806 1958 2098 2025 laborem
2142 1958 2320 2026 hunc

362 2047 640 2114 idoneus
706 2045 1031 2197 quisfiam
1106 2066 1183 2111 ac
1260 2045 1511 2128 peritus
1587 2044 1914 2128 interpres
1988 2044 2319 2128 suscipiat.

363 2134 541 2200 Mihi
582 2134 785 2199 etiam
873 2152 909 2197 e
953 2151 1270 2215 generoso
1314 2131 1458 2197 viro
1505 2130 1774 2196 Andrea
1822 2131 2179 2203 Trica-siff)
2225 2130 2319 2195 lo-

364 2229 615 2303 quutus
659 2226 779 2299 est,
834 2218 1019 2284 cuius
1063 2217 1437 2302 ingenium,
1492 2219 1802 2302 pietatem
1847 2226 1916 2282 et
1958 2217 2320 2283 doctrinam

363 2326 766 2391 magnopere
808 2302 1238 2371 commendat.
1311 2303 1451 2369 Nec
1502 2324 1661 2369 vero
1725 2303 1949 2370 dubito
2007 2305 2167 2387 quin
2226 2313 2320 2381 tu,

364 2391 788 2458 ornatissime
848 2390 982 2467 vir,
1065 2390 1179 2474 qui
1254 2411 1387 2454 non
1468 2390 1725 2475 vulgari
1791 2389 2033 2457 iudicio
2094 2389 2322 2473 polles,

363 2499 518 2544 eum
564 2498 716 2561 prae
752 2476 902 2542 aliis
936 2477 1404 2558 circumspecte
1441 2476 1779 2562 delegeris,
1815 2478 1926 2559 qui
1961 2484 2100 2542 tam
2135 2496 2322 2558 prae-

363 2565 544 2630 claro
605 2564 860 2628 muneri
917 2572 1266 2645 praeesset.
1350 2562 1576 2643 Quum
1631 2561 1829 2628 huius
1884 2563 1982 2627 tui
2038 2561 2322 2627 instituti

363 2650 544 2716 fama
600 2651 858 2733 piorum
913 2648 1240 2725 omnium,
1341 2649 1408 2712 ui
1467 2656 1534 2713 te
1590 2668 1930 2731 nunquam
1991 2647 2318 2726 viderunt,

362 2737 620 2801 animos
676 2733 1006 2812 conciliet,
1072 2734 1269 2817 longe
1383 2755 1459 2799 eo
1517 2735 1773 2819 gratius
1833 2734 2119 2799 officium
2177 2755 2319 2800 esse

360 2844 449 2888 ne
486 2820 729 2895 dubita,
775 2834 844 2886 te
887 2840 1044 2886 vero
1080 2841 1274 2902 quem
1316 2830 1549 2904 sponte
1585 2820 1746 2886 satis
1788 2820 2134 2885 incitatum
2176 2839 2320 2885 esse

361 2907 560 2974 video
625 2928 801 2973 nova
866 2906 1325 2971 exhortatione
1392 2907 1735 2971 stimulare
1799 2905 1957 2989 quid
2035 2903 2317 2971 attinet?

361 2993 650 3081 Veniam
690 3003 905 3057 tamen
944 2991 1148 3069 dabis,
1193 2992 1250 3056 si
1285 3001 1440 3057 tuae
1474 2992 1796 3058 alacritati
1832 2989 2120 3058 studium
2155 3011 2316 3074 quo-

361 3102 494 3164 que
559 3100 783 3145 meum
850 3075 1239 3162 adiungam,
1301 3078 1490 3145 ouius
1558 3077 1857 3162 quamvis
1914 3097 2322 3160 supervacua

359 3170 453 3233 sit
498 3163 871 3244 declaratiO,
917 3163 1038 3229 tibi
1084 3173 1305 3229 tamen
1341 3163 1595 3230 confido
1629 3187 1761 3230 non
1796 3164 2126 3248 ingratam
2160 3164 2316 3230 fore.

357 3252 718 3320 Caeterum
758 3252 914 3336 quia
947 3250 1073 3315 hoc
1114 3249 1377 3335 insigne
1413 3257 1515 3315 est
1555 3270 1748 3316 verae
1783 3259 1850 3314 et
1893 3249 2136 3316 solidae
2180 3251 2318 3335 pie-

357 3339 522 3406 tatis
566 3338 926 3421 specimen,
984 3336 1141 3402 hinc
1186 3337 1386 3401 etiam
1432 3335 1513 3401 de
1556 3336 1825 3419 reliquis
1870 3337 2001 3402 tuis
2043 3337 2318 3402 actioni-

354 3424 489 3492 bus
552 3423 870 3489 iudicium
932 3423 1118 3488 facio,
1191 3421 1367 3488 Nam
1421 3423 1531 3505 qui
1589 3421 1670 3489 de
1735 3421 2131 3489 illustrando
2190 3422 2318 3488 Dei

354 3510 570 3577 verbo
612 3510 708 3574 ita
750 3509 1069 3575 sollicitus
1112 3519 1232 3589 est,
1282 3509 1428 3574 fieri
1471 3531 1603 3574 non
1647 3521 1864 3593 potest
1907 3510 2067 3593 quin
2112 3509 2319 3574 since-

352 3615 511 3663 rum
559 3616 630 3661 se
674 3605 741 3659 et
795 3601 1141 3659 strenuum
1193 3594 1410 3660 cultus
1454 3595 1595 3659 eius
1640 3594 1965 3661 vindicem
2012 3593 2316 3661 declaret.

354 3681 695 3765 Quorsum
754 3680 934 3744 enim
994 3680 1358 3762 scripturae
1412 3680 1631 3756 lectio,
1694 3681 1819 3744 nisi
1879 3691 1956 3746 ut
2011 3680 2318 3747 discussis

353 3766 906 3852 superstitionum
981 3768 1269 3831 tenebris
1338 3787 1503 3848 pura
1566 3765 1814 3830 eniteat
1880 3767 2003 3832 Dei
2072 3768 2317 3832 veritas

349 3856 710 3940 vigeatque
751 3852 1000 3935 religio.
1072 3852 1164 3916 Et
1218 3863 1396 3917 certe
1454 3851 1621 3916 nihil
1680 3872 1823 3917 esse
1882 3853 2100 3934 potius
2144 3852 2313 3935 quod

351 3960 553 4026 agas,
613 3959 718 4004 me
763 3945 1020 4003 tacente
1064 3937 1398 4022 intelligis.
1473 3936 1908 4003 serenissimo
1953 3938 2144 4022 Regi,
2203 3939 2313 4022 qui

349 4035 422 4091 te
471 4022 777 4110 gerendis
822 4023 960 4089 suis
1002 4024 1283 4108 negotiis
1326 4024 1668 4108 praefecit,
1723 4032 1801 4088 ut
1854 4022 2117 4089 fidelem
2160 4045 2312 4107 ope-

347 4132 505 4178 ram
545 4108 894 4194 impendas
929 4131 1125 4175 curae
1161 4131 1304 4175 esse
1347 4121 1524 4176 certo
1559 4130 1908 4192 persuasus
1952 4130 2119 4175 sum.
2189 4112 2310 4175 At-

347 4197 471 4281 qui
517 4197 757 4262 iustam
803 4196 1064 4262 demum
1118 4195 1382 4261 laudem
1426 4195 1701 4260 referret
1756 4196 1919 4262 haec
1974 4195 2312 4276 sedulitas,

348 4283 412 4349 si
475 4283 738 4348 coelesti
783 4284 924 4367 regi
984 4304 1113 4347 non
1170 4281 1339 4347 desit
1398 4291 1583 4346 tuum
1643 4281 2108 4364 patrocinium,
2175 4301 2309 4347 non

348 4368 624 4453 quidem
669 4369 741 4433 in
786 4368 1030 4434 tuendo
1075 4367 1318 4433 terreni
1359 4368 1617 4451 imperii
1661 4367 1823 4445 iure,
1868 4366 1983 4432 sed
2027 4368 2099 4432 in
2140 4389 2312 4434 asse-

346 4455 568 4520 renda
633 4455 884 4520 aeterni
947 4454 1159 4539 patris
1215 4454 1457 4539 gloria,
1523 4474 1689 4535 quae
1754 4462 2015 4520 nostras
2081 4474 2309 4519 omnes

347 4562 570 4620 curas,
627 4539 860 4620 studia,
920 4550 1194 4607 conatus
1238 4539 1321 4605 ad
1375 4561 1444 4605 se
1489 4559 1717 4621 rapere
1764 4539 1971 4605 debet.
2046 4538 2179 4606 Sed
2226 4561 2310 4605 ne

344 4626 555 4710 longa
617 4635 684 4691 et
747 4635 1053 4691 accurata
1125 4627 1331 4691 oratio
1409 4625 1843 4708 suspicionem
1910 4625 2311 4691 diffidentiae

345 4713 627 4789 iniiciat,
664 4712 862 4776 finem
896 4711 1079 4792 facio,
1118 4711 1336 4778 Deum
1371 4724 1526 4778 ante
1557 4719 1862 4795 precatus
1897 4725 1970 4777 ut
2014 4723 2080 4777 te
2116 4733 2313 4797 quem

347 4967 548 5025 2805.
572 4968 629 5035 1)
665 4969 743 5024 Io.
780 4968 989 5035 Bonar‚
1035 4983 1263 5039 magnus
1308 4974 1632 5042 procurator
1667 4969 1809 5023 arcis
1843 4969 2221 5024 cracoviensis
2256 4973 2316 5024 et

347 5039 688 5094 metellanus
723 5037 1017 5103 Biecensis,
1062 5039 1118 5091 in
1153 5039 1315 5093 horto
1351 5057 1448 5094 suo
1486 5040 1557 5093 ad
1590 5040 1712 5109 ipsa
1747 5039 1898 5092 urbis
1933 5040 2150 5093 moenia
2184 5046 2313 5092 ante

349 5115 579 5179 portam
632 5107 755 5161 aedi
807 5107 1183 5161 Nicolaitanae
1234 5108 1465 5163 vicinam
1518 5117 1579 5162 et
1638 5109 1708 5161 ab
1762 5123 1828 5160 ea
1879 5108 2314 5177 cognominatam

349 5178 543 5232 coetui
578 5193 731 5232 sacro
765 5176 1068 5245 colligendo
1099 5176 1276 5230 loenm
1309 5177 1628 5247 assignavit.
1682 5176 1943 5242 (Lumen.
1975 5176 2011 5232 1.
2051 5177 2086 5232 1.
2117 5193 2174 5245 p.
2198 5175 2314 5244 48.)

350 5245 520 5301 laem
576 5261 694 5300 cum
745 5244 859 5302 Fet.
896 5246 1190 5315 oruciyero
1230 5260 1268 5298 a
1318 5245 1466 5316 Reae
1515 5246 1828 5315 impar-avit
1873 5252 1937 5301 at
1983 5245 2314 5302 Ιιίεηιαηὺιο

343 5320 552 5385 postea
568 5316 1076 5449 ὧηὸιΐιαῧεέιὲζηίη
1299 5316 1308 5327 ’
1428 5315 1628 5371 redire.

2084 451 2246 513 1555
2290 440 2701 516 DEOEMB.

4250 457 4379 520 902

2417 635 2774 723 prudentia
2816 637 3138 724 singulari
3180 638 3479 719 donavit,
3541 639 3782 724 spiritu
3823 640 4145 707 invictum
4186 639 4379 707 forti·

2418 723 2672 791 tudinis
2711 724 3017 804 instruat,
3062 724 3430 810 dirigatque
3463 746 3667 793 manu
3701 746 3824 792 sua
3855 726 3931 791 in
3963 736 4141 793 recto
4176 747 4375 794 cursu

2417 830 2625 963 ῗὲιὲιέο
2689 809 2774 876 ad
2836 820 3099 877 metam.
3194 811 3510 879 Genevae
3567 817 3628 878 4.
3685 811 4014 879 Oalendas
4079 811 4378 879 Ianuarii

3290 1444 3490 1516 2366.

2851 1581 3321 1650 OALVINUS
3367 1582 3423 1650 O
3429 1583 3620 1650 ARN
3622 1582 3718 1650 IN
3722 1581 3964 1652 SKIO.

2593 1716 3103 1840 Domum
3145 1755 3712 1838 videquaemodo
3766 1757 4050 1824 diximus
4093 1758 4382 1841 adepis-

2419 1843 2613 1909 &ozam
2650 1841 2817 1926 Reyi
2848 1843 3174 1929 scriptam.

2423 2015 2536 2079 (Ex
2572 2012 2703 2067 edit.
2740 2012 2934 2082 Besae,
2969 2011 3176 2068 Genev.
3209 2029 3263 2082 p.
3301 2010 3422 2078 170,
3469 2013 3630 2068 Laus.
3665 2031 3720 2084 p.
3755 2012 3878 2078 365,
3923 2012 4134 2071 Hanov.
4167 2032 4222 2085 p.
4255 2013 4377 2083 409,

2421 2083 2635 2137 Chouet
2669 2099 2734 2205 pfl.
2758 2080 2877 2149 230,
2895 2082 3104 2206 ιιΔιιιιιῧ
3187 2081 3384 2206 .Χ106-.-
3420 2082 3580 2206 ἓέιῗιρ
3625 2088 3828 2206 ethtatl
3854 2101 3960 2152 quo
4002 2100 4077 2206 ιὲεὸ
4103 2085 4168 2217 )ἱιι
4215 2085 4378 2141 Areh.

2736 2168 2894 2205 erren
2934 2170 2969 2205 ιι
3107 2168 3139 2205 o
3269 2192 3280 2204 .
3564 2168 3626 2207 ce
3712 2168 3806 2207 ero
3833 2191 3845 2205 .
3884 2169 3937 2222 p.
4080 2191 4096 2208 .

2422 2320 2533 2387 Ad
2567 2342 2961 2406 generosum
2982 2322 3343 2388 Dominum
3367 2320 3773 2388 Stanislaum
3792 2322 4155 2389 Oarninski
4183 2324 4377 2407 Ivan,

2494 2406 2847 2473 haeredem
2880 2408 2954 2473 in
2987 2406 3582 2488 Alexandrowicze,
3617 2408 3925 2491 Equitem
3962 2408 4311 2478 Polonum.

2600 2579 2708 2645 Ex
2751 2581 2882 2645 tuis
2923 2578 3007 2644 ad
3051 2583 3377 2664 optimum
3411 2588 3709 2646 nostrum
3755 2580 3836 2647 N.
3870 2584 3920 2661 ¹)
3967 2580 4178 2646 literis
4211 2603 4377 2664 quas

2424 2665 2591 2731 mihi
2661 2665 2982 2744 recitavit,
3048 2667 3421 2751 perspicere
3465 2666 3657 2733 facile
3713 2666 3914 2746 licuit,
3961 2668 4375 2735 ornatissime

2425 2753 2548 2831 vir,
2592 2772 2790 2835 quam
2837 2773 2990 2817 vere
3034 2760 3100 2818 te
3123 2752 3392 2820 Christo
3436 2752 3785 2818 addixeris.
3850 2753 4022 2819 Nam
4059 2753 4207 2819 illae
4242 2776 4377 2821 non

2423 2836 2617 2903 modo
2682 2838 2925 2903 serium
2982 2838 3250 2921 pietatis
3307 2839 3612 2905 affectum
3655 2839 3895 2922 ubique
3938 2840 4222 2923 spirant,
4259 2838 4376 2906 scd

2424 2924 2625 2989 etiam
2688 2924 2863 2989 clare
2928 2924 3303 3005 ostendunt,
3360 2924 3481 2990 tibi
3523 2924 3693 2989 nihil
3728 2927 3957 2991 maiori
4003 2946 4145 2991 esse
4179 2946 4375 2993 curae

2425 3031 2503 3076 ac
2567 3007 2780 3075 studio
2834 3031 3032 3093 quam
3075 3020 3151 3077 ut
3192 3010 3487 3096 legitimo
3528 3010 3659 3076 Dei
3701 3010 3884 3077 cultu
3927 3013 3998 3076 in
4040 3032 4234 3077 suum
4268 3033 4375 3078 or-

2425 3094 2646 3161 dinem
2703 3097 3023 3178 restituto,
3083 3118 3251 3181 pura
3313 3107 3379 3162 et
3414 3097 3676 3183 integra
3718 3097 3947 3182 religio
3989 3097 4058 3162 in
4096 3098 4375 3164 Polonia

2422 3184 2670 3248 floreat.
2756 3183 2842 3248 In
2892 3184 3017 3249 hoc
3073 3194 3299 3250 sancto
3352 3183 3657 3251 instituto
3700 3194 3777 3249 ut
3809 3194 4184 3251 constanter
4224 3206 4373 3267 per-

2422 3290 2560 3353 gas,
2621 3268 2918 3352 pluribus
2977 3270 3197 3337 verbis
3256 3281 3321 3336 te
3364 3270 3621 3336 hortari
3674 3291 4151 3353 supervacuum
4204 3271 4373 3337 forte

2421 3363 2612 3421 esset.
2679 3354 2756 3421 Si
2800 3366 3024 3422 tamen
3071 3356 3239 3422 ultro
3260 3356 3553 3422 currenti
3596 3356 3811 3422 calcar
3853 3356 4177 3435 adderem,
4224 3378 4256 3422 s
4304 3373 4372 3422 e-

2421 3442 2565 3507 ravi
2607 3440 2734 3509 hoc
2768 3463 2994 3507 meum
3035 3443 3329 3508 studium
3365 3463 3487 3509 neo
3529 3442 3765 3508 inutile
3808 3463 3930 3508 nec
3973 3443 4093 3508 tibi
4140 3463 4246 3507 mo
4273 3464 4371 3509 es-

2419 3536 2564 3592 tum
2605 3527 2761 3593 fore.
2837 3527 3010 3593 Vide
3053 3549 3230 3612 ergo,
3274 3548 3588 3612 generose
3632 3529 3752 3606 vir,
3789 3527 4046 3610 quando
4087 3527 4372 3595 stadium

2416 3613 2544 3679 hoc
2586 3623 2725 3678 tam
2766 3613 3045 3680 feliciter
3086 3615 3425 3698 ingressus
3468 3635 3558 3691 es,
3615 3635 3701 3678 ne
3743 3634 3874 3696 qua
3907 3621 3973 3679 te
4018 3612 4373 3680 difficultas

2415 3708 2680 3778 terreat,
2741 3700 2848 3764 vel
2917 3711 3231 3779 moretur,
3297 3720 3383 3764 ne
3440 3698 3673 3765 mundi
3717 3700 4032 3783 strepitus
4074 3700 4369 3765 animum

2416 3795 2604 3851 tuum
2683 3786 2994 3864 debilitet,
3069 3806 3154 3851 ne
3199 3797 3264 3851 te
3320 3785 3554 3870 fatiget
3625 3786 3941 3870 temporis
4008 3785 4367 3869 longitudo.

2412 3872 2599 3936 Bene
2658 3881 2878 3938 autem
2923 3889 3041 3951 est,
3095 3871 3266 3955 quod
3308 3871 3484 3938 filius
3527 3869 3658 3936 Dei
3701 3893 3832 3937 non
3867 3872 4115 3938 otiosus
4159 3884 4370 3937 certa-

2413 3958 2616 4022 minis
2670 3958 2880 4023 nostri
2936 3967 3261 4043 spectator
3301 3957 3373 4022 in
3418 3957 3596 4025 coelo
3641 3957 3843 4036 sedet,
3887 3955 4000 4023 sed
4046 3958 4369 4024 invictum

2412 4044 2612 4108 etiam
2679 4043 3053 4126 suppeditat
3117 4043 3333 4121 robur,
3401 4041 3575 4128 quod
3617 4064 3737 4127 par
3778 4043 3865 4109 sit
3907 4042 3990 4108 ad
4035 4043 4367 4108 sustinen-

2413 4128 2567 4194 dam
2632 4128 2876 4195 laboris
2931 4130 3190 4195 molem.
3281 4130 3384 4195 De
3442 4138 3659 4197 vestro
3723 4150 3874 4196 cum
3924 4128 4369 4194 Valdensibus

2411 4234 2736 4281 consensu
2765 4218 2819 4291 2)
2874 4217 3124 4300 optima
3179 4237 3473 4299 quaeque
3527 4233 3749 4299 spero:
3793 4234 3930 4280 non
3982 4212 4176 4279 modo
4211 4213 4368 4298 quia

2410 4316 2711 4367 sanctam
2755 4301 3096 4379 unitatem,
3140 4302 3211 4367 in
3257 4323 3455 4385 quam
3476 4300 3848 4367 coalescunt
3870 4299 4123 4366 Christi
4158 4319 4366 4365 mem-

2409 4387 2550 4465 bra,
2606 4386 2792 4452 Deus
2837 4408 3095 4471 semper
3152 4387 3537 4454 benedicere
3580 4386 3812 4452 solitus
3855 4393 3959 4452 est
3976 4437 3990 4464 ,
4036 4386 4151 4452 sed
4195 4384 4368 4468 quod

2408 4473 2586 4537 inter
2628 4472 2789 4539 haec
2831 4474 3225 4551 rudimenta,
3270 4476 3547 4540 fratrum
3580 4470 3994 4538 Valdensium
4038 4471 4369 4554 peritiam,

2413 4695 2599 4750 2366.
2621 4695 2681 4762 1)
2722 4696 3111 4779 Limonum-0
3149 4696 3247 4764 (cf.
3288 4695 3571 4777 Sam-11.
3607 4693 3753 4777 5952.
3821 4766 3834 4777 ·
4288 4764 4301 4776 ⁶

2414 4831 2561 4887 diota
2606 4764 2681 4887 33
2712 4764 3175 4916 maii&
3210 4766 3580 4916 ἔίξῗὲὲξέἰῖθ
3597 4763 4370 4915 .;:‚‘;32‘¹⁸st233{‘:.⁶5.?35.;¹;

2412 4903 2769 4957 celebrarunt.
2851 4904 2916 4958 In
2968 4905 3064 4958 nlla
3114 4909 3380 4985 sancitum
3433 4908 3519 4956 est
3566 4902 3929 4972 explorandos
3981 4918 4102 4955 esse
4154 4918 4367 4984 animos

2412 4971 4179 5123 sagallassi.2¹..2zssf‘3105331250322235123072m
4200 4973 4365 5094 3:3⁰3?

2411 5114 2557 5164 ticae
2592 5117 2675 5192 et·
2692 5112 2915 5178 pietatis
2959 5110 3141 5164 studio
3184 5126 3370 5192 eornm
3415 5115 3643 5176 incitati,
3691 5110 3918 5163 consilia
3961 5110 4258 5192 sociabant.
4294 5137 4365 5193 -Τ

2407 5177 2964 5331 mama.
2996 5180 3309 5318 mx..
3337 5175 4371 5330 maumam&

2398 5316 2812 5443 {amata
2827 5318 3191 5456 kquzaeefll.
3219 5317 3599 5455 {39th
3632 5321 3685 5371 et
3722 5315 3967 5383 fratrum
4000 5316 4367 5372 Bolas-iorum

3846 5466 3955 5523 57·
