4850 6200
343 470 464 532 249

348 657 660 724 intestina
715 658 888 723 inter
944 655 1121 741 ipsos
1165 656 1402 722 fi=atres
1445 655 1782 736 discordia,
1842 656 1992 740 quia
2036 656 2166 723 duo
2211 679 2295 722 ex

345 743 470 810 illis
506 764 578 809 se
614 765 750 808 non
786 744 999 809 solum
1036 742 1302 826 reliquis
1336 741 1792 822 abiunxerant‚
1837 743 1952 808 sed
1986 744 2294 826 privatim

343 840 410 896 et
448 829 713 913 publice
756 849 982 896 eorum
1039 831 1148 912 qui
1209 839 1364 893 sunt
1415 834 1486 892 14
1533 828 1770 894 studiis
1814 830 2291 913 repugnabant.

345 916 770 983 Accurrimus
811 936 969 999 ergo
1013 937 1132 999 pro
1176 915 1506 981 fraternae
1549 916 2022 982 coniunctionis
2064 917 2292 994 officio,

345 1012 409 1068 et
449 1012 770 1085 quantum
815 1002 1167 1085 potuimus,
1213 1001 1318 1065 his
1361 1001 1717 1067 institimus
1753 1009 1828 1066 ut
1871 1001 2296 1085 pientissimis

347 1110 552 1174 symm
608 1097 860 1153 starum
885 1087 1222 1153 conatibus
1257 1087 1573 1164 faverent,
1601 1100 1928 1169 utcunque
1951 1110 2020 1151 se
2046 1086 2297 1151 nollent

343 1176 516 1258 peric
594 1194 633 1238 o
689 1173 960 1258 illigari,
1022 1174 1159 1239 suis
1217 1173 1602 1257 quibusdam
1666 1174 1838 1237 ducti
1901 1174 2292 1238 rationibus:

343 1260 468 1325 illis
528 1281 713 1337 vero,
782 1262 873 1325 sio
928 1270 1002 1325 ut
1057 1259 1266 1324 zelum
1325 1259 1846 1338 moderarentur,
1910 1282 1994 1323 ne
2054 1270 2296 1323 temere
2344 1288 2350 1339 ;

342 1346 510 1430 lupis
581 1345 938 1429 proderent
1000 1346 1378 1410 laniandam
1446 1346 1803 1411 ecclesiam.
1906 1346 2350 1428 Benignit0r=

343 1434 419 1498 ab
460 1432 761 1515 utrisque
807 1432 1014 1496 auditi
1051 1455 1295 1511 sumus,
1341 1442 1406 1495 et
1441 1454 1515 1496 eo
1552 1453 1758 1514 usque
1795 1431 2103 1495 videntur
2145 1452 2296 1514 pro·
2343 1438 2353 1473 ²

339 1520 566 1583 fecisse
611 1519 841 1601 optimi
867 1517 993 1582 Dei
1039 1519 1233 1595 servi,
1272 1528 1350 1581 ut
1393 1518 1448 1581 si
1486 1540 1613 1582 non
1661 1520 2096 1599 impetrentur
2131 1537 2298 1599 quae
2344 1504 2350 1579 Ι

339 1605 618 1670 velimus
663 1606 902 1679 omnia,
948 1604 1226 1688 gradum
1275 1614 1494 1668 tamen
1532 1614 1600 1668 ut
1640 1604 1912 1668 fecerint
1956 1603 2037 1667 ad
2085 1603 2299 1669 demo-

339 1689 638 1755 litionem
684 1700 982 1773 papatus,
1030 1692 1084 1756 si
1131 1690 1414 1772 quidem,
1474 1689 1645 1772 quod
1692 1690 1961 1754 omnino
2007 1700 2295 1772 sperant,

339 1777 556 1859 capita
633 1776 887 1859 reliqua
964 1777 1422 1842 concedantur.

342 1960 608 2013 strenue
685 1949 844 2014 Dux
929 1947 1408 2030 Christophorus
1493 1969 1640 2012 cum
1720 1958 1955 2029 patruo
2036 1946 2295 2012 Comite

346 2034 628 2119 GwryiO,
673 2055 874 2117 quum
920 2055 1074 2115 erga
1119 2057 1266 2098 eum
1314 2038 1524 2116 ipsum
1572 2056 1762 2116 quem
1811 2032 1944 2096 dixi
1992 2044 2294 2097 senatum

339 2123 916 2204 Argentinensem,
963 2131 1103 2185 tum
1129 2120 1581 2186 Marchionem
1607 2119 1961 2185 Badensem
2008 2121 2294 2183 vicinum

337 2207 543 2283 nobis,
591 2208 703 2289 qui
749 2227 960 2288 nuper
1005 2218 1105 2271 est
1148 2206 1245 2270 illi
1287 2207 1633 2288 pollicitus,
1692 2226 1761 2271 se
1805 2208 2052 2270 exactis
2097 2206 2296 2270 sacri-

337 2293 550 2357 ficulis
605 2312 835 2358 veram
890 2291 1271 2375 religionem
1326 2292 1871 2357 instauraturum.
1959 2292 2297 2375 Rogemus

337 2378 725 2456 Dominum,
786 2388 862 2441 ut
922 2380 1109 2462 regni
1169 2380 1268 2443 sni
1316 2379 1644 2460 pomoeria
1690 2378 1999 2461 dignetur
2042 2378 2296 2441 miscri-

338 2464 629 2529 corditer
671 2464 1044 2529 extendere.
1133 2464 1430 2528 Albanus
1472 2464 1774 2528 Bavarus
1794 2464 1851 2548 2)
1896 2484 2044 2529 cum
2095 2463 2298 2528 Salis-

337 2550 642 2635 buryense
698 2559 766 2615 et
807 2550 1229 2615 Aichstetense
1289 2551 1606 2632 episcopis
1662 2549 2015 2616 crudeliter
2068 2560 2299 2615 contra

335 2657 566 2701 veram
626 2635 941 2720 pietatem
1001 2638 1187 2715 furit,
1261 2636 1567 2700 instituta
1622 2636 2075 2718 inquisitione,
2134 2655 2296 2716 quae

338 2722 536 2787 etiam
587 2743 739 2788 cum
773 2723 1136 2805 Hispanica
1179 2733 1405 2787 certet.
1487 2723 1625 2789 Nec
1669 2741 1855 2786 secus
1891 2721 2063 2803 apud
2091 2720 2298 2785 Vien-

338 2829 492 2873 nam
556 2809 868 2874 Ausa-iae
922 2811 1128 2875 sancti
1186 2820 1533 2875 vexantur.
1559 2814 1614 2883 ⁵¹)
1705 2809 1960 2872 Verum
2016 2818 2083 2873 et
2136 2806 2297 2872 haec
2345 2826 2350 2853 ¹

339 3066 547 3120 wieder
583 3083 652 3119 zu
687 3066 1013 3136 fibergcben,
1053 3064 1285 3119 welches
1321 3066 1400 3119 sie
1421 3064 1554 3119 auch
1590 3064 1724 3119 thun
1745 3065 1854 3119 und
1889 3064 2080 3119 hiemit
2101 3064 2296 3119 wollen

335 3135 539 3205 gethan
589 3135 795 3201 haben,
851 3136 993 3189 deun
1052 3137 1130 3188 sie
1177 3135 1291 3188 sich
1338 3135 1532 3188 desseu
1579 3135 1837 3203 einbellig
1883 3136 1986 3188 mit
2039 3136 2297 3187 einander

335 3207 661 3258 vereinbart
693 3205 871 3257 haben
911 3204 1118 3257 hinsort
1152 3206 1206 3257 in
1244 3204 1424 3259 dieser
1460 3205 1620 3257 Stadt
1657 3207 1830 3257 neben
1873 3204 1996 3257 dem
2035 3205 2296 3256 Pabstum

335 3276 534 3327 'citer
571 3274 726 3326 nicht
760 3291 825 3326 zu
861 3274 1058 3327 dienen
1107 3273 1401 3339 (Binda-er
1436 3273 1471 3327 1.
1509 3274 1543 3326 1.
1578 3273 1718 3338 245),
1759 3274 2030 3327 Matthias
2068 3273 2297 3339 Pfarrc·

334 3359 459 3411 m,
504 3344 600 3397 vir
643 3344 966 3404 conmori-s,
1015 3349 1204 3396 vocato
1247 3343 1568 3397 Mar-bachuc
1603 3343 1966 3411 siqmficavt't:
2013 3343 2111 3395 Die
2150 3345 2295 3395 alten

337 3412 737 3465 ventor-bonon
775 3412 1037 3481 Prediger
1085 3412 1262 3464 haben
1309 3413 1422 3465 sich
1470 3413 1558 3464 nie
1605 3421 1776 3464 etwas
1824 3412 1923 3464 der
1959 3414 2067 3464 Art
2111 3421 2296 3464 unter-

335 3481 600 3534 utnnden:
647 3481 738 3534 ihr
775 3482 926 3534 wollt
962 3481 1051 3534 die
1085 3481 1401 3549 gutherzige
1438 3481 1727 3549 Obrigkeit
1775 3480 2150 3534 misbrauchen
2187 3480 2295 3533 und

333 3552 412 3605 nie
447 3551 507 3603 in
546 3550 693 3603 Ssck
727 3551 999 3605 schieben.
1052 3550 1131 3603 Ist
1166 3550 1262 3602 das
1299 3566 1380 3602 ev.
1413 3549 1675 3618 Prediger
1695 3551 1836 3603 Art?
1895 3551 1994 3602 Ein
2018 3551 2295 3604 Gewissen

333 3620 520 3672 mteht
557 3618 650 3671 ihr
687 3619 816 3670 euch
856 3621 1050 3670 daraus
1086 3620 1187 3671 mit
1217 3618 1551 3670 Katholiken
1588 3623 1642 3672 in
1678 3621 1830 3671 einer
1852 3619 2011 3671 Stadt
2045 3636 2114 3672 zu
2148 3636 2294 3688 seyn,

334 3689 470 3741 aber
507 3689 778 3741 trommen
804 3687 986 3740 Obcrn
1021 3703 1090 3741 zu
1125 3695 1357 3752 trutzen,
1395 3689 1593 3740 darana
1629 3689 1812 3741 macht
1829 3688 1916 3741 ihr
1952 3688 2084 3741 euch
2123 3688 2296 3742 heina.

333 3756 671 3820 (Βοῶν-ἰώ.
727 3756 819 3809 111.
869 3755 953 3808 37.
1038 3755 1320 3813 pauciora
1379 3756 1740 3812 Marbaclzm
1793 3760 1855 3811 in
1898 3757 2126 3824 diario.)
2203 3755 2299 3810 Aa

335 3826 470 3880 10⁰oe
503 3826 756 3878 ministri
789 3826 1192 3879 valedictort'am
1216 3828 1520 3880 concionem
1539 3843 1703 3896 quam
1725 3828 1981 3893 proxima
2005 3825 2298 3879 Dovrimca

331 3894 588 3950 habitem
623 3901 784 3949 erant
815 3896 877 3947 in
913 3895 1127 3948 tertiano
1161 3896 1497 3949 remiserunt.
1565 3894 1786 3949 Interea
1820 3895 2118 3956 adfuerunt
2153 3910 2204 3947 a.
2240 3893 2293 3947 d.

343 3964 404 4016 V.
447 3964 572 4018 Cal.
619 3963 737 4018 Oct.
775 3963 1110 4017 Basilum
1147 3962 1404 4018 Suum
1437 3969 1488 4017 et
1537 3963 1686 4026 Wolf
1717 4000 1730 4014 .
1777 3962 2216 4030 Weissenburaer
2248 3968 2300 4016 et

333 4035 835 4103 Asqentoratenm
868 4033 1332 4100 reprehenderunt
1378 4032 1607 4100 coueqaa
1752 4049 1937 4086 eorum
1971 4034 2299 4094 morositate,

326 4103 666 4170 praesertim
739 4103 849 4155 uod
881 4103 966 4154 ali
1010 4101 1107 4153 das
1144 4101 1333 4153 vrlaub
1383 4101 1552 4154 daran
1600 4101 1844 4170 gehenkt
1889 4119 1996 4155 was
2041 4119 2108 4155 zu
2152 4101 2299 4154 diser

333 4187 549 4240 ganzen
586 4171 707 4224 kirc
749 4187 816 4224 en
853 4170 1166 4239 vadet-gang
1205 4170 1409 4222 wichen
1450 4170 1632 4222 werde
1681 4170 1941 4236 (Mam),
1990 4172 2199 4224 hortati
2237 4186 2301 4223 uc

335 4250 470 4293 aaut
506 4254 633 4294 eos:
679 4239 759 4292 sie
808 4240 1008 4292 wolten
1055 4240 1185 4291 vmb
1230 4239 1329 4291 der
1379 4239 1523 4291 Ehre
1571 4238 1766 4293 Gottes
1813 4241 1992 4293 willen
2041 4239 2151 4293 vnd
2238 4257 2300 4292 er

333 4310 524 4363 lichen
562 4309 820 4376 kirchen,
873 4307 960 4361 die
997 4308 1261 4360 Antwurt
1311 4309 1437 4360 falle
1483 4325 1575 4360 uss
1621 4309 1724 4360 wie
1759 4311 1839 4361 sie
1875 4310 2060 4373 welle,
2107 4309 2298 4362 darum

337 4395 446 4433 von
483 4378 588 4431 der
624 4378 813 4431 kirche
850 4378 933 4430 nit
968 4376 1212 4429 weichen
1239 4377 1348 4429 vnd
1383 4377 1541 4430 ihren
1576 4378 1754 4430 bernff
1784 4379 1960 4430 lansec
1999 4379 2125 4442 (ib.)
2169 4377 2299 4445 Qui-

335 4449 436 4503 bus
473 4451 701 4501 nomine
736 4455 1070 4500 caeterorum
1109 4444 1472 4499 Mau-bachius
1502 4447 1770 4515 promisit,
1806 4447 1886 4499 sie
1922 4451 2118 4499 wolton
2154 4447 2300 4499 ihres

337 4532 672 4570 vei-manens
707 4515 1008 4584 eingedenk
1055 4531 1114 4567 se
1157 4533 1188 4566 u
1239 4513 1347 4566 vnd
1392 4515 1506 4568 sich
1553 4515 1865 4567 dermaszen
1903 4516 2179 4568 christlicb
2218 4531 2301 4567 er-

336 4588 418 4638 nei
568 4585 669 4638 dns
702 4584 871 4637 durch
907 4585 988 4637 sie
1024 4532 1207 4636 *feder
1251 4582 1338 4636 die
1383 4583 1596 4652 gemein
1643 4584 1794 4637 kirch
1829 4583 2030 4637 Christi
2069 4584 2302 4637 verletzt

534 4652 781 4707 iemands
821 4653 1006 4705 billich
1054 4653 1189 4705 solle
1237 4658 1513 4720 verergert
1566 4653 1800 4706 werden.
1885 4652 1974 4706 De
2016 4659 2207 4707 eventu
2251 4658 2303 4707 ot

337 4725 560 4778 duobus
595 4722 991 4777 dissidentibus
1023 4723 1149 4774 vide
1182 4721 1259 4775 ad
1297 4721 1373 4775 N.
1408 4720 1564 4773 2014.

555 4791 615 4858 2)
655 4792 910 4844 Alba-tus
949 4789 1302 4844 Fer-dinami
1341 4795 1488 4859 ’τρέε
1529 4805 1695 4858 ρεπεν
1728 4804 1876 4844 anno
1915 4787 2049 4842 1558
2082 4787 2300 4857 quiden

335 4859 774 4917 mammem
819 4859 919 4914 sub
965 4864 1199 4928 uvaque
1249 4859 1549 4925 petentibus
1587 4857 1928 4914 Landshutii
1969 4859 2031 4911 in
2065 4858 2301 4912 comitiis

443 4936 660 4997 amat,
816 4943 882 4982 ea
915 4943 1043 4983 vero
1073 4926 1157 4980 21.
1199 4927 1348 4981 Maii
1382 4926 1518 4982 1556
1552 4929 1827 4983 concessit.
1898 4925 2095 4995 (Saliq,
2130 4924 2200 4977 A.
2240 4924 2298 4980 0.

333 4946 442 5052 ff?
476 4997 594 5065 13.)
719 4999 1123 5067 “aquationes
1175 4998 1551 5051 ministrorum
1609 4997 1673 5050 in
1729 4997 1935 5052 ditione
1979 4995 2303 5049 Iuvavicmi

335 5070 514 5122 αιάηι
566 5066 869 5122 traduntur
917 5067 1106 5132 fuisse.
1178 5064 1527 5132 (Suqenheim
1587 5063 1828 5120 Baiems
1866 5064 2129 5120 Kirehen·
2182 5062 2302 5118 und

351 5135 795 5191 varumnam
829 5135 905 5189 cm
947 5133 1022 5188 ιε.
1058 5133 1186 5189 m.
1226 5133 1361 5187 1842
1392 5151 1446 5204 p.
1479 5105 1550 5187 40}
1583 5137 1683 5199 aa.)

561 5203 616 5270 B)
652 5203 743 5258 Dc
777 5204 979 5258 talibus
1011 5204 1388 5258 veaeaubnibus
1406 5203 1546 5258 πῶϋ
1579 5204 1865 5259 memoriae
1893 5200 2172 5269 prod-’tum
2205 5205 2299 5254 est.

339 5273 674 5328 Commio
727 5272 827 5328 sub
879 5279 1006 5327 utra
1048 5287 1112 5326 uc
1158 5274 1392 5326 statibus
1443 5274 1707 5326 Ameriae
1992 5286 2056 5324 us
2110 5269 2163 5323 d.
2213 5267 2300 5321 11.

341 5342 520 5396 Iunio·
553 5340 687 5396 1554
730 5348 929 5410 nequeo
977 5289 1091 5407 Inquit
1137 5349 1423 5423 postquam
1458 5341 1571 5395 iam
1606 5340 1693 5396 20.
1784 5342 1892 5396 ὠν.
1927 5340 2102 5395 edicto
2135 5339 2301 5393 mita

327 5412 486 5480 fud,-
533 5417 583 5467 et
615 5412 668 5468 d.
709 5410 790 5464 14.
827 5411 974 5480 Aua.
1013 5408 1228 5465 Οαιωϋ
1270 5410 1625 5467 mmm-m
1655 5425 1846 5467 recens
1879 5407 2304 5480 &stupam-oo

2021 473 2180 533 1554
2228 466 2681 536 SEPTEMB.

1547 1775 1796 1839 Verum
1887 1774 1966 1839 dc
2051 1788 2294 1840 eventu
2343 1804 2349 1851 i

341 1863 582 1927 scribet
625 1863 941 1945 proximis
1001 1862 1080 1926 ad
1128 1884 1232 1927 me
1280 1860 1713 1943 Marpachius.
1807 1862 1964 1943 Agit
2010 1862 2294 1925 officium
2343 1858 2348 1867 '

4217 475 4344 539 250

2393 657 2747 741 impiorum
2788 658 3131 725 molimina
3169 660 3354 726 novit
3396 660 3723 726 Dominus
3766 660 3845 725 ad
3891 659 4199 727 ecclesiae
4240 663 4344 727 in-

2395 754 2800 810 crementum
2844 747 3258 828 nominisque
3304 747 3406 812 sui
3449 747 3726 831 gloriam
3769 756 4169 812 convertere.
4257 748 4344 814 Iu

2396 833 2501 894 An
2554 831 2643 896 lia
2700 852 2904 897 novos
2959 831 3238 897 subinde
3294 842 3508 898 motus
3563 832 3834 899 excitari
3893 834 4164 916 accipio,
4227 831 4344 899 sed

2396 918 2520 980 asti
2572 938 2647 983 us
2714 928 2906 1001 atque
2970 918 3265 1000 potentia
3330 920 3663 1001 regiorum
3730 918 4008 1003 opprimi
4088 926 4345 1003 partem

2395 1002 2752 1083 meliorem,
2799 1024 3147 1086 rerumque
3189 1004 3381 1086 potiri
3426 1027 3543 1087 pro
3587 1014 3736 1070 voto
3782 1005 4134 1087 Hispanos,
4192 1004 4345 1071 licet

2395 1090 2883 1154 coronationem
2940 1090 3087 1154 Rex
3143 1089 3428 1154 nondum
3491 1092 3576 1155 sit
3634 1097 4088 1173 consequutus.
4176 1090 4345 1156 Vale

2394 1176 2463 1237 in
2510 1174 2776 1240 Christo
2821 1175 2991 1252 Iesu,
3039 1175 3219 1242 cuius
3269 1176 3515 1259 gratiae
3560 1186 3622 1239 te
3669 1195 3819 1239 cum
3868 1176 3999 1240 tuis
4044 1176 4345 1242 omnibus

2399 1262 2587 1325 unice
2634 1261 3032 1327 commendo.
3120 1262 3441 1339 Basileae,
3491 1266 3544 1325 3.
3592 1260 3852 1327 Octobr.
3924 1266 4119 1326 Anno
4162 1266 4342 1326 1554.

3168 1537 3577 1547 —-—-————-

3271 1758 3470 1825 2020.

2438 1894 2615 1960 LEs
2662 1893 3171 1962 MINISTRES
3220 1896 3345 1960 DE
3392 1880 3779 1961 GENEVE
3827 1897 3952 1963 Au
4000 1880 4304 1962 SENAT

3116 1997 3243 2061 DE
3292 1998 3626 2063 BERNE.

2572 2148 2676 2216 Ils
2718 2172 2783 2215 se
2814 2152 3138 2234 plaignent
3171 2152 3279 2217 des
3312 2152 3644 2218 calomnies
3691 2154 4048 2235 ausquelles
4088 2156 4174 2219 ils
4214 2157 4350 2221 sont

2398 2257 2471 2299 en
2515 2236 2676 2302 butte
2718 2238 2794 2302 de
2837 2239 2902 2303 la
2935 2242 3087 2320 part
3133 2238 3418 2315 Ζὲὂὲᾱὲε,
3468 2239 3688 2305 Βοᾶςεο
3730 2247 3785 2304 et
3832 2246 4058 2315 atdres,
4103 2247 4344 2306 notam-

2345 2370 2350 2383 .
2398 2329 2562 2387 ment
2600 2326 2787 2389 d'etre
2829 2325 3049 2389 traites
3085 2323 3511 2406 d'hsrefftiques.
3542 2330 3589 2407 ¹)

2399 2497 2593 2619 {Gopie
2629 2495 2983 2563 authentique
3020 2511 3087 2546 au
3122 2495 3375 2563 Registre
3411 2497 3478 2549 de
3527 2498 3580 2549 la
3618 2497 3755 2549 Ven.
3792 2497 3918 2551 Com
3961 2498 4119 2565 agnis
4154 2497 4219 2550 B.
4254 2498 4349 2555 fol.

2435 2566 2468 2619 9
2507 2583 2557 2620 v.
2594 2593 2659 2603 ··-
2712 2565 2790 2617 Le
2826 2571 2977 2616 texte
3014 2564 3193 2616 donne
3230 2582 3329 2634 par
3364 2564 3443 2620 M.
3481 2566 3711 2629 Bonnet,
3748 2566 3882 2618 dans
3939 2583 3996 2618 es
4031 2566 4248 2620 Lettres
4282 2566 4349 2620 fr.

2399 2636 2442 2691 I.
2479 2632 2598 2698 441,
2636 2639 2721 2686 est
2755 2635 2868 2701 pris
2907 2650 3001 2685 sur
3038 2650 3141 2687 une
3179 2635 3332 2702 copie
3378 2652 3483 2686 anx
3524 2634 3788 2687 Archives
3823 2634 3896 2686 du
3932 2635 4142 2688 colonel
4178 2635 4349 2688 Tron-

2400 2704 2525 2757 chin
2570 2703 2639 2755 de
2686 2703 2944 2770 Lavigny,
2994 2718 3098 2769 que
3152 2719 3287 2755 nous
3330 2703 3551 2756 n'avons
3599 2720 3695 2773 pse
3740 2720 3857 2756 vue.
3939 2702 4235 2772 L'original
4282 2719 4350 2757 ne

2638 2772 2766 2824 s’est
2802 2787 2898 2839 pas
2934 2772 3205 2825 retrouve.
3280 2771 3610 2825 Traduction
3645 2773 3785 2841 angl.
3820 2771 3914 2827 111.
3952 2770 4057 2837 75.)

2572 2926 3078 3012 Magnificques,
3146 2926 3450 3007 puissans
3510 2934 3575 2991 et
3633 2925 4114 2993 tresredoubtez
4179 2927 4349 3011 seig-

2398 3035 2628 3091 neurs,
2686 3033 2878 3095 apres
2920 3033 3086 3078 vous
3143 3012 3327 3078 avoir
3386 3024 3689 3094 presente
3731 3034 3853 3077 noz
3898 3012 4198 3078 humbles
4245 3035 4348 3078 re-

2399 3098 2962 3167 commandations
3007 3107 3075 3163 et
3118 3098 3421 3176 services,
3469 3122 3632 3165 nous
3675 3120 3840 3166 vous
3883 3098 4225 3183 supplions
4268 3100 4348 3165 de

2398 3209 2565 3253 nous
2608 3207 2884 3253 excuser
2924 3183 3003 3250 de
3040 3205 3113 3250 ce
3158 3206 3281 3267 que
3325 3207 3489 3251 nous
3525 3207 3874 3251 recourons
3911 3207 3950 3250 a
3984 3206 4150 3251 vous
4183 3205 4350 3268 pour

2401 3294 2567 3339 nous
2633 3271 2933 3356 plaindre
2992 3271 3107 3336 des
3164 3291 3401 3354 propoz
3467 3293 3590 3357 par
3647 3279 3795 3354 trop
3861 3281 4229 3355 outrageux
4284 3279 4352 3336 et

2400 3358 2717 3425 debordez
2763 3360 2873 3441 qui
2910 3377 2980 3422 se
3015 3358 3315 3420 tiennent
3349 3378 3434 3420 eu
3470 3367 3688 3423 vostre
3725 3358 3865 3440 pais
3902 3367 4127 3422 contre
4162 3376 4349 3438 nous,

2397 3468 2530 3511 non
2577 3465 2694 3529 pas
2740 3452 2885 3507 tant
2927 3463 3094 3526 pour
3136 3441 3438 3508 diffamer
3474 3465 3594 3508 noz
3630 3463 3986 3526 personnes
4022 3464 4150 3526 que
4183 3463 4351 3526 pour

2397 3553 2675 3615 exposer
2715 3529 3068 3614 lEvangile
3127 3539 3194 3594 et
3236 3537 3414 3594 toute
3458 3530 3856 3595 chrestiente
3900 3550 3985 3593 en
4029 3548 4353 3612 oppropre

2397 3628 2463 3684 et
2509 3617 2894 3699 mocquorie.
2989 3614 3157 3680 Vous
3204 3635 3446 3692 scavez‚
3493 3615 4001 3698 Messeigneurs,
4049 3635 4173 3696 que
4216 3615 4350 3679 ius·

2396 3725 2559 3786 ques
2601 3703 2727 3788 icy,
2773 3722 2938 3767 nous
2980 3722 3065 3766 ne
3112 3721 3273 3766 vous
3316 3720 3523 3765 avons
3562 3701 3794 3766 iamais
3837 3701 4057 3766 fasche
4104 3721 4185 3765 ne
4226 3700 4351 3764 im-

2397 3800 2678 3874 portune
2722 3786 2803 3853 de
2847 3809 2968 3852 noz
3012 3787 3351 3871 querelles,
3399 3808 3533 3851 non
3576 3808 3697 3871 pas
3740 3807 3863 3869 que
3909 3806 4076 3850 nous
4121 3786 4353 3852 naions

2399 3884 2680 3943 souvent
2723 3895 2805 3939 eu
2851 3874 3017 3937 iuste
3062 3873 3359 3937 occasion
3416 3871 3496 3936 de
3545 3893 3710 3939 vous
3755 3872 4046 3937 advertir
4091 3871 4204 3936 des
4249 3872 4351 3936 in-

2398 3963 2575 4028 iures
2618 3963 2729 4045 qui
2771 3969 2889 4025 ont
2932 3967 3070 4024 este
3114 3979 3362 4024 semees
3407 3979 3445 4022 a
3490 3965 3623 4023 tort
3665 3967 3888 4023 contre
3933 3979 4129 4038 nous,
4186 3958 4352 4023 mais

2399 4071 2569 4114 nous
2613 4047 2892 4113 aimions
2936 4044 3179 4109 mieulx
3228 4065 3393 4109 nous
3428 4046 3593 4109 taire
3631 4065 3754 4127 que
3801 4043 4051 4109 donner
4091 4062 4353 4127 aucung

2400 4156 2627 4220 ennuy
2686 4154 2770 4198 ou
2828 4131 3100 4196 moleste
3160 4152 3200 4194 a
3242 4151 3361 4195 vos
3419 4131 3838 4214 seigneuries.
3927 4130 4352 4195 Maintenant

2400 4243 2527 4304 quc
2572 4221 2635 4284 la
2678 4216 2994 4284 necessite
3050 4236 3219 4281 nous
3274 4217 3599 4282 contraint
3658 4215 3933 4280 douvrir
3975 4216 4040 4281 la
4082 4214 4350 4292 bouche,

2402 4327 2570 4373 nous
2634 4324 2944 4388 esperone
3010 4300 3242 4369 davoir
3306 4322 3489 4368 acces
3547 4308 3695 4367 tant
3744 4301 3894 4385 plus
3950 4301 4227 4367 humain
4281 4305 4351 4366 et

2400 4392 2619 4468 facile,
2681 4412 2804 4473 que
2863 4388 2944 4454 de
2988 4400 3211 4454 vostre
3253 4409 3478 4472 grace,
3527 4409 3690 4454 vous
3734 4409 3913 4454 serez
3956 4387 4175 4454 enclin
4217 4406 4353 4450 non

2403 4476 2796 4543 seullement
2854 4496 2894 4540 a
2950 4496 3115 4540 nous
3176 4485 3427 4556 prester
3483 4473 3797 4553 laureille,
3856 4473 4024 4538 mais
4068 4492 4265 4554 aussy
4311 4491 4352 4536 a

2404 4559 2726 4629 remedier
2781 4581 2863 4626 au
2924 4560 3057 4626 mal
3116 4556 3354 4643 duquel
3412 4582 3577 4626 nous
3634 4581 3840 4625 avons
3899 4558 4123 4624 advise
4182 4565 4353 4622 estre

2403 4649 2533 4716 bon
2573 4651 2654 4714 de
2699 4669 2861 4715 vous
2903 4646 3211 4714 advertit.

2574 4733 2636 4799 11
2672 4741 2822 4799 nest
2864 4754 2982 4816 pas
3024 4733 3131 4817 icy
3176 4734 3477 4814 question
3518 4730 3599 4797 de
3643 4751 3766 4795 noz
3810 4749 4185 4814 personnes,
4241 4747 4354 4793 car

2402 4824 2461 4886 si
2504 4841 2669 4886 nous
2710 4821 2940 4886 avions
2981 4827 3122 4884 este
3179 4818 3601 4884 iniustement
3655 4816 3958 4892 blasmez,
4018 4815 4082 4878 la
4125 4814 4356 4879 iustice

2398 5008 2522 5124 ⁹433,
2548 5008 2732 5130 'satem
2768 5058 2865 5112 111.
2892 4989 3491 5141 'efiaea‘ffia‘ssmassss'
3506 4987 4065 5124 00fmssnff1'22,
4113 4984 4352 5108 wa&

2409 5128 2597 5184 Gesch.
2633 5128 2687 5182 d.
2726 5126 2880 5184 Prot.
2915 5143 2977 5182 tn
3019 5127 3160 5181 Oeae.
3196 5126 3235 5180 l.
3280 5126 3391 5181 117.

2403 5197 2604 5253 2020.
2631 5197 2687 5266 1)
2725 5196 3023 5267 Campam
3067 5196 3145 5252 N.
3177 5194 3314 5249 2011
3351 5201 3401 5250 at
3442 5193 3609 5262 2016,
3651 5199 3704 5248 a
3744 5194 3821 5248 ks
3857 5193 4038 5260 piem
4081 5191 4181 5263 qut·
4222 5195 4353 5245 cont

2404 5273 2604 5323 cuivs-e.
2673 5266 2815 5322 Βὲεε
2882 5266 2975 5320 Vie
3009 5265 3075 5320 de
3116 5265 3171 5320 C.
3209 5264 3290 5319 ed.
3327 5263 3527 5320 Nickel
3596 5302 3611 5318 .
3648 5261 3730 5314 26.
3805 5259 4024 5316 Rudent
4057 5275 4113 5314 sc
4145 5265 4355 5340 Rumpe

2405 5353 2474 5392 cn
2508 5336 2695 5391 disant
2731 5307 2851 5401 (Vl.
2894 5333 3019 5401 121)
3094 5349 3158 5388 uc
3193 5334 3242 5388 le
3279 5332 3499 5389 Oonseil
3531 5280 3599 5387 εὖ
3631 5328 3845 5386 oen-eve
3889 5337 3941 5384 et
3983 5329 4059 5383 les
4092 5328 4125 5380 4
4162 5331 4352 5383 minte-

2403 5411 2516 5461 ms
2547 5403 2836 5461 e'crivirent
2868 5404 2917 5458 le
2951 5403 2997 5455 2.
3041 5351 3156 5463 got.
3190 5418 3308 5459 oux
3342 5402 3579 5460 Remo&
3605 5414 3753 5474 pour
3787 5413 3846 5454 κ
3872 5396 4145 5469 plumare.
