4850 6200
357 416 474 479 ⁸1³

351 620 464 685 par
518 599 712 667 effect
752 620 796 666 a
836 619 955 665 voz
1008 599 1296 666 subiecta
1350 598 1415 664 le
1468 598 1645 665 desit
1686 619 1951 682 quave*
1985 598 2067 666 de
2120 620 2290 667 nous

350 686 518 753 tenir
559 707 722 753 aveo
761 706 930 752 vous
972 706 1057 751 en
1099 686 1314 752 bonne
1357 692 1425 752 et
1465 686 1716 751 saincte
1759 685 1981 751 union.

512 773 579 837 A
622 778 765 838 tant
820 772 1117 855 prierons
1160 770 1337 838 Dieu
1398 770 1536 855 quil
1590 770 1733 837 faoe
1787 771 2295 838 heureusement

349 878 689 943 prosperer
706 867 929 925 vostre
951 857 1144 924 noble
1179 868 1248 923 et
1279 856 1605 925 exoellent
1637 865 1827 925 estat.
1884 855 1992 924 De
2017 857 2293 925 Geneve

350 965 417 1010 oe
458 947 519 1009 6.
562 943 647 1010 de
688 966 845 1029 may
900 950 1078 1010 1555.
1107 945 1187 1026 ¹²)

514 1082 652 1147 Vos
690 1102 879 1167 amys
913 1090 980 1146 et
1012 1080 1177 1147 bons
1213 1080 1720 1166 oombourgeois,

811 1203 948 1269 Les
992 1199 1405 1286 Syndioques
1448 1210 1515 1266 et
1557 1199 1825 1267 Oonseil
1867 1199 1950 1265 de
1993 1198 2288 1266 Geneve.

1208 1817 1412 1888 22⁰2.

748 1971 1224 2040 OALVINUS
1272 1969 1873 2040 GUALTHERO.

512 2143 911 2213 Commendat
989 2145 1047 2208 ei
1126 2164 1405 2225 puerum
1491 2144 1719 2209 Turico
1800 2143 2288 2228 Aryentoratum

335 2231 758 2297 deducendum
816 2236 871 2295 et
922 2229 1040 2295 hac
1092 2233 1408 2297 occasione
1462 2230 1662 2295 denuo
1705 2231 1781 2296 de
1839 2231 2109 2297 iniuriis
2163 2231 2288 2297 sibi

334 2317 539 2383 illatis
581 2317 885 2399 queritur.

335 2487 445 2555 (Ex
485 2488 825 2559 autographo
858 2489 992 2541 bibl.
1028 2489 1178 2542 oivie.
1215 2488 1524 2542 Turieensis
1560 2486 1711 2541 MSS.
1752 2487 1811 2540 F.
1847 2484 1933 2553 38,
1982 2488 2110 2542 olim
2146 2487 2285 2542 'rhe-

858 2575 1002 2613 mr.
1036 2557 1348 2628 samagar.
1386 2557 1484 2613 111.
1517 2557 1609 2612 τοι.
1647 2556 1758 2624 19.)

335 2746 602 2811 Eximio
648 2745 894 2810 Christi
939 2765 1130 2811 servo
1174 2746 1257 2811 D.
1296 2744 1638 2829 Rodolpho
1674 2744 2043 2812 Gualthero
2083 2746 2285 2831 'rigu-

334 2832 522 2898 rinae
587 2832 898 2898 eeclesiae
964 2831 1693 2983 minggfggdiitsiggetori
1749 2840 1818 2897 et
1882 2841 2286 2918 symmystae

507 3088 580 3156 S.
649 3088 826 3172 Quia
857 3098 1138 3174 patruus
1173 3088 1438 3174 Aeyidii
1481 3088 1731 3155 alumni
1778 3090 1873 3155 tui
1915 3112 2092 3157 nune
2133 3113 2284 3158 eum

333 3177 779 3262 Argentinam
813 3175 1075 3242 mittere
1109 3176 1418 3254 instituit,
1464 3185 1533 3240 et
1566 3197 1766 3260 puero
1809 3177 1939 3241 iter
1973 3177 2114 3244 sine
2157 3178 2288 3244 fido

334 3262 605 3330 custode
680 3263 1172 3329 ineommodum
1239 3271 1307 3327 et
1385 3261 1825 3345 periculosum
1903 3264 2088 3342 foret,
2167 3286 2287 3348 pro

332 3358 567 3415 nostra
609 3349 904 3416 amicitia
945 3369 1054 3414 me
1111 3348 1374 3433 rogavit
1415 3357 1490 3413 ut
1545 3347 1671 3414 hoo
1726 3349 2019 3415 officium
2062 3349 2178 3416 abs
2222 3359 2289 3417 te

332 3436 792 3520 impetrarem:
855 3456 939 3500 ne
995 3435 1188 3500 aliter
1229 3455 1379 3499 eum
1439 3432 1728 3499 dimittas
1773 3454 1969 3518 quam
2029 3448 2289 3521 reperto

335 3520 607 3587 homine
661 3522 897 3587 idoneo
940 3522 1052 3603 qui
1097 3541 1250 3585 eum
1294 3519 1662 3586 ducendum
1723 3522 2053 3604 suscipiat.
2142 3523 2290 3607 Ego

332 3628 496 3674 vero
541 3606 714 3690 quod
758 3606 868 3672 ille
912 3627 1029 3690 pro
1073 3628 1191 3672 suo
1237 3615 1473 3690 nepote
1516 3617 1584 3671 et
1620 3608 1863 3673 veteris
1920 3608 2049 3672 mei
2095 3610 2291 3676 amici

332 3693 471 3759 filio
516 3695 625 3777 pie
662 3716 700 3760 a
735 3715 842 3759 me
877 3693 1142 3776 petebat
1184 3714 1428 3777 negare
1464 3714 1663 3758 ausus
1696 3714 1831 3757 non
1874 3715 2040 3759 sum.
2108 3696 2290 3781 Ergo

334 3779 553 3862 quoad
613 3789 730 3845 tua
785 3778 1209 3845 commoditas
1268 3780 1557 3862 patietur
1599 3799 1875 3863 puerum
1937 3779 2057 3844 tibi
2110 3802 2289 3846 oom-

334 3864 598 3943 mendo,
659 3874 737 3929 ut
778 3876 922 3930 tuto
965 3864 1126 3930 illue
1171 3863 1543 3930 ducendum
1589 3884 1795 3930 eures.
1886 3863 1962 3931 Si
2007 3866 2090 3930 ad
2136 3868 2290 3932 reli-

333 3972 536 4035 quam
584 3951 1064 4016 humanitatem
1119 3950 1434 4015 haetenus
1479 3948 1595 4015 abs
1637 3961 1701 4015 te
1756 3951 2140 4034 praestitam
2183 3953 2290 4021 hie

332 4036 639 4103 eumulus
682 4038 1047 4116 accesserit,
1092 4057 1170 4102 eo
1215 4037 1425 4121 magis
1469 4057 1590 4101 nos
1633 4035 1752 4101 tibi
1797 4036 2148 4105 devincies.

510 4122 599 4189 D.
645 4123 1030 4205 Bullinyero,
1076 4123 1339 4188 tametsi
1383 4122 1524 4187 eius
1566 4122 1790 4188 literas
1835 4144 1967 4189 non
2010 4123 2108 4189 ita
2155 4126 2290 4209 pri-

334 4207 489 4275 dem
530 4208 769 4294 aeoepi,
824 4210 896 4275 in
938 4209 1312 4293 praesentia
1351 4229 1488 4273 non
1531 4208 1762 4275 scribo.
1851 4209 2005 4292 Ipse
2048 4219 2288 4292 autem,

333 4304 409 4360 ut
452 4295 676 4376 videO,
730 4295 1073 4361 silentium
1114 4315 1335 4360 meum
1378 4315 1496 4378 pro
1553 4315 1675 4360 sua
1731 4296 2058 4379 aequitate
2100 4297 2290 4364 faoile

332 4389 629 4448 excusat.
717 4380 936 4463 Quam
979 4381 1254 4464 indigne
1298 4380 1558 4446 assidue
1604 4401 1808 4448 vexer
1851 4381 1934 4447 ab
1976 4383 2292 4467 improbis

333 4487 458 4535 vos
503 4489 639 4533 non
682 4467 873 4533 latet:
921 4489 1043 4534 nee
1087 4467 1310 4532 dubito
1353 4466 1630 4551 perinde
1671 4466 1788 4532 tibi
1834 4468 2102 4536 acerbas
2147 4490 2291 4537 esse

331 4574 518 4620 meas
573 4553 851 4620 iniurias
907 4575 983 4620 ae
1038 4554 1093 4619 si
1147 4553 1270 4619 tibi
1314 4575 1569 4621 meeum
1629 4565 1849 4621 essent
1892 4573 2286 4625 communes.

332 4639 483 4706 Etsi
528 4647 749 4705 autem
810 4639 1025 4722 palam
1070 4660 1285 4722 nuper
1338 4641 1644 4723 apparuit
1697 4640 2070 4707 emissarios
2127 4643 2288 4708 istos

332 4745 532 4793 canes
576 4725 723 4792 aliis
768 4724 1106 4791 venditare
1148 4746 1302 4791 suos
1344 4725 1644 4804 latratus,
1694 4724 2026 4792 Dominus
2068 4737 2288 4794 tamen

332 4812 637 4897 opposito
672 4832 791 4877 suo
825 4811 1154 4896 praesidio
1188 4833 1299 4878 eos
1334 4811 1687 4896 aliquando
1721 4821 2105 4897 eompesoet.
2174 4815 2287 4879 In-

330 4903 517 4965 terea
551 4918 659 4964 me
694 4899 933 4964 vestris
957 4898 1253 4964 omnium
1290 4897 1594 4981 precibus
1629 4897 2029 4966 commendo.
2098 4899 2286 4980 Vale,
2396 4971 2434 4976 ,,

332 4985 582 5067 optime
626 4992 696 5050 et
730 4984 897 5050 mihi
943 4985 1195 5051 sineero
1230 4983 1445 5051 cordis
1481 4985 1720 5051 affeetu
1755 4984 2026 5051 oolende
2061 4986 2284 5052 frater.

481 5274 600 5358 ,¹2)
640 5274 1039 5357 L’eoeeqiplaire
1071 5274 1167 5330 des
1204 5275 1487 5341 Archiou,
1523 5276 1725 5399 αιὲἶιά
1757 5292 1899 5333 nous
1932 5283 2289 5346 emprunwm

331 5343 1551 5414 anonumum-uphemporteladatedu
1657 5388 1668 5399 .

2156 414 2320 477 1555
2364 409 2564 479 MAI.

4224 425 4356 488 614

2394 598 2473 664 D.
2499 598 2875 687 Bullinyero
2908 609 2979 669 et
3010 603 3280 689 reliquis
3313 603 3629 672 fratribus
3659 605 4011 689 plurimam
4047 608 4350 675 salutem.

2394 684 3142 842 ΞὲωξῗἪειὲἒῗΡοι·
3174 690 3501 757 sustineat
3533 699 3602 757 et
3635 691 3977 777 gubernet.
4035 694 4354 762 Genevae

3297 911 3585 980 Ioannes
3629 914 3952 981 Calvinus
3994 923 4171 984 tuus.

3177 1208 3500 1216 -—-—-———

3274 1461 3472 1532 2203.

2923 1610 3332 1682 VIRETUS
3378 1608 3816 1684 OALVIN'O.

2565 1785 2651 1849 In
2716 1783 2881 1850 lucta
2943 1805 3083 1852 eum
3145 1784 3581 1855 Beruensibus
3644 1790 3904 1856 minime
3976 1788 4344 1856 cessandum

2389 1870 2571 1950 docet,
2614 1889 2799 1952 seque
2840 1874 2897 1935 et
2937 1891 3085 1937 suos
3125 1892 3319 1957 neque
3361 1873 3553 1940 bonae
3596 1895 3822 1941 causae
3863 1894 4056 1957 neque
4081 1873 4342 1942 Calvino

2388 1956 2715 2039 defuturos
2749 1957 3076 2038 promittit.

2418 2128 2504 2181 Ex
2550 2127 2888 2198 autographo
2935 2127 3066 2183 Cod.
3114 2126 3320 2183 (ἔθυον.
3369 2129 3511 2182 111⁸.
3557 2130 3650 2184 sol.
3702 2129 3820 2182 112.
3909 2130 4129 2184 Habent
4179 2132 4346 2186 etiam

2511 2239 2524 2250 .
2582 2195 2698 2250 116.
2752 2197 2845 2252 fol.
2910 2194 3028 2252 121.
3082 2197 3590 2334 Eppvgerg4ei3us
3655 2198 3747 2253 VI.
3805 2196 3911 2252 452
3971 2204 4028 2252 et
4084 2199 4347 2255 Simlerus

2562 2437 2830 2502 Eximio
2854 2435 3105 2502 Christi
3143 2458 3334 2503 servo
3370 2437 3605 2503 Ioanni
3627 2437 3906 2503 Calvino
3930 2439 4347 2506 Genevensis

2390 2521 2702 2589 ecelesiae
2738 2522 2869 2588 fido
2903 2525 3152 2607 pastori
3194 2524 3384 2589 fratri
3428 2531 3495 2590 et
3537 2532 3947 2609 symmystae
3982 2525 4348 2609 plurimum

2391 2608 2821 2675 observando.

3844 2695 4175 2763 Geuevae.

2566 2828 2635 2896 S.
2707 2829 3000 2898 Omnino
3057 2832 3221 2898 illud
3279 2832 3685 2917 sequendum
3729 2833 3917 2899 nobis
3977 2841 4078 2899 est
4133 2834 4349 2900 oonsi-

2390 2918 2554 2983 lium
2619 2925 2698 2982 ut
2762 2928 3111 3001 antequam
3177 2918 3350 3004 apud
3413 2940 3533 2984 nos
3598 2918 3975 2985 habeantur
4039 2918 4349 2985 classium

2392 3010 2760 3070 conventus
2798 3007 2849 3081 ¹)
2905 3011 3202 3071 nostram
3257 3003 3564 3071 obeamus
3608 3004 4032 3088 legationem:
4058 3006 4119 3082 ⁴²)
4176 3003 4351 3088 quod

2391 3089 2559 3155 mihi
2617 3111 2872 3174 quoque
2916 3097 3191 3157 venerat
3245 3091 3318 3156 in
3369 3098 3663 3156 mentem
3677 3142 3695 3170 ‚
3764 3098 3961 3175 atque
4017 3090 4118 3157 ita
4174 3090 4347 3175 apud

2391 3198 2500 3243 me
2542 3177 3031 3243 eonstitueram.
3117 3176 3293 3242 Nam
3347 3176 3478 3242 nisi
3533 3176 3788 3261 legatos
3844 3176 4350 3261 praeveniamus

2392 3264 2506 3346 qui
2561 3263 2991 3329 conventibus
3046 3262 3190 3329 istis
3243 3263 3611 3346 praefuturi
3670 3271 3856 3342 sunt,
3922 3262 4351 3329 metuendum

2392 3357 2496 3415 est
2536 3370 2621 3414 ne
2664 3369 2817 3414 oum
2870 3348 3201 3415 mandatis
3259 3349 3655 3414 emittantur
3711 3369 3878 3432 quae
3935 3350 4160 3415 minus
4218 3348 4352 3414 erit

2392 3444 2619 3518 postea
2695 3436 3028 3520 integrum
3104 3455 3430 3501 revoeare.
3541 3433 3759 3500 Pudet
3829 3435 4008 3499 enim
4085 3434 4350 3518 eulpam

2394 3541 2751 3604 agnosoere
2796 3529 2864 3587 et
2896 3519 3068 3604 quod
3103 3540 3445 3604 perperam
3483 3520 3727 3585 factum
3761 3519 3965 3585 fuerit
3997 3520 4347 3605 oon-igere,

2392 3627 2595 3690 quum
2638 3607 2886 3691 alioqui
2920 3627 3055 3671 non
3090 3626 3485 3690 magnopere
3522 3605 3768 3689 pudeat
3803 3625 3996 3689 saepe
4035 3607 4106 3670 in
4151 3605 4346 3673 iustis

2393 3692 2675 3758 deoretis
2751 3705 3009 3758 mutare
3086 3692 3503 3758 sententiam.
3629 3689 3883 3775 Soripsi
3962 3692 4183 3775 itaque
4261 3691 4347 3757 ad

2395 3778 2775 3856 Muscidum,
2806 3781 2860 3856 ³)
2906 3799 3150 3861 rogans
3209 3778 3394 3843 nobis
3439 3787 3512 3841 ut
3569 3785 3744 3842 oerto
3803 3776 4130 3862 signifioet
4187 3776 4348 3861 quid

2394 3866 2715 3931 haetenus
2759 3874 2826 3929 et
2860 3864 3286 3931 constitutum
3332 3864 3421 3928 sit
3454 3862 3535 3927 de
3570 3862 3877 3929 elassium
3911 3864 4350 3930 eonventibus

2393 3961 2460 4016 et
2501 3952 2766 4028 saetam,
2822 3958 2891 4016 et
2933 3949 3015 4014 de
3058 3948 3423 4033 legatorum
3468 3948 3683 4014 reditu
3727 3948 4097 4028 admoneat,
4157 3959 4235 4014 ut
4274 3951 4346 4014 in

2393 4045 2685 4122 tempore
2720 4038 2846 4102 iter
2880 4035 3290 4119 arripiamus.
3348 4035 3495 4099 Non
3522 4034 3852 4100 deerimus
3877 4043 4098 4100 autem
4121 4043 4349 4100 nostro

2394 4124 2672 4199 muneri,
2741 4124 2796 4187 si
2840 4121 3033 4187 modo
3090 4121 3441 4199 Dominus,
3510 4121 3700 4185 ouius
3745 4123 4002 4204 agimus
4062 4140 4348 4198 eausam,

2392 4210 2757 4287 eonsilium,
2838 4207 3274 4292 prudentiam,
3354 4207 3809 4281 constantiam,
3889 4205 4348 4271 fortitudinem

2393 4296 2599 4361 animi
2641 4302 2709 4360 et
2748 4294 2926 4359 vires
2986 4291 3406 4376 suppeditare
3452 4291 3861 4376 dignabitur:
3920 4291 4093 4374 quod
4137 4292 4348 4357 faetu-

2392 4403 2543 4446 rum
2586 4402 2718 4446 non
2762 4378 3006 4446 diffido.
3097 4379 3251 4445 Soio
3296 4377 3597 4462 equidem
3654 4398 3850 4461 quam
3897 4379 4022 4441 sim
4080 4378 4347 4461 ineptus

2392 4467 2478 4534 ad
2523 4467 2777 4546 omnia,
2845 4464 2960 4533 sed
3004 4485 3191 4550 spem
3234 4474 3303 4529 et
3357 4462 3669 4530 fiduciam
3726 4464 3792 4528 in
3852 4460 4045 4528 illum
4099 4482 4350 4546 repono

2393 4554 2505 4637 qui
2551 4565 2737 4635 aptos
2782 4557 2850 4617 et
2892 4550 3162 4617 idoneos
3205 4551 3419 4616 faeere
3463 4557 3694 4633 potest.
3785 4545 3939 4613 Seio
3983 4569 4116 4613 non
4164 4558 4347 4614 tuam

2392 4638 2605 4717 modo,
2672 4637 2788 4704 sed
2852 4647 3147 4703 nostram
3210 4637 3523 4713 omnium,
3589 4636 3721 4699 imo
3779 4632 4036 4699 Christi
4080 4632 4353 4700 Domini

2390 4745 2653 4791 eausam
2722 4724 2865 4808 agi,
2933 4723 3121 4790 euius
3187 4722 3398 4808 gloria
3467 4722 3602 4788 vita
3666 4721 3810 4803 ipsa
3874 4720 4071 4804 longe
4136 4721 4351 4786 carior

2391 4810 2582 4876 nobis
2636 4831 2778 4876 esse
2834 4808 3046 4876 debet.
3137 4807 3277 4875 Our
3318 4828 3475 4892 ergo
3532 4806 3651 4871 tibi
3708 4827 3828 4888 par
3877 4807 4023 4889 pari
4068 4826 4199 4871 non
4243 4827 4350 4872 re-

2390 5066 2585 5122 2208.
2613 5066 2672 5134 1)
2709 5066 2907 5122 Novus
2941 5066 3145 5137 aliquis
3177 5066 3248 5132 cs.
3288 5065 3364 5120 N.
3398 5063 3555 5119 2193.

2596 5134 2658 5201 2)
2700 5134 2831 5191 Cum
2877 5134 3032 5190 Bono
3077 5135 3322 5190 Rerum
3363 5134 3448 5188 ire
3495 5132 3717 5189 debebat
3770 5133 3833 5186 in
3883 5145 4058 5184 causa
4113 5129 4351 5187 Caluini.

2388 5202 2725 5330 333„qu
2758 5205 3003 5260 nondum
3015 5204 3226 5271 facium
3243 5209 3365 5259 erat
3399 5209 3450 5259 et
3483 5202 3560 5257 N.
3598 5198 3734 5254 2195
3768 5206 3831 5256 ut
3850 5199 4067 5255 videtur
4100 5201 4352 5257 nondum

3826 5422 3936 5478 39·
