4850 6200
405 402 532 464 5⁶9

404 585 1718 673 Arina-oretbonosvirosquialibi
1777 595 2070 655 suntcu
2155 594 2356 654 reut

403 672 743 774 consensio
783 671 978 757 plene
1011 673 1104 773 ab
1144 673 1450 740 omnibus
1493 675 1877 776 excipiatur,
1932 694 2018 775 qu
2059 763 2073 775 ⁰
2157 674 2358 775 faciat

401 759 732 912 3233&
760 758 1594 930 ,matht-'3⁰’
1640 769 2182 930 *3322332225
2223 781 2355 912 ¹3:13

399 942 594 998 vetus
635 928 859 998 odium
902 951 1016 997 eos
1056 931 1366 1017 exagitat.
1469 931 1667 1014 Quan
1713 954 1753 999 o
1810 931 2078 998 tandem
2123 932 2354 1015 positis

401 1017 747 1084 affectibus
788 1017 1030 1084 rectius
1068 1015 1454 1085 iudicabunt
1490 1028 1964 1102 exspectamus.

578 1104 905 1170 Tmou-us
946 1122 1096 1169 cum
1139 1103 1388 1188 aliquot
1427 1124 1592 1189 quos
1645 1103 1948 1171 Basileae
2005 1103 2208 1170 habet
2257 1106 2355 1169 fa·
2403 1102 2410 1127 ‘

403 1192 600 1269 ciens,
645 1189 945 1273 quamvis
986 1190 1217 1273 paucis
1259 1199 1416 1256 ante
1470 1210 1680 1257 annos
1721 1191 1969 1274 aliquot
2019 1192 2087 1255 in
2142 1190 2355 1273 suspi-

401 1278 656 1343 cionem
698 1275 978 1349 veniret,
1033 1296 1168 1342 non
1224 1277 1387 1343 recti
1429 1298 1571 1343 esse
1619 1277 1834 1343 cordis
1881 1284 1949 1342 et
1999 1297 2166 1361 pure
2219 1296 2356 1341 non

403 1360 694 1428 sectandi
736 1360 1005 1441 Christi,
1045 1360 1304 1446 plenius
1347 1362 1614 1429 demum
1656 1363 1871 1447 coepit
1925 1370 1992 1429 et
2051 1361 2354 1446 pluribus

395 1458 625 1532 pmre
668 1469 709 1514 a
749 1457 939 1531 capto
980 1445 1244 1529 Serveto,
1286 1458 1355 1514 et
1394 1469 1609 1532 nuper
1642 1451 1714 1514 in
1747 1454 2255 1534 persequutione
2288 1457 2356 1513 et

399 1556 485 1600 ex
531 1533 787 1599 ulsione
828 1535 1231 1618 optimorum
1287 1533 1590 1615 fratrum,
1650 1556 1812 1619 quos
1855 1532 2104 1601 indicta
2156 1554 2355 1601 causa

398 1555 738 1704 peflendos
778 1640 899 1704 per
939 1621 1306 1705 principem
1358 1622 1785 1705 pronunciari
1827 1620 1998 1687 fecit.
2099 1618 2349 1701 Quum-

398 1726 527 1789 que
579 1724 703 1789 pro
757 1704 1074 1791 legitimis
1139 1708 1511 1789 pastoribus
1565 1707 1855 1791 migrare
1911 1706 2108 1773 iussis
2162 1706 2352 1790 lupos

399 1799 744 1876 quaereret
761 1795 820 1869 ⁴)
862 1789 1311 1877 subrogandos
1351 1792 1426 1857 in
1468 1801 1809 1876 pastorum
1852 1791 2069 1858 locum
2120 1792 2352 1859 Tessa-

399 1899 540 1957 m,
584 1876 826 1944 fratres
869 1874 1168 1945 damnati
1208 1887 1552 1962 poscerent
1609 1901 1680 1944 se
1725 1878 1957 1957 audiri,
2013 1898 2145 1944 uno
2201 1888 2350 1943 tan—

397 1973 542 2030 tum
566 1963 902 2030 Germano
944 1975 1205 2046 pastore
1248 1985 1409 2031 auso
1452 1963 1744 2030 libellum
1790 1965 2124 2051 porrigere
2166 1964 2350 2048 prin-

400 2050 527 2134 cipi
582 2050 851 2116 nomine
902 2050 1184 2116 fratrum
1203 2102 1218 2128 ,
1271 2051 1574 2136 princeps
1632 2051 1915 2136 benigne
1973 2051 2227 2127 annuit,
2285 2059 2350 2116 et

399 2134 644 2202 auditis
685 2136 998 2202 fratribus
1041 2158 1234 2203 nemo
1279 2157 1413 2202 non
1471 2138 1936 2221 pronunciavit
1991 2158 2102 2203 eos
2154 2136 2348 2202 inno-

399 2232 622 2289 centes
664 2232 732 2286 et
771 2222 1212 2289 restituendos
1242 2224 1633 2289 ministerio.
1691 2223 1941 2289 'l'amen
1984 2242 2070 2288 ne
2104 2220 2351 2289 frustra

394 2308 758 2375 laborasset
804 2308 1145 2388 Tossanus,
1192 2320 1262 2374 et
1292 2308 1437 2394 lupi
1473 2309 1730 2375 hiantes
1766 2330 1901 2375 non
1930 2309 2351 2375 remitteren-

395 2404 524 2473 tur,
569 2394 710 2461 suis
942 2395 1070 2459 mis
1134 2395 1290 2461 fecit
1353 2404 1430 2461 ut
1491 2394 1669 2461 mala
1732 2394 2063 2461 damnatio
2128 2394 2350 2479 potius

394 2481 788 2545 firmaretur.
924 2481 1161 2547 andem
1206 2481 1366 2547 dum
1407 2479 1794 2547 intrudendi
1836 2491 2026 2548 erant
2066 2480 2350 2566 improbi

393 2567 655 2650 rogavit
703 2565 1025 2632 rossanus
1068 2589 1229 2632 num
1271 2568 1640 2635 necessaria
1695 2579 1870 2633 esset
1926 2567 2009 2632 ad
2068 2567 2346 2633 salutem

394 2652 718 2731 intinctio,
759 2652 904 2737 lupi
924 2654 1318 2735 praemoniti
1340 2651 1820 2737 responderunt
1861 2674 2021 2719 esse.
2083 2653 2346 2738 Rogati,

391 2739 751 2822 probarent
792 2739 1140 2823 scriptura,
1196 2738 1622 2806 adduxerunt
1673 2738 1925 2805 locum:
2010 2738 2158 2805 Nisi
2200 2738 2348 2823 quis

394 2834 667 2890 renatus
706 2824 908 2890 fuerit
949 2847 1032 2891 ex
1074 2845 1247 2910 aqua
1288 2833 1407 2891 etc.
1497 2825 1590 2890 Et
1631 2825 1786 2909 quia
1829 2823 2204 2892 Germanus
2246 2823 2347 2889 fa-

393 2922 584 2977 verat
625 2910 834 2994 pulsis
869 2920 938 2977 et
969 2912 1332 2995 aegerrime
1366 2911 1611 2978 tulerat
1644 2919 2044 2995 postremam
2079 2924 2346 2977 senten·

395 2996 557 3062 tiam
597 2996 819 3080 priore
837 2995 1253 3082 iniquiorem,
1297 2996 1475 3063 unde
1514 2996 1768 3063 invidia
1798 2997 1986 3082 gravi
2006 2996 2349 3063 laborabat

399 3082 740 3161 Totam,
781 3091 858 3149 ut
898 3092 1054 3167 pars
1096 3083 1205 3151 vel
1249 3084 1544 3151 maxima
1584 3083 1909 3151 recideret
1949 3084 2018 3149 in
2065 3083 2345 3150 Germa-

394 3190 575 3245 num,
621 3190 740 3253 per
783 3190 936 3235 eum
979 3170 1241 3238 curavit
1281 3170 1471 3253 lupos
1506 3171 1919 3256 interrogari,
1962 3192 2163 3252 quum
2208 3182 2346 3235 tam

395 3255 573 3320 varie
617 3256 941 3322 sentiatur
983 3254 1064 3321 de
1101 3257 1467 3341 seripturis,
1526 3267 1623 3322 tot
1665 3267 1742 3322 ut
1785 3262 1941 3322 sunt
1983 3258 2211 3340 capita,
2271 3265 2348 3320 ut

395 3340 668 3419 dicebat,
733 3351 832 3409 tot
895 3343 1056 3408 item
1120 3363 1382 3409 sensus:
1448 3364 1613 3409 num
1676 3342 1880 3409 libere
1945 3343 2345 3409 renunciatis

392 3424 743 3494 haereticis
813 3439 881 3494 et
935 3428 1231 3511 ipsorum
1299 3430 1663 3508 erroribus,
1735 3428 2343 3512 Anabaptistarum,

394 3512 715 3597 Zuynylii,
768 3513 1250 3598 Oecolampadii,
1298 3515 1615 3582 Osiandri
1658 3527 1725 3581 et
1775 3512 2076 3584 calvini?
2175 3515 2345 3580 Res-

389 3598 715 3683 pondent:
756 3599 1271 3666 Renunciamus.
1341 3599 1474 3666 Hic
1506 3600 1664 3684 quid
1710 3599 1905 3679 dices,
1949 3601 2042 3665 mi
2088 3599 2347 3666 Bullin-

387 3706 547 3769 9erc,
589 3685 783 3769 quale
825 3693 894 3752 et
934 3695 1249 3769 quantum
1297 3696 1670 3752 monstrum
1714 3706 1857 3752 sese
1890 3687 2181 3771 proferat
2222 3688 2344 3751 im-

390 3770 682 3855 probitas
729 3772 1018 3838 Tossani.
1079 3772 1281 3838 Favit
1314 3770 1400 3837 ad
1441 3781 1722 3838 mortem
1766 3792 1975 3855 usque
2018 3771 2346 3857 ZuynyliO,

391 3869 460 3924 et
499 3867 868 3942 postremas
911 3858 1156 3935 literas,
1198 3879 1361 3942 quas
1394 3858 1887 3924 cordatissimus
1930 3856 2042 3923 ille
2080 3860 2179 3924 vir
2213 3858 2343 3924 Dei

390 3944 476 4010 ad
517 3965 626 4009 me
677 3945 942 4027 scripsit
1003 3965 1227 4010 mense
1282 3943 1675 4027 Septembri,
1740 3965 1848 4009 me
1914 3950 2051 4009 tam
2117 3953 2344 4010 sancte

391 4029 752 4097 admonens
822 4052 909 4096 ne
981 4039 1226 4096 temere
1280 4051 1388 4095 me
1458 4030 1946 4097 discriminibus
2001 4030 2344 4113 quibusvis

391 4135 791 4201 exponerem
808 4167 826 4196 ,
885 4115 1000 4182 sed
1042 4138 1150 4182 me
1204 4137 1538 4183 servarem
1584 4113 1665 4181 ad
1711 4136 1874 4199 opus
1921 4116 2214 4196 Domini,
2275 4127 2345 4182 et

388 4203 538 4287 pius
573 4203 675 4269 vir
717 4204 900 4285 prius
945 4202 1101 4268 hinc
1156 4201 1327 4268 bello
1379 4202 1678 4268 sublatus
1723 4202 1851 4267 fuit
1909 4223 2107 4285 quam
2161 4223 2343 4268 meas

627 4288 736 4370 rit,
778 4288 1014 4372 quibus
1058 4309 1209 4354 eum
1252 4289 1566 4375 rogabam
1600 4295 1676 4353 ut
1713 4289 1836 4355 sibi
1878 4288 2019 4372 ipse
2061 4295 2344 4368 caveret,

391 4374 497 4439 cui
529 4310 728 4459 longe
762 4374 1231 4457 periculosiora
1257 4375 1696 4440 imminebant
1729 4412 1814 4425 --
1850 4373 2019 4451 illas,
2053 4375 2342 4459 inquam,

390 4460 614 4526 literas
663 4461 941 4527 Tosaano
982 4460 1181 4540 dedit,
1225 4481 1358 4527 non
1402 4462 1544 4527 sine
1585 4459 2149 4527 commendatione
2188 4461 2345 4526 Tos-

391 4548 556 4625 εαηί,
599 4568 685 4612 ex
728 4567 856 4630 quo
895 4567 1235 4630 nunquam
1292 4548 1476 4630 potui
1527 4545 1899 4630 intelligere
1953 4549 2112 4630 quin
2169 4555 2343 4612 recte

392 4631 669 4698 sentiret
711 4632 792 4698 de
838 4631 1164 4716 Zuynylio,
1209 4643 1276 4699 et
1317 4641 1635 4717 quantum
1670 4653 1938 4718 possum
1977 4642 2199 4699 mente
2244 4642 2343 4699 te-

393 4740 550 4784 nere
591 4719 740 4785 istic
769 4719 841 4784 in
884 4719 1156 4785 ecclesia
1177 4720 1333 4804 egit,
1372 4729 1439 4786 et
1482 4719 1748 4786 vivente
1769 4734 1837 4784 et
1877 4728 2027 4803 post
2061 4728 2342 4785 mortem

619 4806 716 4884 lii,
760 4805 973 4871 fassus
1015 4813 1085 4870 et
1135 4812 1464 4888 pastorem
1522 4814 1589 4872 et
1631 4805 1974 4873 ecclesiam
2029 4805 2343 4890 pietatem

396 4887 645 4956 Christi
703 4898 926 4956 tenere
943 4942 958 4971 ‚
1012 4890 1254 4974 alioqui
1306 4891 1837 4977 improbissimus
1892 4891 2127 4958 fuisset
2190 4912 2343 4958 cum

395 4973 740 5043 haereticis
782 4984 1017 5061 sponte
1051 4977 1250 5042 etiam
1285 4979 1787 5045 communicans.
1875 4975 1983 5041 De
2029 4977 2345 5044 oecolam-

382 5063 583 5142 padio
626 5060 786 5147 quid
829 5061 1082 5130 dicam?
1139 5061 1317 5144 Quid
1365 5065 1446 5128 de
1488 5085 1564 5130 eo
1608 5085 1738 5132 non
1783 5061 1952 5129 dixit
1993 5071 2062 5128 et
2096 5065 2345 5130 sentire

598 5336 653 5401 4)
688 5339 760 5404 cs.
797 5336 871 5393 N.
910 5335 1060 5392 2152.

2138 402 2300 464 1556
2345 396 2654 465 APRIL.

4280 399 4410 463 570

2457 586 2643 654 visus
2674 586 2823 654 est?
2910 586 3189 655 Audivit
3220 586 3471 654 tamdiu
3514 594 4022 673 praeceptorem,
4067 595 4203 654 tam
4240 588 4412 654 mul-

2455 682 2559 741 tos
2602 693 2813 739 annos
2854 674 2928 738 in
2971 694 3049 740 ea
3087 674 3363 741 ecclesia
3419 696 3457 743 e
3507 676 3576 754 ’t,
3634 684 3709 740 ut
3750 685 3819 741 et
3874 673 4068 741 hodie
4123 696 4283 762 prae
4338 696 4412 741 se

2456 760 2606 826 fert.
2698 757 3032 826 Calvinum
3073 760 3232 845 quid
3269 779 3400 826 non
3449 695 3619 826 dfxit
3659 759 3850 827 esse?
3938 759 4117 842 Quid
4162 782 4294 828 non
4338 763 4412 827 in

2458 865 2537 911 eo
2579 865 2774 929 saepe
2816 844 3165 929 probavit?
3264 847 3504 913 Nonne
3547 846 3848 913 hortatus
3892 855 3994 913 est
4034 847 4291 931 plebem
4336 856 4412 913 ut

2458 932 2738 1016 gratiam
2779 931 3053 998 Domini
3232 941 3485 999 osceret
3527 934 3599 998 in
3658 931 3952 999 doctrina
4008 954 4207 1017 quam
4264 931 4411 999 Gal-

2456 1019 2647 1084 m’nus
2688 1032 2755 1082 et
2798 1018 2909 1083 alii
2945 1020 3117 1084 tradi
3165 1019 3408 1084 erunt?
3510 1018 3675 1085 Fuit
3714 1021 3783 1085 in
3829 1020 4071 1086 nostris
4121 1020 4413 1087 coetibus

2458 1118 2528 1168 et
2570 1103 2925 1186 colloquiis.
2964 1114 3034 1170 et
3073 1106 3351 1171 intimus
3393 1105 3709 1171 omnium.
3778 1103 4134 1190 Nunquam
4175 1127 4413 1190 passus

2456 1189 2696 1255 fuisset
2733 1190 3034 1255 Calvinus
3068 1191 3227 1274 quid
3271 1213 3427 1257 uam
3469 1192 3542 1256 in
3591 1191 3943 1258 Tus-§anum
3986 1190 4118 1258 dici
4172 1212 4297 1259 nec
4339 1194 4414 1257 in

2458 1274 2817 1342 ecclesiam.
2910 1276 2995 1340 Et
3036 1299 3212 1343 nunc
3311 1284 3541 1344 atanas
3582 1278 3678 1342 ita
3720 1278 4062 1362 occupavit-
4102 1298 4215 1344 oor
4265 1276 4415 1344 Tos-

2457 1362 2619 1435 sam',
2666 1363 2776 1443 qui
2821 1383 2892 1428 se
2935 1364 3308 1446 pontificem
3367 1363 3564 1448 erigit
3614 1364 3687 1429 in
3743 1361 4035 1430 ecclesiis
4087 1363 4412 1431 Mombel-

2457 1445 2907 1532 gardcnsibus,
2952 1451 3097 1532 pios
3141 1448 3348 1531 pellit,
3408 1448 3736 1534 improbos
3794 1450 4098 1531 instituit,
4158 1449 4229 1514 in
4287 1449 4412 1516 hoc

2456 1554 2574 1599 suo
2620 1542 2756 1598 tam
2801 1530 3116 1601 diabolico
3158 1535 3472 1616 facinore,
3514 1536 3903 1621 Tigurinam
3951 1534 4411 1603 contumeliose

2456 1618 2727 1685 damnat
2750 1621 3091 1686 ecclesiam
3125 1630 3191 1685 et
3210 1633 3540 1705 pastorem
3574 1631 3716 1688 tam
3746 1623 3929 1707 pium
3974 1621 4410 1689 Basiliensem

2454 1726 2605 1773 oum
2646 1713 2907 1790 pastore
2951 1708 3137 1773 cuius
3195 1708 3404 1791 pietas
3464 1707 3731 1792 sepeliri
3784 1728 3907 1774 nec
3959 1707 4230 1775 interire
4286 1730 4409 1773 un—

2454 1810 2654 1875 quam
2709 1791 2969 1876 poterit.
3090 1793 3194 1858 De
3243 1790 3621 1861 Genevensi
3678 1793 3847 1859 nihil
3908 1792 4137 1860 dicam.
4250 1795 4409 1878 Ipsa

2455 1897 2675 1944 coram
2719 1877 2863 1944 Deo
2906 1899 3037 1944 non
3083 1900 3291 1945 unum
3341 1880 3692 1946 Tossanum
3736 1900 3859 1947 nec
3902 1880 4186 1947 alterum
4232 1880 4405 1946 Ger—

2454 1983 2748 2044 manum,
2802 1963 2918 2030 sed
2975 1985 3202 2031 omnes
3299 1973 3574 2050 uotquot
3630 1974 3789 2031 sunt
3845 1965 4194 2033 mendaces
4253 1987 4407 2031 eon-

2454 2050 2675 2116 vincet
2730 2057 2798 2116 et
2862 2050 3098 2135 impios
3154 2062 3223 2119 et
3321 2051 3710 2137 lasphemos.
3833 2051 4136 2120 Calvinus
4190 2063 4407 2137 patro-

2455 2136 2624 2202 cinio
2667 2156 2801 2202 non
2846 2157 3007 2220 opus
3052 2137 3251 2202 habet
3292 2146 3523 2204 contra
3567 2147 3699 2205 tam
3746 2137 3979 2205 insana
4023 2140 4256 2222 capita.

2624 2221 2773 2307 Ego
2817 2225 2971 2289 novi
3010 2221 3277 2289 Lutheri
3312 2223 3650 2308 impetum.
3709 2222 3889 2306 Quid
3933 2226 4111 2290 enim
4148 2232 4409 2310 poterat

2456 2306 2804 2374 absurdius
2848 2309 3041 2375 scribi
3086 2310 3159 2374 in
3212 2310 3473 2376 ruinam
3530 2318 3905 2375 nostrarum
3962 2311 4406 2385 ecclesiarum,

2454 2415 2651 2477 quam
2697 2394 2869 2478 quod
2911 2393 2992 2461 ad
3034 2414 3240 2480 pagos
3279 2398 3527 2462 conseri
3578 2406 3719 2461 tum
3764 2395 3846 2462 ab
3890 2418 3965 2462 eo
4007 2395 4179 2462 fuit?
4279 2397 4408 2461 'Pa-

2453 2501 2564 2546 ceo
2624 2479 2704 2545 de
2767 2481 2994 2546 formis
3058 2481 3367 2565 loquendi
3431 2483 3544 2565 qui
3592 2503 3670 2548 us
3736 2483 3946 2548 utitur
4009 2484 4079 2548 in
4144 2484 4407 2565 negotio

2453 2565 2905 2643 eucharistiae,
2950 2588 3115 2651 quae
3156 2577 3313 2633 sunt
3367 2567 3985 2652 portentosissimae.
4088 2569 4179 2634 Et
4233 2568 4405 2652 quod

2452 2653 2715 2737 scripsit
2757 2651 2837 2718 de
2881 2673 3018 2718 non
3059 2652 3381 2720 mutanda
3431 2676 3724 2740 unquam
3781 2657 4125 2721 sententia.
4218 2653 4409 2735 Quae

2453 2759 2610 2804 sane
2655 2738 2967 2805 deberent
3004 2760 3231 2806 omnes
3275 2761 3660 2825 permovere
3718 2749 3793 2806 ut
3851 2740 4186 2808 hominem
4242 2738 4409 2806 iudi-

2450 2832 2675 2891 carent
2740 2832 2876 2890 toto
2988 2846 3213 2891 rorsus
3280 2847 3500 2892 errare
3566 2812 3762 2893 coelo.
3886 2826 4111 2893 Nolim
4176 2838 4405 2892 tamen

2451 2931 2600 2976 eum
2662 2910 2887 2977 haberi
2994 2913 3379 2991 aereticum,
3443 2933 3649 2997 neque
3702 2913 4005 2979 ecclesias
4096 2935 4217 2979 uas
4274 2915 4404 2977 for-

2451 2997 2661 3062 mavit
2702 2997 3087 3077 haereticas,
3143 3019 3341 3081 quum
3403 2999 3605 3065 sciam
3667 3019 3708 3063 a
3757 3000 4015 3066 novisse
4117 2999 4407 3065 ominem

2452 3105 2523 3150 se
2545 3084 2824 3150 nimium
2856 3082 3081 3162 fuisse,
3116 3106 3238 3151 nec
3261 3087 3560 3152 reiecisse
3581 3107 3704 3153 con
3730 3087 4050 3153 essionem
4077 3085 4405 3154 Basilien-

2452 3190 2641 3248 sem,‹
2678 3192 2798 3236 nec
2862 3172 3169 3238 ecclesias
3235 3191 3400 3256 quae
3478 3193 3621 3238 eam
3697 3180 4032 3239 tenerent:
4099 3182 4168 3239 ct
4231 3172 4407 3257 quod

2450 3267 2672 3322 motus
2716 3257 2810 3322 ita
2854 3257 3054 3323 fuerit
3111 3256 3304 3324 video
3339 3257 3491 3324 inde
3547 3258 3915 3344 profectum
3958 3258 4150 3343 quod,
4205 3268 4281 3323 ut
4334 3258 4407 3324 in

2458 3340 2888 3410 Carolostadio
2960 3343 3392 3427 deprehendit
3469 3344 3791 3428 quaedam
3878 3367 4046 3428 quae
4120 3347 4407 3411 multum

2452 3430 2728 3494 aberant
2774 3451 2812 3495 a
2854 3429 3000 3496 viro
3044 3428 3333 3496 studioso
3378 3430 3622 3513 gloriae
3666 3430 3920 3496 Christi
3975 3439 4043 3496 et
4085 3431 4193 3515 qui
4250 3453 4407 3497 vere

2452 3513 2747 3580 studeret
2783 3514 3216 3581 aedificationi
3260 3527 3328 3580 et
3382 3515 3547 3616 paci,
3603 3514 3777 3581 idem
3835 3515 3916 3582 de
3973 3517 4122 3582 aliis
4179 3519 4404 3597 sensit,

2451 3608 2519 3666 et
2558 3607 2824 3666 tantum
2866 3600 2992 3666 sibi
3035 3602 3237 3668 verba
3271 3600 3414 3667 dan
3455 3603 3734 3687 putavit,
3792 3623 3992 3686 quum
4038 3603 4212 3667 ultro
4259 3625 4404 3686 pro-

2449 3707 2730 3771 pensum
2772 3685 3109 3752 hominem
3145 3687 3537 3774 instigarent
3573 3687 3874 3773 improba
3907 3686 4196 3755 flabella:
4243 3689 4405 3754 adeo

2450 3785 2528 3837 ut
2575 3771 2745 3837 nihil
2802 3773 3031 3838 audire
3085 3794 3299 3858 neque
3358 3772 3583 3840 videre
3638 3775 3996 3840 sustineret
4040 3775 4169 3842 nisi
4228 3775 4405 3841 unde

2449 3859 2662 3944 magis
2707 3858 2975 3925 accendi
3019 3870 3255 3944 posset.
3366 3857 3699 3925 Calvinum
3757 3882 3966 3927 unum
4021 3883 4103 3926 ex
4163 3865 4409 3934 nostris

2449 3953 2710 4012 tantum
2754 3967 2886 4010 non
2933 3967 3166 4030 passus
3223 3955 3341 4022 est,
3399 3967 3634 4011 verum
3689 3947 3890 4012 etiam
3948 3948 4175 4032 magni
4230 3949 4404 4029 feeit,

2448 4052 2661 4115 neque
2718 4032 2790 4096 in
2866 4033 3087 4097 virum
3161 4032 3359 4096 verbo
3426 4033 3532 4097 vel
3598 4035 3842 4115 scripto
3907 4033 4206 4100 invectus
4283 4042 4401 4099 est.

2449 4115 2676 4198 Quum
2718 4117 2868 4201 lego
2912 4118 3084 4201 apud
3133 4117 3493 4197 Luthemm,
3540 4119 3711 4201 quod
3762 4120 3815 4184 si
3862 4118 4170 4186 Christus
4214 4140 4401 4202 prae-

2450 4224 2603 4268 sens
2646 4223 2880 4286 panem
2926 4204 3292 4287 porrigeret
3348 4206 3483 4270 suis
3536 4205 3741 4287 ipsius
3783 4205 4108 4283 manibus,
4156 4226 4402 4286 suoque

2449 4308 2562 4354 ore
2618 4288 2996 4371 loqueretur
3052 4311 3123 4354 se
3177 4289 3334 4355 dare
3392 4311 3627 4373 corpus
3686 4312 3900 4368 suum,
3962 4292 4018 4354 si
4075 4292 4404 4372 accipiens

2450 4396 2583 4439 non
2630 4374 2925 4439 crederet
2969 4376 3176 4440 nihilo
3238 4378 3457 4442 minus
3532 4379 3885 4460 acciperet,
3946 4377 4136 4442 video
4205 4376 4401 4459 longe

2452 4460 2644 4526 aliam
2706 4462 3102 4527 sententiam
3168 4463 3294 4527 viri
3361 4483 3559 4546 quam
3631 4463 3781 4528 alibi
3861 4463 4065 4526 verba
4142 4473 4397 4540 sonent,

2452 4553 2520 4612 et
2585 4554 2773 4612 extra
2824 4547 3332 4621 contentionem,
3398 4549 3510 4615 ubi
3576 4550 3868 4632 pacatius
3949 4547 4108 4631 quid
4174 4548 4403 4614 credat

2450 4632 2695 4711 scribit,
2738 4633 3214 4700 attendendum
3256 4641 3416 4717 puto
3458 4637 3670 4719 magis
3715 4655 3911 4717 quam
3972 4635 4084 4698 ubi
4136 4643 4399 4698 tantum

2495 4740 2538 4783 ιι
2637 4735 2722 4783 at.

2447 4741 2492 4804 P
2541 4740 2757 4870 g'nSed
2794 4825 2923 4870 non
2958 4813 3216 4891 oportet
3253 4827 3358 4871 me
3392 4807 3550 4872 haec
3585 4804 3759 4888 apud
3797 4814 3861 4870 te
3897 4807 4151 4880 afferre,
4188 4828 4396 4888 quum

2446 4892 2626 4976 pacis
2669 4898 2740 4956 et
2781 4890 3251 4959 aedificationis
3294 4895 3384 4958 sis
3429 4891 3934 4970 amantissimus,
3995 4901 4065 4958 et
4105 4893 4215 4975 qui
4258 4915 4400 4959 cor—

2450 4978 2634 5044 datos
2674 4986 2740 5042 et
2784 4998 3053 5046 veraces
3093 5000 3290 5056 ames,
3337 4985 3406 5043 et
3433 4999 3567 5045 non
3612 4979 3824 5062 possis
3867 5000 3999 5042 non
4043 4977 4399 5044 abhorrere

2448 5083 2489 5128 a
2530 5063 2820 5129 moribus
2874 5070 3013 5130 tam
3070 5064 3478 5149 perditorum
3523 5064 4017 5149 hypocritarum
4062 5073 4131 5128 et
4183 5067 4396 5130 homi-

2450 5171 2615 5215 num
2657 5160 2793 5216 tam
2835 5149 3104 5230 levium,
3160 5150 3271 5235 qui
3316 5171 3477 5216 sane
3521 5150 3812 5217 sentient
3864 5151 4019 5233 quid
4077 5165 4278 5236 agant
4329 5165 4401 5216 et

2448 5256 2640 5319 quem
2706 5243 3199 5320 persequantur.
3311 5236 3382 5303 Is
3445 5239 3556 5322 qui
3621 5233 4021 5320 proditorem
4083 5258 4214 5302 non
4282 5237 4395 5302 diu

2398 5315 2404 5386 Ι
2449 5321 2605 5388 tulit
2643 5330 2864 5405 aperte
2897 5319 3107 5389 malos
3129 5323 3475 5390 ducentem
3510 5322 3595 5389 ad
3639 5322 4025 5406 capiendum
4050 5322 4394 5390 Christum
