4850 6200
341 476 413 538 53
932 476 953 487 ⁶
2004 476 2165 536 1554
2206 471 2667 540 FEBRUAR„
4229 484 4314 544 54

334 660 641 743 insignem
712 658 912 723 vestri
966 677 1350 742 progressus
1414 657 1805 740 aequitatem
1872 657 2259 743 intelligant.

334 746 466 813 Non
530 743 642 808 hic
700 743 942 827 privati
1000 743 1131 808 odii
1185 751 1252 808 et
1305 740 1657 808 simultatis
1724 754 1920 826 atque
1976 742 2264 809 invidiae

334 850 547 896 causas
570 830 967 894 nominatim
990 829 1358 901 recensebo.
1381 850 1543 912 quas
1565 829 1866 894 omnibus
1889 829 2051 894 satis
2077 838 2264 895 notas

332 938 465 983 esse
486 916 826 981 existimo:
863 914 978 980 sed
1001 914 1289 980 hominis
1312 914 1752 980 detentionem
1793 926 1859 979 et
1886 935 2265 998 processum

332 1023 516 1087 quam
559 1000 945 1066 brevissime
988 1009 1056 1066 et
1097 1000 1439 1066 verissime
1479 1007 1706 1084 potero
1748 1001 2079 1065 enarrabo,

486 1086 781 1152 Michael
870 1085 1160 1151 Sewdus
1243 1086 1720 1151 Villanovanus
1823 1087 2266 1152 'Pari-aconen-

332 1175 442 1251 sis,
500 1172 791 1238 medicae
841 1173 1000 1236 artis
1048 1172 1513 1254 peritissimus,
1570 1172 1821 1236 Lucam
1892 1171 2078 1237 illum
2132 1193 2269 1236 me-

332 1261 567 1335 dicum,
629 1260 816 1323 euius
876 1258 1161 1341 plurima
1200 1258 1272 1322 in
1317 1257 1657 1341 evangelio
1701 1256 1846 1322 laus
1889 1265 2008 1335 est,
2053 1258 2269 1323 imita-

332 1360 442 1426 tus,
485 1366 697 1427 quum
741 1343 1095 1428 plurimum
1141 1344 1405 1427 ingenio
1449 1343 1719 1421 valeret,
1765 1352 1830 1407 et
1866 1343 1946 1408 de
1991 1343 2266 1408 veritate

330 1432 658 1514 religionis
704 1429 1023 1493 mundum
1068 1429 1456 1494 tumultuari
1500 1448 1621 1493 nec
1665 1450 1795 1493 non
1840 1429 2267 1512 plurimorum

332 1519 581 1601 scriptis
628 1526 695 1580 et
737 1515 1181 1581 voluminibus
1233 1514 1525 1580 infarciri
1571 1516 1727 1579 satis
1774 1535 1968 1598 aegre
2013 1516 2267 1596 conspi-

331 1613 513 1677 ceret,
554 1603 847 1666 animum
887 1622 1077 1665 suum
1118 1600 1199 1664 ad
1238 1622 1456 1666 sacras
1492 1602 1714 1666 literas
1750 1600 2024 1666 subinde
2063 1611 2271 1665 trans-

330 1689 509 1763 tulit,
570 1690 643 1751 in
702 1688 925 1769 eisque
984 1708 1179 1752 omne
1237 1708 1429 1751 suum
1488 1686 1775 1751 studium
1822 1696 1891 1750 et
1932 1688 2269 1770 ingenium

234 1786 241 1795 '
328 1772 679 1841 collocavit.
700 1772 757 1857 ²)
844 1772 1197 1855 Quumque
1242 1772 1660 1837 Lutheranos
1717 1781 1784 1836 et
1825 1772 2270 1856 Zwinglianos

328 1876 387 1925 et
426 1859 737 1943 Papistas
780 1856 860 1921 de
904 1858 1330 1924 caeremoniis
1370 1860 1660 1925 externis
1703 1868 1769 1922 et
1804 1859 2034 1922 ritibus
2078 1866 2271 1940 atque

330 1948 611 2029 primatu
670 1943 1017 2028 digladiari
1075 1954 1522 2027 cognosceret,
1590 1944 1844 2009 interea
1901 1964 2056 2008 vero
2101 1945 2272 2009 circa

328 2035 453 2096 veri
515 2042 585 2094 et
643 2030 883 2094 summi
942 2029 1069 2093 Dei
1127 2052 1246 2094 nec
1306 2050 1435 2093 non
1497 2029 1765 2094 Domini
1824 2030 1976 2094 Iesu
2022 2029 2272 2095 Christi

328 2118 433 2182 filii
478 2118 623 2181 eius
668 2115 995 2198 unigeniti
1037 2116 1474 2199 cognitionem
1511 2126 1577 2179 et
1610 2115 2043 2180 substantiam
2081 2126 2273 2197 atque

326 2204 638 2285 mysteria
672 2202 837 2265 falso
874 2212 937 2264 ct
974 2202 1172 2283 impie
1209 2202 1576 2278 convenire,
1616 2201 1953 2284 aliquanto
1997 2200 2271 2284 diligen-

328 2292 447 2353 tius
508 2309 652 2352 rem
710 2287 993 2352 scrutari
1047 2288 1285 2369 coepit,
1347 2309 1422 2352 ac
1481 2284 1561 2351 de
1622 2309 1771 2352 vero
1818 2288 1958 2351 Deo
2014 2298 2078 2351 et
2133 2286 2272 2351 eius

326 2376 449 2439 filio
496 2396 581 2438 ex
631 2374 1105 2455 scripturarum
1148 2372 1328 2437 fonte
1364 2373 1585 2436 omnia
1620 2374 1939 2438 maturius
1982 2371 2272 2438 conside-

324 2482 480 2525 rare.
578 2458 871 2524 Tandem
919 2459 1030 2523 ubi
1073 2480 1142 2523 se
1188 2456 1436 2540 aliquid
1481 2459 1649 2540 quod
1711 2459 2019 2523 universo
2064 2458 2273 2523 chris-

323 2548 498 2610 tiano
558 2546 742 2629 gregi
810 2544 1223 2626 profuturum
1281 2554 1453 2609 esset
1514 2557 1931 2627 assequutum
1994 2543 2269 2626 putavit,

324 2632 565 2696 librum
604 2630 684 2695 de
712 2629 1066 2696 Erroribus
1115 2631 1431 2694 trinitatis
1477 2631 1713 2705 emisit,
1740 2632 1792 2707 ³)
1837 2631 1908 2694 in
1953 2651 2078 2713 quo
2123 2650 2270 2693 sen-

323 2719 599 2782 tentiam
646 2718 726 2781 de
749 2717 892 2781 Deo
939 2728 1008 2780 et
1028 2717 1153 2781 Dei
1197 2717 1328 2780 filio
1373 2716 1575 2780 libere
1619 2715 1987 2798 explicavit,
2033 2715 2271 2780 doeens

324 2825 521 2868 unum
574 2814 833 2867 tantum
879 2801 1430 2885 simplicissimum
1480 2803 1712 2880 Deum,
1754 2822 1963 2882 neque
2005 2802 2269 2878 trinum,

324 2912 533 2973 neque
582 2890 992 2965 trinomium,
1049 2910 1257 2969 neque
1318 2887 1633 2963 divisum,
1694 2908 1902 2969 neque
1956 2887 2270 2968 composi-

324 2986 478 3053 tum,
528 2975 778 3039 scilicet
822 2988 1157 3039 aeternum
1206 2975 1391 3037 illum
1432 2984 1682 3056 patrem
1719 2982 1784 3036 et
1828 2973 2270 3047 monarcham,

324 3083 539 3126 rerum
602 3062 891 3126 omnium
953 3070 1279 3136 autorem,
1340 3081 1457 3143 per
1518 3060 1787 3126 verbum
1848 3067 1915 3123 et
1969 3058 2271 3142 spiritum
2322 3046 2326 3067 ¹

324 3170 503 3213 suum
548 3149 768 3212 omnia
802 3147 1306 3228 dispensantem,
1345 3169 1462 3211 nee
1500 3168 1627 3210 non
1668 3159 1733 3209 et
1768 3148 2028 3210 unicum
2066 3146 2271 3227 ipsius

324 3233 441 3297 Dei
486 3234 724 3308 filium,
766 3233 987 3297 Iesum
1026 3232 1364 3298 Christum
1411 3232 1594 3295 illum
1642 3255 1724 3296 ex
1769 3232 2025 3314 virgine
2069 3230 2272 3294 Davi-

326 3319 457 3384 dica
504 3327 758 3396 natum,
826 3339 1038 3400 neque
1083 3318 1283 3382 alium
1331 3318 1535 3382 filium
1582 3318 1711 3382 Dei
1751 3316 2145 3381 invisibilem
2191 3337 2274 3380 ex

324 3406 667 3488 seripturis
722 3404 1005 3468 ostendi:
1084 3404 1293 3468 multa
1350 3405 1618 3488 insuper
1677 3404 1805 3468 alia
1870 3411 2159 3468 tractans
2211 3412 2278 3466 et

326 3493 661 3556 affirmans
719 3511 883 3573 quae
940 3490 1306 3554 recentibus
1364 3487 1821 3572 scriptoribus,
1889 3489 2274 3571 praesertim

326 3575 824 3643 Genevensibus
860 3597 1019 3657 quos
1057 3575 1164 3640 ille
1204 3577 1588 3640 nominatim
1627 3574 2042 3659 arguebat,⁴)
2081 3595 2276 3656 quam

326 3664 611 3727 maxime
656 3661 1090 3744 displicerent.
1158 3660 1352 3726 Unde
1398 3664 1699 3725 commoti
1743 3660 1841 3723 illi
1886 3668 2083 3742 atque
2126 3659 2274 3722 irri-

324 3749 456 3827 tati,
507 3770 630 3813 nec
675 3748 871 3812 talem
920 3747 1223 3831 spiritum
1262 3745 1510 3812 diutius
1544 3748 1714 3811 ferre
1757 3745 2064 3820 valentes,
2111 3744 2275 3810 odiis

323 3835 666 3899 calumniis
711 3831 964 3898 insidiis
1010 3834 1311 3916 persequi
1353 3854 1486 3896 non
1533 3831 1940 3897 destiterunt.
2022 3830 2274 3911 Quum-

326 3941 442 4001 que
486 3921 602 3984 ille
648 3921 719 3984 in
756 3919 1095 4002 gallicanis
1131 3919 1507 4001 regionibus
1544 3941 1613 3983 se
1649 3919 1794 4001 plus
1832 3918 2031 3981 nimio
2066 3917 2275 3999 premi

326 4006 597 4084 videret,
644 4005 1032 4086 nullumque
1076 4005 1195 4068 sibi
1242 4005 1454 4068 locum
1497 4025 1615 4087 per
1668 4001 2071 4068 aemulorum
2116 4002 2274 4067 insi-

324 4091 459 4158 dias
514 4092 822 4157 relictum
895 4092 1002 4155 ubi
1071 4111 1339 4154 securus
1395 4089 1630 4172 degere
1698 4097 1940 4172 posset,
2012 4086 2275 4152 tandem

206 4263 215 4272 .
325 4199 541 4243 secum
599 4180 671 4241 in
726 4176 947 4242 animo
1007 4176 1240 4240 statuit
1282 4176 1354 4239 in
1397 4175 1662 4240 Italiam
1721 4175 2001 4239 transire
2059 4174 2276 4256 ibique

322 4263 649 4346 reliquum
710 4283 867 4328 suae
920 4263 1097 4327 vitae
1166 4272 1421 4344 tempus
1492 4260 1869 4343 transigere.
1894 4264 1946 4340 ⁵)
2041 4258 2145 4324 Ita
2194 4279 2277 4324 ue

324 4348 611 4415 collectis
655 4347 1002 4414 sarcinulis
1045 4355 1550 4430 comparataque
1609 4368 1694 4410 ex
1752 4346 1947 4411 rebus
1990 4353 2057 4410 et
2088 4345 2163 4409 la
2208 4366 2275 4408 o-

324 4435 504 4500 ribus
549 4434 691 4498 suis
757 4434 1094 4517 aliquanta
1137 4435 1413 4516 pecunia
1457 4432 1678 4497 itineri
1722 4453 1793 4497 se
1833 4432 2273 4496 infortunatus

324 4520 643 4600 accinxit,
724 4529 791 4585 et
855 4519 1195 4585 Genevam
1279 4521 1563 4602 primum
1638 4519 2012 4601 incognitus
2070 4519 2272 4581 venit.

324 4604 553 4689 Neque
599 4608 775 4670 enim
819 4605 899 4671 de
945 4605 1115 4669 malo
1160 4604 1422 4670 illorum
1477 4625 1634 4688 erga
1690 4625 1759 4670 se
1817 4605 2033 4668 animo
2090 4601 2274 4667 dubi-

325 4690 541 4772 tabat,
620 4691 736 4757 sed
802 4690 1221 4774 evangelicae
1302 4691 1558 4773 pietatis
1624 4698 1691 4754 et
1753 4687 2273 4754 mansuetudinis

336 4867 505 4874 *σω--..α-
550 4869 609 4874 0—

876 4897 905 4924 ὁ·

534 4981 595 5047 2)
635 4981 724 5036 De
773 4981 984 5038 Serve&
1026 4982 1225 5038 studiis
1273 4982 1482 5037 baeticis
1523 4981 1650 5046 fuse
1695 4980 1954 5034 disseruit
2010 4978 2065 5030 V.
2104 4977 2180 5030 D.
2216 4979 2276 5033 in

324 5049 693 5120 Hilgenfeld&
724 5049 829 5104 ZS.
863 5051 905 5116 f.
954 5049 1125 5104 Theol.
1164 5048 1314 5103 1875.
1352 5051 1392 5105 1.

534 5119 590 5186 3)
631 5119 721 5173 De
760 5120 1123 5174 Restitutione
1154 5117 1551 5176 christianismi'
1582 5117 1673 5171 hic
1705 5115 1858 5171 niba.

536 5188 598 5248 4)
638 5188 760 5243 Hoc
791 5187 856 5241 in
890 5189 1029 5242 libro
1064 5188 1132 5243 de
1178 5187 1467 5242 Trinitatis
1509 5187 1787 5241 erroribus
1822 5185 2035 5238 minime
2067 5183 2278 5249 factum

326 5262 558 5340 coastat,
593 5273 781 5312 cmm
817 5257 1027 5311 mam
1060 5260 1121 5312 in
1164 5257 1432 5326 Epistolis
1479 5256 1557 5309 ad
1596 5254 1882 5310 Calvinum
1922 5252 2284 5308 Restitutioni

537 5366 600 5462 55
646 5394 783 5450 viae
822 5393 959 5463 epp.
998 5393 1156 5450 vm.
1192 5392 1307 5447 ⁷49.
1344 5391 1461 5447 πο.

2364 660 2684 726 nonnulla
2726 680 2841 743 spe
2884 661 3341 739 confirmatus,
3411 670 3478 724 et
3535 682 3605 726 se
3648 682 3785 727 non
3825 663 4044 748 palam
4088 666 4320 766 cogni-

2365 755 2511 811 tum
2553 747 2638 810 iri
2691 745 3078 825 arbitratus,
3145 755 3221 810 ut
3278 767 3394 829 per
3449 744 3870 814 Sedunenses
3921 750 3993 814 in
4047 746 4318 819 Italiam

2367 853 2563 916 quam
2619 832 2931 897 citissime
2953 834 3009 914 ⁸)
3068 831 3450 916 emigraret,
3508 832 3635 897 iter
3690 854 3884 899 suum
3940 834 4091 902 illae
4149 838 4314 903 satis

2365 917 2714 983 infeliciter
2757 918 3152 982 instituerat.
3243 917 3554 983 Genevae
3610 926 3828 984 autem
3882 943 4086 1007 quum
4143 933 4318 988 esset

2367 1002 2649 1086 paenula
2727 1010 2793 1068 et
2853 1002 3024 1086 pileo
3099 1010 3315 1067 tectus
3381 1004 3873 1070 concionantem
3935 1008 4318 1073 ministrum

2367 1089 2646 1174 pedibus
2711 1090 2846 1154 suis
2912 1096 3094 1154 stans
3174 1087 3521 1171 diligenter
3577 1089 3846 1155 audivit.
3955 1092 4207 1158 Verum
4274 1114 4317 1160 a

2368 1173 2705 1239 nonnullis
2751 1175 3048 1259 cognitus
3093 1182 3158 1239 et
3205 1174 3501 1239 detectus
3559 1195 3634 1240 eo
3685 1175 3828 1258 ipso
3873 1174 3976 1240 die
4021 1198 4324 1262 eompre—

2368 1260 2617 1325 hensus
2661 1267 2727 1324 et
2769 1259 3012 1326 carceri
3055 1259 3547 1326 commendatus
3579 1260 3720 1325 fuit.
3789 1261 3924 1327 Res
3960 1262 4052 1328 sic
4088 1264 4318 1329 habet:

2545 1346 2890 1412 Accititius
2935 1344 3199 1429 quidam
3260 1345 3563 1411 minister
3621 1354 3734 1410 aut
3790 1348 4072 1412 ministri
4131 1370 4315 1431 puer,

2371 1433 2520 1509 imo,
2569 1440 2642 1495 ut
2675 1431 2966 1516 plerique
3011 1431 3213 1506 aiunt,
3270 1431 3475 1514 ipsius
3520 1430 3928 1498 ecclesiastae
3973 1454 4238 1517 coquus,
4253 1438 4318 1513 Ἴ)

2370 1519 2828 1601 magistratum
2885 1516 3046 1582 adiit
3099 1538 3431 1601 exponens
3488 1516 3712 1583 adesse
3767 1517 3900 1583 illie
3954 1518 4317 1584 haeresiar-

2371 1603 2564 1668 cham
2611 1602 2931 1667 Servetum
2982 1603 3096 1686 qui
3156 1603 3632 1668 sanctissimam
3679 1603 4039 1669 trinitatem
4083 1623 4316 1687 perne-

2371 1696 2557 1839 ἕνα
2612 1698 2679 1752 et
2721 1689 3082 1754 Cerberum
3140 1690 3488 1771 tricipitem
3536 1689 3924 1771 appellaret,
3989 1689 4056 1753 in
4102 1690 4316 1774 ipsam

2441 1794 2708 1838 enevam
2760 1783 2825 1838 et
2868 1775 3009 1839 eius
3050 1775 3379 1839 ministros
3401 1784 3713 1858 perpetuo
3758 1776 4314 1853 contumeliosum,

2372 1870 2438 1925 et
2482 1860 2791 1944 pleraque
2835 1859 2964 1924 alia
3007 1860 3087 1925 de
3133 1862 3395 1924 homine
3440 1861 3852 1945 magistratui
3898 1859 4314 1942 persuadens,

2372 1947 2640 2010 viatoris
2685 1947 2806 2010 sibi
2851 1946 3100 2030 copiam
3146 1947 3282 2010 fieri
3322 1946 3658 2027 postulans
3703 1958 3776 2009 ut
3820 1946 4158 2010 confestim
4204 1946 4316 2011 de-

2372 2032 2726 2107 tineretur,
2783 2053 2866 2095 ne
2921 2030 3052 2095 ullo
3106 2042 3293 2114 paeto
3351 2031 3517 2095 elabi
3570 2040 3816 2114 posset,
3884 2052 3954 2097 se
4010 2052 4156 2096 cum
4199 2032 4316 2109 illo

2373 2119 2740 2183 carceribus
2799 2118 3079 2181 offerens
3150 2117 3355 2181 donec
3411 2118 3674 2199 utrique
3738 2118 3840 2181 ius
3899 2119 4098 2182 fieret.
4204 2102 4318 2182 Sic

2374 2204 2548 2267 enim
2595 2203 2729 2267 illic
2773 2203 2992 2268 nescio
3028 2223 3152 2285 quo
3197 2223 3375 2266 more
3413 2214 3744 2284 receptum
3792 2213 3893 2267 est
3928 2212 4001 2266 ut
4045 2204 4318 2284 quicun-

2373 2310 2500 2372 que
2543 2290 2926 2372 peregrinus
2971 2296 3037 2351 et
3079 2288 3336 2351 advena
3378 2287 3529 2351 illae
3572 2289 3898 2353 transiens
3955 2290 4160 2370 possit
4200 2309 4320 2371 per

2374 2375 2670 2456 quemvis
2728 2375 2929 2438 alium
2987 2373 3068 2438 de
3124 2373 3354 2455 quovis
3412 2374 3581 2439 facto
3641 2374 3838 2437 etiam
3897 2373 4069 2456 apud
4113 2372 4318 2438 Indos

2374 2468 2631 2543 patrato
2675 2460 2985 2542 postulari
3041 2467 3107 2524 et
3149 2480 3299 2523 reus
3343 2460 3482 2522 fieri
3503 2507 3518 2533 ,
3577 2458 3923 2523 dummodo
3982 2468 4320 2525 accusator

2376 2566 2446 2609 se
2509 2546 2734 2610 talioni
2803 2545 3148 2610 subiiciens
3206 2542 3434 2608 offerat
3491 2564 3560 2607 se
3615 2566 3748 2608 una
3805 2565 3951 2610 cum
4020 2555 4321 2610 accusato

2374 2629 2685 2695 iudicium
2747 2640 2812 2695 et
2870 2650 3210 2696 censuram
3271 2629 3427 2695 dicti
3481 2631 3904 2713 magistratus
3950 2650 4018 2694 se
4063 2630 4132 2693 in
4177 2650 4322 2694 car-

2375 2716 2630 2781 ceribus
2675 2715 3063 2794 subiturum,
3124 2715 3327 2780 donec
3369 2726 3642 2797 uterque
3687 2715 3794 2779 vel
3840 2716 4153 2778 alteruter
4198 2716 4324 2778 sibi

2376 2823 2750 2951 spogsorem
2797 2803 3090 2867 inveniat
3144 2802 3223 2864 de
3268 2803 3394 2864 iuri
3440 2800 3670 2865 stando
3715 2800 3820 2864 vel
3876 2799 4159 2865 iudicato
4205 2821 4324 2883 pa-

2375 2909 2489 2952 ren
2540 2909 2594 2952 0.

2549 2973 2743 3037 Nunc
2787 2971 3005 3036 audite
3060 2972 3479 3055 tragoediam.
3572 2971 3825 3035 Probus
3870 2970 4171 3034 minister
4214 2968 4324 3034 vel

2378 3080 2625 3142 coquus
2688 3058 3017 3144 postulato
3077 3079 3187 3123 reo
3242 3057 3580 3124 confestim
3628 3076 4006 3139 sponsorem
4051 3055 4323 3120 adinve-

2378 3147 2510 3222 nit,
2576 3167 2824 3229 pauper
2886 3145 3174 3209 Servetus
3239 3144 3419 3208 nullo
3484 3156 3742 3224 reperto
3807 3142 4184 3206 fideiussore
4249 3141 4322 3204 in

2377 3251 2669 3298 carceres
2714 3231 2882 3295 male
2930 3230 3316 3304 detruditur,
3383 3230 3563 3294 illinc
3605 3250 3738 3292 non
3783 3232 4078 3293 exiturus
4122 3226 4325 3291 donee

2379 3317 2460 3381 de
2503 3317 2674 3401 pelle
2719 3338 2840 3381 sua
2884 3316 3270 3380 nundinatio
3318 3325 3688 3399 peragatur.
3779 3313 4133 3378 Accusator
4177 3333 4324 3395 per-

2378 3415 2647 3467 sonatus
2689 3402 2860 3468 facto
2904 3401 3068 3466 liber
3125 3412 3192 3465 et
3234 3421 3501 3466 securus
3561 3400 3789 3464 evasit.
3877 3399 4068 3464 Nunc
4113 3398 4328 3480 qualis

2378 3510 2611 3554 scenae
2656 3489 2984 3566 introitus,
3031 3487 3340 3569 dispicite.
3413 3485 3672 3565 Quaeso
3717 3505 3852 3558 vos,
3897 3485 3986 3567 pii
4031 3492 4097 3548 et
4140 3483 4324 3547 nullo

2378 3576 2615 3639 affectu
2659 3573 2910 3656 polluti,
2970 3573 3026 3637 si
3072 3582 3405 3637 accusator
3445 3573 3514 3634 in
3561 3570 3818 3654 capitali
3866 3590 4063 3634 causa
4104 3567 4330 3634 debuit

2378 3659 2864 3724 fideiussoribus
2908 3658 3216 3723 liberari?
3269 3659 3322 3721 si
3377 3657 3606 3720 talioni
3651 3655 3999 3720 obstrictus
4043 3656 4184 3718 iure
4227 3653 4326 3717 di-

2378 3747 2551 3809 mitti
2617 3744 2856 3827 potuit,
2925 3764 3038 3808 reo
3102 3742 3469 3808 carceribus
3529 3741 3945 3824 mancipato?
4037 3739 4212 3820 Quid
4267 3739 4328 3804 si

2384 3831 2651 3896 Michael
2709 3831 3045 3912 aequiores
3102 3838 3169 3893 et
3226 3837 3434 3892 rectos
3490 3826 3736 3892 iudices
3781 3837 4012 3891 nactus
4057 3826 4327 3890 univer-

2380 3918 2536 3983 salis
2575 3917 2831 3982 concilii
2876 3914 3201 3981 sententia
3258 3911 3691 3978 absolvendus
3749 3913 3976 3977 fuisset
4028 3920 4096 3976 et
4138 3931 4329 3976 accu-

2380 4011 2556 4068 sator
2591 4002 2853 4067 talionis
2893 4022 3104 4084 poena
3138 3998 3487 4076 feriendus,
3531 3996 3850 4080 numquid
3887 4007 3953 4063 et
3985 3996 4331 4062 fideiussor

2381 4089 2462 4154 ad
2508 4088 2849 4171 capitalem
2885 4107 3162 4171 poenam
3199 4095 3467 4150 vocatus
3505 4082 3720 4149 esset?
3769 4083 4084 4166 numquid
4128 4102 4328 4166 spon-

2379 4196 2488 4239 sor
2532 4172 2611 4238 ad
2658 4174 2958 4237 flammas
3004 4170 3346 4248 deductus,
3404 4171 3688 4235 alienum
3732 4169 3984 4234 facinus
4024 4188 4141 4234 suo
4185 4187 4329 4232 cor·-

2380 4282 2535 4343 pore
2592 4257 2928 4323 luiturus?
3016 4257 3218 4340 Atqui
3294 4269 3570 4321 naturae
3633 4257 3836 4332 ratic,
3905 4257 4194 4338 aequitas
4260 4263 4328 4316 et

2378 4346 2543 4410 iuris
2617 4366 2894 4411 censura
2972 4344 3123 4408 huic
3206 4343 3418 4408 ordini
3494 4340 3929 4422 refragantur.
4050 4339 4331 4405 Constat

2379 4433 2554 4496 enim
2601 4451 2718 4514 pro
2762 4441 3137 4496 accusatore
3181 4429 3441 4512 capitali
3486 4448 3863 4510 sponsorem
3909 4447 4022 4490 seu
4066 4422 4331 4489 fideius-

2379 4538 2593 4581 sorem
2641 4514 3086 4599 recipiendum
3144 4537 3273 4579 non
3321 4535 3493 4590 esse,
3552 4513 3667 4578 sed
3724 4513 3940 4595 ipsum
4000 4531 4133 4574 una
4175 4529 4330 4574 cum

2378 4624 2490 4667 reo
2534 4603 2860 4686 postulato
2904 4600 3330 4682 personaliter
3374 4597 3822 4674 detinendum,
3869 4598 4070 4660 donec
4115 4594 4196 4660 de
4236 4594 4330 4659 al·

2377 4689 2690 4753 terutrius
2734 4688 3004 4752 crimine
3050 4685 3156 4751 vel
3188 4687 3566 4751 innocentia
3608 4684 3800 4767 plene
3845 4682 4176 4765 cognitum
4222 4682 4328 4747 sit.

2377 4773 2637 4839 Videtis
2694 4773 2900 4857 igitur
2952 4771 3141 4854 quale
3198 4773 3395 4836 fuerit
3448 4770 3709 4835 initium
3766 4765 4117 4834 Servetani
4175 4787 4328 4850 pro·

2378 4881 2631 4935 cessus,
2713 4867 2956 4942 quanta
3019 4859 3369 4941 aequitatis
3412 4865 3515 4922 ,et
3579 4855 3864 4920 iustitiae
3938 4853 4328 4918 observatio.

2377 4946 2524 5010 Iam
2578 4954 2736 5029 puto
2792 4965 2910 5009 vos
2979 4964 3402 5031 progressum
3459 4941 3901 5022 reliquamque
3958 4938 4332 5022 tragoediae

2585 5184 2641 5251 6)
2691 5185 3021 5240 Tremelius
3057 5184 3094 5235 1.
3134 5182 3235 5236 228
3282 5197 3400 5234 eum
3441 5195 3545 5248 per
3591 5185 3756 5232 totum
3805 5193 4033 5231 mensem
4084 5176 4336 5231 Genevoee

2377 5259 2762 5309 commoratum
2795 5254 2972 5320 fuisse
3003 5254 3123 5305 sins
3155 5258 3282 5305 teste
3307 5250 3566 5318 perhibet.
3687 5301 3698 5313 ,

2587 5322 2638 5389 7)
2681 5323 2804 5377 Nic.
2841 5324 2908 5377 de
2940 5323 2998 5376 la
3039 5321 3327 5382 Fontaine‚
3365 5319 3492 5373 olim
3531 5316 3764 5372 Falkeii
3797 5317 4144 5382 domesticus,
4181 5330 4336 5369 nunc

2386 5390 2609 5447 Gal-vini
2643 5391 2820 5458 (Tom-
2862 5392 3012 5447 VIII.
3049 5387 3190 5456 727).

3857 5467 3924 5523 4*
