4850 6200
529 408 657 473 815

1406 591 1608 662 282⁰.

998 746 1538 814 BERGERIUS
1585 747 2021 813 CALVINO.

710 920 1121 1002 Splendidam
1191 918 1367 983 Petri
1425 920 1785 985 Alexandri
1844 920 2109 1002 eloyium
2173 940 2311 985 cum
2375 922 2477 985 de·

531 1008 892 1159 mezzanae}-
907 1008 1159 1089 primae
1211 1004 1289 1069 ab
1341 1026 1408 1071 eo
1448 1006 1848 1089 Aryenlorati
1888 1007 2218 1071 celebratae
2258 1027 2481 1072 coenae

534 1264 688 1329 (ond.
725 1264 891 1317 Paris.
929 1263 1126 1333 Dupuy
1167 1261 1285 1331 102,
1332 1263 1447 1384 fqhb
1471 1260 1554 1313 95.
1621 1262 1992 1396 {apographon
2041 1280 2073 1314 a
2108 1263 2316 1316 mendis
2367 1281 2474 1317 non

1391 1349 1407 1383 1
1449 1347 1618 1383 erum.

532 1504 806 1571 Carolus
829 1503 1187 1587 Bergerius
1215 1506 1260 1577 ¹)
1285 1504 1366 1567 D.
1391 1502 1628 1566 Ioanni
1652 1500 1929 1566 Calvino
1965 1500 2214 1567 doctori
2247 1525 2364 1567 suo
2402 1502 2474 1569 S.

706 1677 856 1740 Non
925 1676 1104 1757 potui
1174 1695 1305 1738 non
1373 1673 1454 1738 ad
1492 1690 1556 1737 te
1622 1675 1922 1751 scribere,
1970 1673 2179 1739 fidelis
2225 1673 2477 1738 Christi

531 1763 849 1838 minister,
899 1760 1234 1824 ecclesiam
1291 1774 1581 1823 nostram
1642 1760 1851 1841 pridie
1909 1760 2132 1824 Nonas
2174 1758 2476 1825 Octobris

533 1849 725 1913 istius
769 1849 834 1910 in
875 1867 1077 1909 unum
1117 1847 1494 1911 convenisse
1538 1844 1618 1907 ad
1654 1844 2036 1910 edendum*
2080 1846 2477 1912 dominicam

531 1952 833 2001 coenam:
881 1931 1074 2012 idque
1111 1931 1370 1995 hortatu
1406 1943 1470 1994 et
1506 1936 1745 1996 sanctis
1781 1932 2187 1997 suasionibus
2230 1933 2475 2013 episco-

576 2041 763 2083 orum
829 2030 1199 2081 nostrorum
1260 2016 1794 2099 praecedentibus
1853 2022 1885 2079 7
1950 2017 2179 2083 diebus
2223 2017 2477 2100 publice

530 2042 795 2179 habitis,
843 2106 907 2166 in
941 2103 1171 2184 quibus
1217 2104 1318 2166 vir
1362 2102 1470 2167 ille
1515 2103 1664 2167 fidei
1710 2104 1940 2186 plenus
1995 2104 2237 2169 Petrus
2282 2105 2475 2168 Alex-

532 2193 727 2256 ander
793 2192 981 2253 statis
1050 2189 1226 2252 horis
1276 2188 1356 2252 de
1413 2198 1817 2253 sacramento
1875 2200 2060 2253 tanto
2121 2199 2188 2253 et
2221 2190 2362 2254 eius
2407 2192 2477 2253 vi

532 2279 692 2341 scite
738 2286 804 2337 et
846 2274 1066 2338 subtili
1114 2276 1371 2356 ingenio
1407 2274 1620 2356 palam
1667 2274 1993 2351 disseruit,
2045 2275 2208 2339 nihil
2252 2297 2476 2339 eorum

532 2383 700 2443 quae
745 2361 824 2424 ad
873 2382 1010 2423 rem
1073 2361 1361 2424 facerent
1400 2362 1869 2442 (probatiorum
1918 2360 2259 2425 hominum
2305 2360 2475 2424 iudi-

532 2449 677 2519 ciis)
738 2448 1063 2522 omittens‚
1112 2467 1260 2511 cum
1287 2449 1574 2528 profectu
1623 2460 1843 2510 nostro
1867 2447 2109 2510 maiore
2154 2456 2221 2511 et
2265 2448 2475 2511 incre-

532 2533 712 2596 dibili
783 2532 1062 2595 nominis
1119 2532 1221 2595 sui
1278 2531 1841 2597 commendatione
1899 2545 1966 2596 et
2015 2532 2241 2614 gloria,
2279 2554 2473 2614 quam

528 2617 673 2683 Deo
740 2618 861 2682 soli
907 2630 1233 2699 acceptam
1282 2618 1424 2682 iure
1462 2620 1677 2682 refert.
1771 2618 1883 2681 Sic
1927 2619 2106 2681 enim
2151 2640 2476 2683 marmore

530 2704 810 2769 antehac
855 2704 1145 2767 duriores
1180 2703 1588 2784 quorundam
1635 2716 2003 2767 nostrorum
2049 2705 2296 2770 animos
2341 2705 2474 2768 leni

530 2803 596 2855 et
651 2787 893 2855 blanda
948 2812 1067 2853 sua
1123 2791 1415 2853 oratione
1475 2787 1798 2853 demulsit.
1871 2788 2097 2854 Rudes
2144 2804 2359 2854 autem
2407 2800 2476 2854 et

528 2877 825 2940 infirmas
871 2873 1082 2940 adhuc
1126 2875 1197 2937 in
1243 2876 1351 2939 via
1397 2875 1661 2938 Domini
1697 2885 1950 2940 mentes
2009 2877 2148 2940 eius
2191 2876 2473 2941 clemen-

529 2962 623 3026 tia
668 2962 1097 3035 confirmavit,
1143 2961 1481 3037 stabilivit,
1526 2961 1705 3035 fovit,
1753 2972 1825 3024 ut
1858 2962 2022 3026 bene
2066 2972 2474 3045 comparatas

529 3046 611 3113 ad
678 3046 1296 3112 communicandum
1374 3056 1632 3112 sanctae
1700 3047 1968 3112 Domini
2043 3049 2255 3113 nostri
2317 3048 2473 3114 Iesu

526 3133 780 3199 Christi
824 3153 1065 3198 coenae
1101 3154 1176 3197 eo
1222 3131 1343 3210 die,
1388 3132 1647 3199 indiciis
1683 3132 1764 3197 ad
1801 3132 2240 3216 probationem
2278 3135 2472 3199 indu·

525 3219 749 3285 bitatis
813 3228 880 3282 et
934 3219 1081 3283 luce
1145 3218 1545 3296 clarioribus,
1611 3217 1988 3302 expeditum
2047 3219 2142 3283 illi
2187 3219 2473 3285 fuerit*.

527 3304 717 3370 Nihil
739 3305 1014 3368 mirum:
1064 3324 1267 3385 quum
1311 3304 1486 3369 enim
1530 3303 1770 3370 iudicia
1790 3305 1917 3370 Dei
1954 3305 2283 3370 horrenda
2326 3329 2475 3372 con-

525 3387 965 3457 culcatoribus
1008 3389 1346 3474 sanguinis
1392 3392 1762 3455 test-amenti
1811 3393 1957 3456 vivo
1993 3391 2122 3456 Dei
2169 3390 2364 3457 verbo
2408 3403 2475 3458 et

526 3476 877 3541 autoritate
913 3475 1183 3556 spiritus
1227 3478 1436 3542 sancti
1483 3475 1897 3541 audientibus
1945 3479 2197 3543 cunctis
2240 3480 2308 3542 in
2352 3501 2473 3561 pu·

531 3562 769 3628 blicam
830 3564 1161 3626 notionem
1208 3561 1505 3638 deferret,
1544 3563 1688 3645 quis
1733 3573 1867 3626 tam
1911 3563 2081 3627 elato
2126 3564 2473 3646 supercilio

528 3648 636 3713 vel
683 3648 1170 3714 incredulorum
1217 3647 1390 3712 enim
1416 3651 1450 3687 ⁴*
1493 3648 1910 3713 moveretur?
1990 3650 2319 3715 Labeates
2358 3671 2472 3715 au-

530 3741 668 3798 tem
714 3743 781 3796 et
824 3742 1274 3798 consternatas
1313 3755 1516 3816 paene
1560 3744 1814 3800 mentes
1858 3735 2302 3800 misericordia
2345 3738 2473 3801 Dei

531 3819 756 3884 statim
815 3821 1087 3883 resectas
1136 3820 1228 3883 ita
1285 3820 1736 3884 exstimulavit
1777 3820 2219 3886 inflammavit
2262 3831 2328 3885 et
2364 3844 2471 3888 ac·

529 3906 749 3969 cendit
789 3907 857 3968 in
884 3905 1006 3969 Dei
1032 3904 1407 3988 Christique
1442 3907 1581 3970 eius
1624 3907 1984 3984 caritatem,
2030 3921 2105 3971 ut
2147 3908 2226 3971 ad
2267 3931 2467 3973 unum

526 3991 664 4055 fere
708 4011 934 4055 omnes
980 3991 1091 4072 qui
1139 3990 1484 4056 adstabant
1530 4013 1682 4072 prae
1728 3990 1964 4075 gaudio
2020 3992 2323 4058 subortae
2366 3994 2468 4058 lu-

526 4077 619 4143 cis
667 4077 959 4141 homines
1003 4077 1589 4160 illacrymarentur.
1659 4079 2103 4143 Densissimae
2146 4079 2469 4161 siquidem

526 4163 1016 4228 contentionum
1074 4165 1379 4227 tenebrae
1438 4174 1570 4227 toto
1625 4165 1760 4228 fere
1804 4166 2249 4246 sesquimestri
2295 4166 2467 4232 hanc

526 4249 852 4333 copiosam
889 4247 1230 4312 hominum
1254 4248 1739 4313 multitudinem
1786 4271 1869 4315 ex
1905 4252 2103 4316 variis
2129 4252 2467 4316 nationum

525 4336 876 4400 conflatam
932 4335 1283 4417 generibus
1335 4334 1723 4399 obtexerant
1777 4336 2058 4420 amplius
2104 4359 2300 4420 quam
2346 4359 2468 4420 par

527 4431 688 4499 erat,
753 4421 822 4484 in
888 4419 1194 4486 ecclesiae
1260 4421 1387 4485 Dei
1454 4421 1835 4486 scandalum
1909 4444 2038 4487 non
2097 4422 2462 4489 dicendum.

524 4505 703 4572 Huic
747 4516 964 4570 autem
1006 4505 1310 4587 pestifero
1343 4507 1567 4571 morbo
1605 4508 1957 4572 multorum
2003 4508 2257 4575 iudiciis
2292 4510 2464 4575 insa·

527 4591 730 4658 nabili
773 4589 1072 4655 medetur
1097 4591 1421 4656 Dominus
1466 4613 1581 4674 per
1604 4593 2043 4659 Alexandrum
2086 4596 2466 4661 ministrum

525 4700 736 4743 suum.
816 4677 945 4741 Hic
1001 4697 1283 4759 namque
1346 4676 1483 4741 zelo
1542 4679 1809 4743 Domini
1858 4680 2216 4747 secundum
2260 4681 2468 4747 scien·

526 4763 688 4828 tiam
732 4784 934 4846 quum
958 4771 1135 4828 totus
1179 4762 1437 4828 arderet
1478 4785 1693 4829 coram
1716 4766 1861 4831 Deo
1904 4767 1975 4831 in
1999 4765 2280 4844 Christo,
2326 4788 2465 4830 ma·

527 4851 744 4913 tutina
810 4848 936 4913 diei
998 4848 1172 4914 illius
1229 4850 1522 4914 oratione
1584 4851 1676 4916 sic
1741 4853 1992 4917 cunctis
2050 4853 2464 4918 audientibus

525 4934 936 5018 loquebatur:
1027 4934 1488 5019 Unusquisque
1531 4945 1823 5002 vestrum
1868 4960 1908 5002 a
1960 4939 2161 5002 fratre
2205 4958 2322 5004 suo
2360 4939 2458 5004 vel

530 5187 720 5243 2820.
747 5189 798 5253 1)
847 5190 1071 5244 Videtur
1099 5191 1275 5256 fuitne
1308 5190 1504 5246 Gallus
1537 5194 1889 5262 Arqentorati
1921 5194 2117 5264 deqens
2149 5196 2214 5250 ob
2248 5195 2462 5265 reliyio·

526 5273 646 5392 aevu..
664 5259 1016 5394 Πιένῆζιιφω,
1093 5259 1329 5324 sonasse
1398 5263 1577 5327 frater
1646 5263 1804 5318 Petri
1869 5264 2121 5333 Berqerii
2197 5267 2464 5335 martyris

2035 405 2553 473 EPIS'POLAE
2599 412 3021 477 2820—2322

4398 418 4523 479 816

2581 599 2791 664 alieno
2858 602 3054 665 etiam
3106 620 3559 684 quamcunque
3614 601 3695 666 ab
3739 600 3849 665 illo
3893 607 4225 684 acceptam
4270 602 4525 684 gravis-

2582 687 2810 749 simam
2860 687 3166 750 iniuriam
3213 708 3428 752 nonne
3472 708 3649 751 nunc
3693 687 3788 751 illi
3832 687 4111 750 remittit
4154 707 4235 751 ex
4287 688 4524 768 animo,

2582 782 2649 835 et
2706 773 3103 837 reconciliati
3164 778 3322 837 estis
3378 774 3679 850 invicem,
3724 773 3911 855 quasi
3971 774 4042 836 in
4089 784 4366 837 mortem
4410 793 4525 856 pa-

2583 858 2754 921 rati?
2843 859 2969 923 Cui
3016 857 3269 941 publice
3313 859 3650 940 respondit
3692 878 3826 922 uno
3882 879 3994 923 ore
4049 858 4322 922 ecclesia
4376 859 4525 923 uni-

2583 965 2805 1008 versa:
2853 947 3091 1009 Amen.
3182 950 3267 1008 20.
3306 944 3638 1027 Numquid
3681 944 3964 1008 Domino
4008 943 4129 1008 soli
4164 944 4526 1009 secundum

2581 1032 2721 1094 eius
2766 1030 2976 1113 legem
3013 1032 3084 1094 in
3123 1039 3398 1112 utroque
3442 1050 3559 1094 suo
3604 1030 4088 1112 promulgatam
4132 1040 4524 1095 testamento

2578 1117 2905 1180 inservire
2942 1139 3112 1182 nunc
3147 1116 3545 1181 deliberatis:
3610 1117 3738 1180 Cui
3783 1116 4202 1199 congregatio
4247 1117 4525 1180 subiun-

2578 1203 2710 1265 xit:
2802 1207 3025 1266 Amen.
3117 1206 3199 1266 3⁰.
3250 1205 3490 1266 Annon
3536 1224 3576 1265 a
3618 1202 3888 1265 minimo
3929 1222 4134 1284 usque
4178 1200 4261 1266 ad
4314 1204 4524 1266 maxi-

2580 1308 2759 1351 mum
2818 1287 3012 1353 hodie
3075 1287 3399 1354 confiditis
3456 1308 3684 1352 omnes
3749 1287 3997 1351 remitti
4063 1297 4130 1351 et
4174 1287 4528 1353 condonari

2581 1370 2820 1438 delicta
2874 1386 3094 1438 vestra
3159 1374 3357 1438 solius
3425 1374 3551 1438 Dei
3604 1373 4046 1438 misericordia
4097 1394 4214 1455 per
4256 1375 4525 1439 unicum

2579 1459 2999 1524 mediatorem
3068 1461 3192 1524 Dei
3257 1472 3320 1524 et
3390 1460 3722 1523 hominum
3783 1459 4000 1523 Iesum
4046 1457 4408 1537 Christum,
4451 1460 4526 1525 in

2581 1565 2708 1628 quo
2768 1546 2905 1610 solo
2952 1545 3244 1610 fidelium
3295 1545 3475 1611 salus
3518 1546 3871 1609 constituta
3914 1544 4058 1609 cst?
4150 1543 4278 1610 Cui
4324 1546 4526 1610 etiam

2582 1630 2920 1714 respondit
2973 1632 3273 1697 ecclesia:
3390 1634 3619 1696 Amen.
3703 1630 4066 1695 Subiunxit
4111 1640 4355 1714 postea,
4423 1653 4523 1697 se-

2581 1715 2872 1782 cundum
2916 1719 3039 1783 sibi
3084 1716 3397 1783 creditam
3420 1728 3808 1800 potestatem
3848 1718 3916 1780 in
3963 1718 4210 1782 virtute
4254 1719 4524 1799 spiritus

2581 1806 2808 1881 sancti,
2877 1814 3084 1867 ratam
3149 1826 3289 1868 esse
3355 1813 3422 1867 et
3464 1804 3776 1867 illibatam
3820 1802 4004 1866 illam
4055 1801 4204 1867 fidei
4262 1814 4525 1869 nostrae

2581 1892 3061 1954 attestationem
3088 1910 3303 1954 coram
3332 1889 3465 1953 Deo
3487 1898 3555 1952 et
3576 1890 3825 1971 angelis
3848 1891 4006 1966 eius,
4032 1889 4389 1971 donarique
4416 1910 4523 1953 no·

2581 1975 2679 2039 bis
2703 1976 3135 2041 admissorum
3172 1976 3461 2039 omnium
3489 1977 3747 2039 veniam
3784 1976 4131 2040 criminum
4167 1976 4230 2037 in
4256 1973 4523 2040 Christo

2580 2060 2751 2126 Iesu.
2839 2062 2966 2126 Cui
3010 2062 3312 2127 similiter
3356 2060 3840 2143 respondimus:
3886 2063 4123 2127 Amen.
4192 2059 4320 2126 Ubi
4364 2082 4523 2126 vero

2579 2158 2964 2230 perorasset,
2988 2148 3179 2212 iussit
3214 2158 3287 2211 ut
3322 2168 3441 2212 nos
3477 2146 3560 2212 ad
3581 2169 3871 2211 mensam
3930 2147 4272 2211 coelestem
4319 2151 4523 2212 intre-

2580 2232 2718 2316 pidi
2757 2233 2982 2297 ordine
3021 2232 3473 2299 accederemus
3508 2234 3768 2297 fruituri
3814 2234 4102 2316 corporis
4148 2242 4215 2297 et
4258 2235 4523 2317 sangui-

2578 2321 2682 2383 nis
2727 2318 2980 2384 Christi
3022 2329 3202 2385 certa
3246 2320 3737 2403 participatione
3794 2320 3860 2382 in
3918 2320 4118 2383 vitam
4165 2326 4519 2384 aeternam.

2580 2405 2769 2469 Illius
2835 2404 3007 2471 dicto
3076 2426 3322 2470 morem
3384 2416 3687 2489 gerentes
3735 2403 4244 2469 admonebamur
4278 2406 4522 2489 singuli

2580 2493 2907 2574 privatim,
2954 2503 3099 2556 tum
3145 2492 3227 2555 ab
3271 2491 3381 2556 illo
3427 2512 3626 2573 quum
3673 2494 3874 2555 etiam
3918 2489 4188 2555 diacono
4234 2492 4519 2572 Loqueto,

2581 2589 2652 2640 ut
2720 2580 2948 2642 mortis
3012 2589 3076 2641 et
3120 2579 3441 2659 passionis
3485 2578 3636 2641 Iesu
3680 2576 3923 2639 Christi
3969 2575 4262 2642 subesset
4307 2597 4519 2642 recor·

2580 2662 2772 2727 datio,
2846 2665 3022 2727 Dum
3059 2662 3221 2729 hacc
3258 2673 3578 2745 geruntur
3622 2663 3810 2726 multi
3847 2662 4122 2727 Davidis
4167 2663 4518 2727 decantan-

2579 2765 2692 2813 tur
2735 2751 2969 2831 psalmi
3016 2771 3055 2812 a
3098 2749 3415 2828 fidelibus,
3442 2748 3644 2814 donec
3681 2770 3845 2832 opus
3888 2760 4189 2831 coeptum
4234 2749 4520 2814 Domino

2579 2836 2857 2917 propitio
2900 2846 3419 2900 consummatum
3456 2844 3643 2900 esset.
3712 2832 3907 2915 Quod
3950 2835 4208 2916 quidem
4252 2844 4519 2917 propter

2577 2921 2913 2985 hominum
2961 2922 3393 3004 frequentiam
3424 2921 3505 2985 ad
3549 2920 3956 2985 undecimam
3994 2930 4251 2985 tantum
4290 2923 4518 3004 peragi

2573 3016 2848 3091 poterat,
2909 3007 3185 3073 subinde
3242 3008 3471 3091 gratiis
3528 3009 3810 3072 Domino
3852 3006 4107 3089 publice
4141 3009 4301 3072 actis
4344 3008 4518 3090 quod

2575 3115 2694 3178 per
2715 3093 3054 3160 Christum
3099 3116 3295 3160 suum
3331 3105 3428 3158 tot
3472 3094 3800 3176 tantisque
3823 3094 4011 3168 donis
4034 3115 4152 3159 sua
4172 3092 4520 3160 clementia

2575 3202 2697 3246 nos
2741 3179 3125 3265 dignaretur
3171 3181 3402 3245 valere.
3471 3180 3550 3244 In
3597 3201 3673 3244 eo
3708 3181 3923 3244 iussi*
3965 3201 4190 3245 sumus
4234 3202 4352 3263 per
4393 3182 4517 3244 mi-

2575 3269 2856 3334 nistrum
2905 3277 3201 3331 nostrum
3225 3267 3667 3330 Alexandrum
3709 3265 3790 3329 ad
3835 3267 4111 3348 primam
4150 3287 4353 3348 usque
4396 3265 4517 3331 ho-

2576 3373 2737 3428 ram,
2806 3352 3092 3417 audituri
3159 3353 3239 3417 ab
3306 3373 3382 3416 eo
3446 3352 3702 3434 publice
3755 3353 3876 3417 loci
3919 3352 4097 3417 illius
4141 3352 4517 3417 catechismi

2574 3439 3180 3521 interpretationem
3259 3438 3555 3515 fidelem,
3643 3439 3787 3519 quis
3865 3439 4115 3503 fructus
4192 3439 4516 3522 passionis

2575 3524 2727 3589 Iesu
2773 3524 3027 3589 Christi
3072 3524 3153 3588 ad
3198 3523 3421 3588 fideles
3454 3525 3836 3588 demanarit.
3895 3525 4277 3606 Scripturas
4320 3524 4516 3590 istius

2575 3611 2764 3675 nodis
2809 3613 3101 3694 apertius
3137 3619 3205 3674 et
3240 3612 3707 3693 perfectissime
3750 3611 4059 3674 reseratio
4078 3612 4135 3682 2)
4182 3610 4378 3675 tertia
4413 3632 4516 3675 se-

2576 3698 2765 3779 quuti
2810 3697 2973 3761 hora
3018 3698 3098 3761 D.
3137 3696 3482 3779 Loquetum
3521 3697 3602 3759 ad
3649 3696 3941 3778 quintam
3986 3717 4187 3779 usque
4229 3696 4336 3778 pie
4382 3696 4516 3761 dis·

2575 3793 2898 3848 serentem
2965 3783 3336 3846 audivimus
3384 3782 3463 3847 de
3509 3783 3646 3847 loco
3703 3782 3817 3846 illo
3863 3784 4107 3865 primae
4154 3782 4329 3846 Petri
4372 3802 4511 3864 cap.

2577 3874 2648 3932 3:
2705 3870 3010 3934 Praestat
3068 3871 3243 3932 enim
3289 3868 3764 3943 benefaciendo,
3811 3870 3867 3932 si
3911 3869 4005 3931 ita
4045 3869 4175 3933 fert
4206 3868 4511 3933 voluntas

2574 3956 2718 4031 Dei,
2760 3956 2897 4039 pati
2920 3976 3113 4037 quam
3136 3953 3617 4032 malefaciendo,
3644 3955 3798 4038 quia
3819 3954 4126 4019 Christus
4169 3961 4290 4020 etc.
4357 3953 4508 4020 Sin-

2576 4043 2733 4126 gula
2776 4041 2879 4106 his
2924 4040 3176 4124 legibus
3220 4042 3341 4105 tibi
3385 4040 3701 4105 tradenda
3742 4040 4058 4104 iudicavi:

2743 4180 2925 4232 Macte
2963 4179 3064 4232 Dei
3100 4178 3302 4230 virtute
3339 4196 3519 4243 senex,
3534 4177 3583 4241 ³)
3624 4195 3730 4245 qno
3766 4195 4011 4247 quaeque
4046 4178 4292 4247 probaris

2880 4247 3111 4300 Numine
3147 4264 3245 4315 pro
3281 4263 3434 4300 sacro
3468 4248 3579 4299 sint
3612 4247 3875 4299 imitanda
3906 4248 4054 4300 mihi.

2743 4318 3024 4384 Quumque
3061 4317 3212 4384 prior
3247 4316 3466 4369 Christo
3503 4316 3760 4369 coelestia
3794 4322 3905 4368 tem
3945 4315 3998 4368 la
4033 4316 4283 4380 dicasset,

2877 4385 3131 4437 Partibus
3168 4383 3269 4437 in*
3304 4386 3421 4438 istis
3455 4386 3629 4453 gloria
3662 4402 3857 4452 magna
3929 4395 4066 4437 atur.

2741 4454 2818 4506 Te
2854 4470 3047 4522 precor
3082 4460 3143 4506 nt
3178 4455 3386 4521 coeptis
3421 4454 3602 4506 faveas
3638 4470 3758 4507 cum
3792 4453 3950 4507 lande
3985 4454 4232 4507 secundis

2875 4523 2962 4576 Sic
2997 4530 3243 4577 nostrum
3276 4539 3491 4591 semper
3526 4524 3754 4591 quisque
3790 4524 3982 4576 beatus
4018 4524 4138 4577 erit.

3201 4643 3623 4726 Argentorati
3666 4643 3925 4793 5⁰VI‹llus
3968 4641 4270 4710 Octobris
4322 4650 4503 4711 1555.

3771 4749 3810 4792 a
3835 4750 3887 4794 e.

2769 4953 2827 5020 2)
2863 4953 2909 5007 le
2945 4969 2999 5006 e:
3032 4953 3305 5005 reseratis.

2769 5023 2827 5090 3)
2910 5023 3149 5076 aloinum
3184 5024 3367 5089 ipsum
3403 5019 3470 5075 de
3500 5022 3625 5074 visu
3657 5034 3816 5075 nosse
3846 5036 3959 5075 non
3992 5019 4223 5089 videtur,
4258 5027 4372 5078 m
4406 5036 4504 5077 aa·

2564 5107 2697 5146 num
2731 5095 2928 5146 aetatis
2962 5089 3031 5144 47
3067 5098 3323 5159 agentem.
