4850 6200
464 437 591 500 635

466 624 745 688 lentium
788 620 1093 685 omnibus
1134 616 1577 694 indicendum,
1634 627 1705 682 et
1754 617 2056 682 futurum
2116 630 2190 681 ut
2241 615 2416 682 edito

468 710 639 775 libro
703 728 931 772 omnes
995 703 1514 771 contradicentes
1578 713 1913 768 mutarent
1987 703 2414 768 sententiam:

469 795 630 879 quin
664 798 749 874 ¹²)
802 804 1193 876 argumenta
1245 789 1446 856 Bella·
1509 788 1916 854 evomebant.
2023 788 2196 853 Nam
2262 788 2417 854 huic

472 881 814 945 hominum
886 877 1115 960 generi
1190 876 1512 959 contingit
1574 874 1747 957 quod
1811 873 2062 939 Davidi
2133 874 2417 957 Georyio,

474 966 697 1043 Boino,
769 963 1133 1041 Castaliam,
1200 962 1311 1044 qui
1376 962 1705 1027 somniant
1768 982 1994 1026 omnes
2060 961 2131 1023 in
2189 981 2418 1025 eorum

473 1053 869 1119 sententiam
921 1051 1126 1114 ituros
1182 1062 1297 1112 aut
1338 1068 1608 1130 prorsus
1665 1047 2009 1130 perituros,
2056 1044 2308 1111 Satana
2347 1048 2419 1111 in

469 1141 630 1223 ipsis
676 1150 911 1221 agente
954 1144 1023 1201 et
1066 1136 1188 1200 sibi
1234 1133 1561 1198 tribuente
1606 1154 1684 1198 ea
1721 1153 1887 1215 quae
1929 1146 2086 1198 sunt
2119 1131 2265 1209 Dei,
2313 1133 2420 1197 cui

470 1245 699 1290 omnes
778 1230 1057 1306 pareant
1132 1230 1393 1301 oportet
1470 1228 1586 1284 aut
1664 1229 1940 1301 pereant
1972 1220 2055 1293 ¹³)
2131 1217 2417 1283 tandem.

471 1311 650 1376 Sane
713 1311 770 1373 si
835 1306 1008 1391 quod
1076 1307 1359 1390 parturit
1418 1306 1740 1370 Tossanus
1799 1327 1948 1371 cum
2014 1305 2152 1370 suis
2217 1305 2419 1370 semel

470 1395 804 1480 pepererit
847 1405 914 1459 et
956 1394 1365 1459 confirmarit
1408 1414 1477 1457 se
1520 1392 1594 1454 in
1641 1400 1773 1455 tam
1819 1391 2199 1473 perniciosis
2242 1412 2419 1455 erro-

472 1483 656 1548 ribus
697 1481 943 1546 frustra
986 1477 1251 1543 tandem
1308 1477 1699 1553 adnitemur,
1761 1479 2171 1560 potissimum
2217 1499 2421 1559 quum

472 1568 754 1635 Boinum
820 1564 1009 1631 valde
1075 1565 1321 1647 probet,
1390 1564 1500 1645 qui
1567 1565 1781 1646 pergit
1838 1585 2095 1646 semper
2158 1564 2422 1628 mentiri

472 1656 845 1738 confingere
892 1651 1203 1718 simulare
1247 1664 1313 1714 et
1355 1649 1789 1726 dissimulare,
1850 1671 2093 1731 negare
2137 1663 2201 1714 et
2244 1652 2421 1714 affir-

471 1762 656 1806 mare
720 1738 888 1803 nihil
954 1736 1277 1802 formidat.
1397 1736 1719 1800 Tossunus
1784 1757 1824 1799 a
1889 1757 2090 1817 puero
2158 1737 2421 1801 mentiri

473 1828 713 1908 volupe
771 1823 977 1888 duxit.
1067 1823 1364 1887 Accessit
1417 1822 1914 1897 canonicorum,
1974 1823 2083 1904 qui
2143 1821 2422 1905 improbi

473 1922 631 1978 sunt
694 1931 893 1992 supra
958 1928 1185 1973 omnes
1241 1908 1351 1990 qui
1408 1907 1501 1971 cis
1560 1907 1764 1989 Alpes
1831 1916 2059 1991 agunt,
2128 1907 2421 1990 perfidia,

474 1998 649 2063 inter
693 2016 855 2078 quos
898 1996 1059 2079 egit,
1119 2008 1192 2058 ut
1235 2003 1487 2059 taceam
1531 1994 2023 2058 romanismum.
2114 1994 2308 2059 Nunc
2354 2016 2425 2059 se

473 2083 781 2148 adiunxit
823 2081 1126 2146 anatibus
1167 2081 1277 2162 qui
1335 2092 1598 2144 anatem
1643 2093 1957 2144 revocant
2012 2092 2086 2143 ut
2128 2095 2312 2144 natet
2353 2082 2425 2145 in

475 2171 660 2251 aquis
695 2171 774 2243 ¹⁴)
822 2167 1140 2232 mendacii
1186 2168 1251 2230 in
1300 2166 1534 2247 quibus
1593 2180 1907 2247 perpetuo
1953 2178 2178 2249 agunt.
2268 2166 2426 2231 Ideo

476 2253 820 2319 mendaces
884 2251 1164 2335 improbi
1223 2250 1392 2315 nihil
1456 2252 1668 2333 magis
1728 2264 2044 2317 verentur
2108 2273 2305 2334 quam
2349 2264 2428 2317 ιιι

476 2351 953 2424 cognoscantur
997 2348 1061 2402 et
1118 2337 1190 2401 in
1246 2338 1457 2403 lucem
1501 2338 1790 2401 veniant.
1879 2338 2107 2403 Fucus
2159 2339 2429 2404 Tossani

475 2427 573 2491 ita
617 2426 1003 2508 perstrinxit
1045 2444 1290 2501 omnes,
1338 2435 1568 2488 utnon
1592 2423 1784 2488 modo
1821 2423 2154 2489 officiariis
2200 2447 2426 2489 verum

476 2513 677 2577 etiam
720 2510 1032 2575 fratribus
1075 2510 1408 2586 omnibus,
1470 2510 1664 2573 etiam
1710 2510 2174 2576 oculatioribus
2218 2512 2428 2594 impo-

476 2598 698 2662 suerit.
790 2596 1009 2677 Quum
1056 2597 1275 2660 omnia
1320 2595 1494 2660 facta
1538 2596 1782 2660 fuerint
1825 2619 1907 2661 ex
1959 2597 2230 2662 Tossani
2276 2617 2427 2661 sen-

474 2686 700 2760 tentia,
752 2683 986 2748 nolunt
1029 2682 1321 2747 officiarii
1359 2692 1505 2746 acta
1540 2679 1858 2757 damnari,
1900 2684 2033 2747 imo
2072 2705 2155 2747 ne
2191 2685 2428 2765 attingi

474 2770 756 2853 quidem.
851 2768 1164 2844 Sulcerus,
1211 2768 1337 2832 etsi
1381 2767 1658 2850 probare
1703 2788 1836 2832 non
1884 2782 2098 2851 potest
2141 2769 2312 2852 quod
2357 2770 2427 2834 in

474 2856 791 2921 fratribus
852 2857 988 2939 egit
1048 2855 1400 2931 Tossanus,
1467 2863 1691 2918 tamen
1749 2854 1904 2936 quia
1950 2855 2259 2921 Nicolaus
2319 2857 2429 2938 qui

475 2964 545 3007 se
595 2941 939 3007 Claudium
986 2948 1193 3017 vocat,
1229 2939 1315 3023 ¹⁵)
1361 2939 1473 3022 qui
1528 2942 1597 3003 in
1641 2951 1895 3023 patrem
1940 2942 2247 3008 eduxisse
2289 2943 2431 3026 gla-

475 3029 658 3094 dium
718 3026 958 3092 dicitur
1017 3027 1349 3091 occisurus
1401 3045 1551 3089 eum
1606 3046 1726 3110 per
1789 3047 1982 3108 quem
2041 3027 2148 3094 hic
2207 3028 2432 3093 vivere

474 3116 707 3198 coepit,
747 3125 1016 3179 vocatus
1051 3123 1151 3176 est
1185 3132 1225 3176 a
1252 3112 1546 3186 Tessano,
1586 3134 1736 3177 cum
1772 3114 2084 3196 improbis
2117 3115 2316 3198 impie
2345 3120 2431 3189 ¹⁸)

474 3200 658 3284 loqui
721 3200 1012 3283 coeperit
1076 3211 1144 3262 et
1219 3197 1609 3262 insolentius
1674 3203 2111 3266 contrectavit
2178 3202 2433 3285 puellas

476 3287 744 3368 aliquot,
789 3306 826 3350 6
868 3284 1106 3366 quibus
1150 3304 1280 3347 una
1322 3285 1528 3347 fertur
1574 3282 1893 3349 Germani
1939 3296 2008 3351 et
2045 3288 2233 3354 aulae
2275 3308 2433 3354 con-

477 3371 828 3437 cionatoris
871 3369 1109 3452 puella,
1165 3381 1241 3433 ut
1282 3368 1412 3433 alia
1471 3381 1720 3435 taceam
1778 3392 1942 3454 quae
1995 3395 2080 3438 ex
2125 3375 2272 3440 aliis
2328 3394 2433 3438 re-

478 3459 645 3523 scire
668 3465 871 3539 petes,
918 3457 1030 3539 qui
1076 3469 1321 3521 norunt
1362 3467 1430 3519 et
1474 3454 1836 3522 educarunt
1880 3457 2235 3538 hominem,
2281 3462 2436 3543 quia

476 3544 680 3609 verba
719 3544 929 3626 magis
972 3564 1168 3624 quam
1214 3549 1503 3606 mentem
1549 3551 1731 3607 tenet
1776 3542 2053 3621 Lutheri,
2113 3555 2180 3612 et
2220 3547 2435 3628 impa-

476 3638 709 3695 natum
751 3629 972 3694 Deum
1018 3627 1164 3692 vult
1207 3628 1408 3706 tueri,
1465 3627 1611 3692 ideo
1654 3628 1866 3694 bonus
1909 3640 2012 3696 est
2056 3653 2131 3698 ac
2175 3633 2437 3717 integer

478 3716 710 3781 frater:
757 3736 959 3798 quum
1004 3716 1058 3781 si
1097 3716 1178 3792 17)
1231 3715 1553 3779 'rossanus
1595 3714 1881 3797 aliquam
1927 3717 2183 3783 dederit
2226 3719 2433 3802 signi-

479 3803 848 3866 ficationem
907 3800 1080 3884 quod
1147 3801 1219 3864 in
1279 3800 1448 3865 hanc
1511 3802 1735 3865 flectat
1798 3805 2209 3882 sententiam,
2276 3825 2434 3869 mox

477 3888 701 3952 omnia
743 3886 907 3951 bene
952 3886 1308 3952 habebunt.
1384 3885 1578 3965 Quod
1623 3908 1782 3951 sane
1825 3889 1980 3953 olim
2026 3889 2433 3972 deprehendi

478 3983 547 4038 et
599 3975 818 4038 virum
886 3972 1215 4051 admonui,
1281 3981 1348 4036 et
1406 3973 1533 4037 nisi
1595 3972 1785 4037 fallor
1825 3973 2100 4040 Beatum
2156 3998 2428 4060 quoque.

476 4059 648 4123 Nam
695 4059 817 4124 hoc
853 4057 1044 4123 valde
1088 4058 1311 4123 nocuit
1353 4058 1644 4123 ecclesiis
1689 4058 1847 4124 dum
1889 4071 2155 4145 propter
2200 4062 2429 4128 Lume-

475 4166 621 4209 rum
663 4145 1087 4228 probavimus
1132 4164 1262 4209 non
1309 4141 1696 4226 probandos,
1756 4147 1889 4211 imo
1947 4169 2217 4231 prorsus
2274 4151 2427 4216 reii-

477 4229 759 4298 ciendos.
828 4229 987 4295 Ideo
1024 4250 1159 4295 non
1197 4229 1481 4294 multum
1519 4252 1800 4309 moveor,
1840 4232 1955 4299 sed
1991 4235 2176 4302 facile
2211 4257 2432 4302 assen-

477 4318 684 4382 tiatur
728 4317 1054 4400 praefecto
1100 4316 1725 4400 Mompelgardensi,
1781 4327 1847 4383 et
1905 4320 2224 4386 invidiam
2273 4324 2429 4388 Tos-

475 4405 642 4480 sam‘‚
702 4424 830 4486 qua
873 4403 1264 4487 gravissime
1322 4402 1578 4467 laborat
1620 4404 1791 4486 apud
1836 4426 2063 4473 omnes
2120 4408 2231 4490 qui
2276 4428 2428 4473 eum

478 4490 737 4572 plenius
782 4497 1043 4564 norunt,
1087 4500 1154 4552 et
1197 4509 1363 4571 quae
1406 4489 1820 4571 iniquissime
1863 4511 1938 4555 ac
1973 4493 2428 4575 profanissime

478 4578 641 4659 egit,
708 4575 964 4640 derivet
1018 4575 1090 4639 in
1142 4587 1404 4640 sanctos
1449 4584 1516 4639 et
1560 4576 1702 4657 pios
1758 4578 2021 4656 fratres,
2088 4586 2156 4643 et
2198 4600 2425 4644 eorum

476 4662 932 4744 pertinaciam,
1000 4661 1112 4744 qui
1176 4661 1381 4725 veluti
1439 4681 1594 4726 oves
1653 4662 1830 4744 passi
1888 4663 2107 4728 omnia
2162 4674 2318 4729 sunt
2361 4673 2428 4729 et

652 4883 740 4948 12)
777 4884 871 4952 qui
920 4881 974 4935 T.

653 4951 748 5014 13)
786 4957 1013 5022 peccant
1048 4985 1267 5003 .....
1342 4959 1533 5004 areant
1580 4951 1636 5004 T.

651 5021 746 5142 ἰὲ)
782 5019 1064 5142 'fftztlb‘ln
1099 5020 1245 5088 agris
1338 5059 1349 5071 .
1388 5031 1519 5073 nata
1553 5021 1611 5072 in
1647 5023 1805 5089 aquis
1844 5019 1897 5074 S.

652 5157 680 5209 1
774 5173 877 5209 ono.
925 5155 981 5208 T.
1059 5153 1339 5209 Caeterum
1385 5158 1445 5210 in
1488 5157 1577 5211 his
1611 5158 1861 5211 omnebus
1906 5159 2111 5228 aae'n‘qus's
2145 5161 2427 5216 Ariadnes

473 5228 625 5292 filum
662 5225 1068 5288 desiderem&
1105 5225 1161 5276 si
1189 5225 1403 5293 quidem
1438 5227 1527 5280 Ιιὲε
1562 5241 1731 5295 usque
1764 5227 1935 5294 leyen
1969 5244 2141 5282 ausus
2171 5230 2356 5295 fuera.

490 5364 550 5419 Τ.
652 5291 1554 5431 1,.’).·8ἒῖξιιιαιξιξενινα.γ’..ἄξων
1604 5302 1786 5349 tam
1839 5297 1971 5364 quin
2025 5298 2070 5352 si
2129 5300 2423 5369 hyems.

1969 427 2495 495 EPIS'POLAE
2540 432 2963 493 2216—2217

4345 430 4470 491 636

2521 616 2765 682 indicta
2798 637 2995 682 causa
3028 616 3300 681 sceleste
3325 614 3640 693 damnati,
3685 626 3755 680 et
3789 615 3901 682 ubi
3939 614 4149 681 auditi
4183 616 4472 695 fuerunt,

2525 702 2629 766 vel
2671 703 2833 787 ipsis
2887 702 3318 785 iniquissimis
3361 700 3854 767 damnatoribus
3907 700 4185 767 testibus
4226 701 4474 785 cogniti

2520 789 2922 865 innocentes,
2969 799 3037 853 et
3072 788 3194 852 hoc
3236 794 3500 852 tantum
3545 787 3668 852 fuit
3709 787 4044 872 refugium
4087 788 4312 853 larvae
4354 788 4475 852 im-

2521 876 2990 957 pientissimae,
3016 876 3095 947 ¹⁸)
3131 873 3494 956 principem
3531 895 3719 957 posse
3756 872 4099 957 disponere
4139 873 4220 938 de
4255 882 4472 956 pasto-

2522 960 2705 1025 ribus
2749 974 2980 1043 (quum
3025 962 3198 1025 servi
3251 960 3386 1025 sint
3430 960 3768 1042 principis)
3818 972 3884 1024 et
3935 960 4278 1037 ministris,
4339 982 4473 1025 non

2523 1068 2713 1112 secus
2748 1067 2941 1129 quam
2982 1043 3087 1132 [dc
3118 1044 3302 1132 aliis]
3340 1047 3661 1111 ministris
3704 1057 3772 1111 et
3814 1045 4102 1112 ecclesiis
4146 1058 4213 1110 et
4256 1054 4474 1129 pasto-

2523 1133 2737 1210 ribus,
2798 1133 2853 1197 si
2902 1136 2983 1197 ad
3028 1142 3292 1197 tantum
3334 1131 3548 1197 scelus
3604 1132 3842 1198 sileant
3889 1143 3958 1196 et
4000 1142 4139 1197 tam
4184 1140 4475 1198 atrocem

2525 1218 2987 1284 contumeliam
3046 1219 3381 1300 patiantur
3436 1220 3508 1283 in
3552 1218 3925 1296 Christum,
3982 1219 4053 1282 in
4111 1217 4472 1297 ecclesiam,

2528 1302 2654 1391 [in]
2703 1312 3007 1370 sanctum
3046 1305 3503 1368 ministerium.
3571 1304 3676 1369 Ita
3717 1302 4103 1387 satagebant
4136 1303 4245 1368 hic
4277 1325 4474 1388 agere

2524 1390 2830 1474 improbi,
2877 1387 2992 1455 sed
3036 1391 3345 1456 ecclesiae
3384 1390 3722 1456 consultae
3766 1389 3958 1474 plene
4002 1390 4200 1455 talem
4245 1401 4474 1455 contu-

2527 1478 2791 1541 meliam
2838 1477 3236 1541 damnarunt
3277 1496 3470 1558 quam
3519 1473 3828 1562 [renovat]
3882 1477 4221 1541 Tossanus.
4293 1475 4475 1542 Sane

2527 1563 2853 1627 Dominus
2895 1581 3162 1627 causam
3205 1584 3473 1628 suorum
3517 1562 3831 1645 suscipiet
3867 1563 4182 1645 ferietque
4224 1563 4474 1627 calum-

2529 1649 2813 1714 niatores
2858 1660 2992 1712 tam
3029 1647 3460 1731 impudentes,
3505 1659 3574 1713 et
3613 1659 3926 1731 quotquot
3966 1670 4114 1715 cum
4152 1654 4248 1714 eis
4291 1650 4477 1731 [fece-

2525 1740 2675 1798 runt
2716 1733 2955 1821 debent]
3001 1736 3253 1811 timere,
3299 1736 3410 1816 qui
3445 1756 3565 1817 pro
3591 1734 3839 1800 viribus
3873 1756 4008 1799 non
4041 1736 4478 1801 reluctantur.

2528 1820 2699 1897 Sed,
2764 1822 2854 1884 mi
2924 1820 3265 1896 Blaurere,
3332 1842 3526 1902 quem
3593 1842 3852 1903 semper
3917 1821 4184 1903 plurimi
4249 1821 4372 1887 feci
4437 1842 4479 1885 a

2529 1909 2737 1990 primo
2780 1906 3130 1989 colloquio,
3175 1929 3375 1988 quum
3426 1907 3753 1988 Sulce[rus
3794 1913 3871 1984 tel
3918 1915 4175 1983 avocet,
4221 1919 4289 1972 et
4329 1906 4480 1972 offi-

2528 1993 2709 2058 ciarii
2755 2014 2996 2069 omnes,
3046 2003 3114 2057 et
3145 2002 3332 2057 tuam
3369 1994 3832 2075 profectionem
3870 1993 4037 2058 nihil
4073 1995 4480 2077 profuturam

2529 2080 2797 2154 iudices,
2868 2092 2933 2143 et
2977 2090 3193 2143 tecum
3242 2078 3554 2156 Salem-9,
3615 2090 3683 2143 et
3746 2079 4074 2164 intelligas
4119 2102 4225 2144 me
4269 2080 4481 2145 diver-

2534 2163 2705 2252 [sum
2747 2163 3001 2251 senche]
3025 2215 3039 2243 ,
3101 2164 3451 2230 Beraldum
3505 2187 3760 2249 quoque
3817 2182 3886 2230 et
3948 2168 4059 2248 qui
4125 2174 4482 2248 supersunt

2531 2257 2789 2327 tratres,
2848 2271 2992 2315 meo
3037 2271 3217 2315 more
3255 2254 3336 2334 ¹⁹)
3382 2252 3498 2316 tibi
3542 2252 3830 2335 ingenue
3874 2253 4108 2333 dicam,
4162 2273 4267 2317 me
4311 2251 4483 2316 nihil

2533 2350 2825 2403 mutasse
2869 2337 2953 2402 de
2996 2340 3342 2416 sententia,
3388 2339 3518 2402 imo
3556 2340 3768 2420 magis
3816 2336 3899 2425 [et
3932 2336 4167 2425 mayis]
4215 2339 4480 2413 sentire,

2532 2445 2697 2506 opus
2741 2444 2885 2488 esse
2928 2434 3004 2487 ut
3059 2421 3128 2485 id
3174 2446 3350 2506 agas,
3411 2424 3542 2488 nisi
3582 2437 3963 2507 exspectare
4009 2425 4170 2489 velis
4214 2435 4291 2490 ut
4331 2445 4483 2506 pes-

2534 2511 2701 2574 sima
2758 2509 2948 2574 malis
3014 2509 3574 2592 superaddantur,
3641 2511 3737 2575 ita
3803 2523 3879 2576 ιιι
3943 2512 4112 2575 nihil
4177 2510 4481 2593 supersit.

2535 2596 2670 2661 Sed
2715 2594 3068 2682 ageu[dam
3110 2594 3259 2682 erit]
3307 2618 3456 2661 cum
3501 2598 3814 2680 principe,
3876 2597 3986 2679 qui
4045 2599 4137 2662 ita
4185 2598 4301 2661 tibi
4347 2597 4486 2660 for-

2534 2682 2815 2747 mandus
2857 2698 2924 2746 et
2966 2683 3420 2748 informandus
3463 2684 3591 2747 erit
3633 2682 3713 2747 de
3747 2684 4069 2762 omnibus,
4116 2694 4191 2748 ut
4224 2696 4487 2768 praeter

2536 2769 2929 2850 aequitatem
2954 2769 3121 2832 nihil
3168 2770 3461 2850 patiatur
3482 2769 3656 2854 apud
3682 2791 3752 2833 se
3800 2767 4034 2855 [valere
4074 2769 4176 2852 ne]
4224 2791 4375 2834 eum
4393 2771 4486 2846 ²⁰)

2535 2856 2796 2937 rapiant
2852 2857 3259 2921 meretriciae
3315 2856 3646 2939 lacrymae
3696 2857 3983 2933 Tessani,
4042 2877 4252 2937 neque
4294 2855 4487 2921 fasci-

2537 2962 2717 3019 num,
2798 2962 3011 3024 neque
3087 2951 3261 3007 artes
3340 2943 3881 3020 consiliariorum,
3966 2962 4179 3025 neque
4256 2962 4489 3006 eorum

2537 3048 2693 3092 cons
2738 3028 2953 3092 iratio.
3044 3027 3173 3094 Ubi
3233 3029 3569 3113 princeps,
3630 3027 3803 3112 quod
3861 3037 3925 3092 te
3983 3027 4090 3094 hic
4118 3028 4210 3106 ²¹)
4257 3025 4490 3115 [solum

2526 3121 2685 3195 puto
2761 3135 2970 3198 posse,
3014 3115 3111 3180 ita
3152 3114 3355 3181 fuerit
3396 3117 3815 3199 compositus,
3859 3128 3936 3180 ιιι
3978 3134 4294 3199 germano
4336 3135 4486 3198 pec-

2537 3211 2679 3265 tore
2720 3199 2892 3282 quod
2937 3222 3216 3283 aequum
3271 3204 3358 3267 sit
3411 3201 3574 3266 velit
3617 3201 3791 3266 tueri
3843 3211 3913 3266 et
3967 3202 4172 3286 sequi,
4229 3207 4305 3265 ut
4346 3221 4488 3266 me·

2537 3289 2666 3352 rito
2709 3307 2862 3350 eum
2906 3285 3110 3364 decet,
3157 3300 3317 3354 tunc
3352 3286 3564 3374 fa[cik
3598 3286 3746 3376 evit]
3785 3289 4091 3354 ecclesiae
4125 3286 4487 3352 consulere.

2538 3371 2911 3437 Audientur
2954 3374 3066 3454 qui
3109 3388 3465 3455 supersunt
3507 3375 3764 3452 fratres,
3809 3374 4051 3440 veritas
4085 3375 4352 3457 patebit,
4398 3394 4490 3438 an

2538 3457 2791 3523 Bellias
2834 3464 2902 3522 et
2924 3457 3277 3538 Servetini,
3324 3470 3393 3525 et
3432 3462 3717 3545 improbi
3760 3471 3829 3525 et
3870 3469 4068 3544 caput
4115 3456 4485 3547 [matonam]

2544 3546 2869 3610 Tossanus
2909 3557 3086 3610 recte
3129 3547 3447 3624 sentiant,
3506 3546 3611 3612 vel
3667 3547 3762 3629 pii
3816 3547 4054 3612 fratres
4099 3546 4213 3629 qui
4255 3555 4490 3629 optant

2536 3653 2620 3694 ex
2686 3631 2885 3696 verbo
2940 3631 3213 3696 Domini
3269 3635 3569 3715 componi
3634 3640 3703 3698 et
3767 3636 3908 3716 regi
3972 3632 4309 3698 ecclesias:
4375 3653 4489 3696 ae-

2536 3737 2829 3799 quumne
2857 3719 2947 3798 ²²)
2992 3719 3173 3801 pium
3197 3717 3549 3785 Beraldum
3595 3716 3815 3806 [ipsis]
3848 3720 3938 3805 ²⁸)
3983 3739 4126 3784 esse
4171 3731 4488 3802 tanquam

2535 3803 2916 3886 profanum,
2974 3812 3043 3867 et
3098 3805 3311 3887 ipsam
3366 3805 3887 3888 profanationem
3933 3825 4269 3871 sacrorum
4313 3819 4488 3870 trac-

2535 3889 2770 3953 tationi
2824 3889 3039 3955 locum
3085 3891 3370 3972 primum
3414 3892 3672 3958 habere.
3764 3890 3981 3971 Quam
4038 3890 4207 3956 male
4259 3889 4489 3954 audiat

2534 3978 2857 4059 princeps,
2929 3973 3179 4065 [quam]
3248 3979 3483 4042 merito
3551 3977 3981 4044 traducantur
4045 3978 4364 4043 Tosaanus
4417 3987 4489 4040 et

2533 4062 2830 4127 officiarii
2874 4062 3171 4127 doctrina
3212 4073 3280 4127 et
3335 4065 3576 4148 agendi
3632 4064 3822 4141 ratio,
3880 4073 3951 4128 tu
4009 4084 4141 4128 non
4197 4063 4485 4146 ignoras.

2532 4147 2736 4224 Haec,
2803 4147 2934 4212 nisi
2995 4170 3264 4231 prorsus
3323 4151 3449 4216 sibi
3505 4150 3819 4216 exciderit
3886 4147 4243 4236 [princeps]
4265 4198 4281 4225 ‚
4337 4147 4488 4230 quis

2532 4255 2663 4298 non
2704 4231 3024 4299 iudicabit
3066 4235 3272 4301 iustas
3317 4258 3458 4302 esse
3513 4238 3800 4302 rationes
3848 4248 3921 4300 ut
3972 4243 4048 4301 tu
4091 4235 4488 4302 amicissime

2532 4341 2684 4383 eum
2731 4318 3013 4384 volueris
3071 4322 3366 4385 omnium
3424 4321 3775 4388 admonere
3791 4373 3806 4400 ,
3874 4329 3940 4388 et
3993 4322 4209 4407 magis
4264 4340 4488 4386 coram

2532 4426 2727 4489 agere
2753 4406 2967 4471 verbis
2992 4403 3240 4493 [quam]
3281 4408 3515 4473 absens
3558 4410 3837 4492 scriptis,
3883 4417 3952 4473 et
3993 4419 4175 4473 tuam
4217 4426 4490 4491 operam

2530 4498 2802 4573 paratus
2846 4493 2937 4557 sis
2985 4493 3412 4575 impendere?
3499 4495 3793 4561 Habebis
3844 4503 3923 4559 ut
3967 4495 4233 4560 affinem
4296 4503 4490 4558 tuum

2579 4577 2732 4642 robe
2810 4579 3381 4658 commonefacias,
3465 4580 3714 4647 indices
3799 4582 4104 4647 omnibus
4179 4579 4336 4663 quid
4413 4579 4489 4643 in

2529 4596 2844 4749 fecdesia]
2903 4664 2992 4730 sit
3050 4665 3396 4749 agendum,
3456 4666 3527 4730 in
3583 4689 3712 4750 qua
3772 4689 3842 4733 re
3896 4688 4130 4751 parum
4173 4666 4492 4732 videntur

2702 4956 2793 5078 ig)
2830 4965 3042 5013 tantam
3066 4957 3191 5078 ²s'int
3224 4957 3488 5027 refugium
3539 4959 3594 5011 in
3641 4960 4036 5029 pientissimum
4072 4961 4372 5031 principem
4419 4961 4488 5017 T.

2777 5033 2795 5090 )
2830 5041 3016 5079 amore
3107 5066 3119 5078 .

2698 5093 2795 5158 20)
2832 5095 3016 5148 valere
3051 5112 3158 5148 non
3196 5101 3309 5148 tam
3344 5095 3562 5163 rapiant
3609 5094 3665 5149 T.

2702 5163 2797 5228 21)
2832 5163 2917 5217 his
2957 5163 3018 5217 T.

2699 5231 2797 5298 22)
2834 5249 3065 5302 aequum
3101 5248 3187 5285 me
3234 5231 3294 5285 T.
3817 5269 3822 5274 ·

2699 5300 2798 5369 23)
2836 5301 2930 5356 Sic
2985 5301 3200 5370 supplet
3249 5299 3302 5353 S.
3388 5301 3464 5355 In
3512 5301 3632 5357 cod.
3685 5301 3747 5357 T.
3799 5304 3999 5373 bomo·
4050 5321 4118 5359 ex
4162 5320 4276 5374 pro
4327 5306 4493 5375 ipsiu.

2539 5367 2695 5423 Unde
2726 5371 3050 5425 conficimus
3079 5370 3284 5437 ftu'sae:
3321 5376 3624 5440 exceptum.
