4850 6200
355 619 632 706 publicis
676 619 985 689 ecclesiae
1019 640 1096 687 ac
1128 619 1393 688 scholae
1427 628 1693 689 nostrae
1735 640 1782 685 n
1910 617 2021 684 tiis
2054 625 2124 684 et
2162 619 2301 704 pri·

353 708 522 773 ntis
564 727 823 791 000οιιο
877 704 1289 791 quorundam
1345 706 1605 775 iniuriis
1624 708 1682 785 ²)
1729 726 1773 772 v
1839 701 1920 770 de
1963 725 2147 770 eram
2196 726 2305 772 oe-

352 800 623 878 eupstus
667 814 869 878 quum
917 793 1079 859 haee
1113 791 1197 858 ad
1238 804 1303 860 te
1346 791 1715 859 scriberem.
1782 788 1956 857 Nam
1998 788 2123 858 dici
2168 813 2301 858 non

352 890 562 965 potest
626 888 1033 963 quantopere
1115 877 1469 945 nonnullos
1537 890 1692 945 urat
1758 877 1956 943 huius
2036 894 2304 943 nostrae

352 964 785 1033 academiolae
827 987 870 1048 p
1134 988 1211 1031 us
1255 972 1325 1029 et
1356 964 1703 1032 mediocris
1745 959 2109 1029 industriae
2151 985 2304 1030 nos·

351 1060 489 1117 trae
534 1050 809 1118 fruetus.
838 1053 895 1131 8)
998 1048 1134 1117 Sed
1192 1050 1272 1117 de
1316 1050 1422 1117 his
1465 1050 1677 1136 plura,
1724 1047 1831 1115 vel
1887 1071 1975 1115 ex
2018 1050 2102 1115 D.
2152 1047 2303 1117 Gaz-

352 1137 485 1204 viui
527 1136 737 1203 literis
758 1137 811 1222 ⁴)
856 1159 1019 1220 quas
1060 1136 1145 1202 ad
1200 1152 1267 1201 te
1311 1138 1522 1213 mitto,
1580 1136 1681 1203 vel
1740 1158 1823 1201 ex
1880 1136 2124 1201 nost-ris
2183 1135 2304 1200 ali-

350 1221 610 1308 quando
654 1244 1023 1309 cognosces,
1080 1223 1135 1289 si
1189 1222 1517 1289 Dominus
1572 1221 1828 1289 dederit
1880 1234 1958 1286 ιιι
2004 1220 2107 1287 vel
2160 1222 2306 1288 istis

351 1310 775 1393 sycophantis
818 1308 1025 1376 semel
1079 1332 1151 1376 os
1198 1306 1596 1388 occludatur,
1661 1309 1764 1374 vel
1808 1307 1977 1373 mihi
2034 1306 2305 1391 posthae

350 1395 607 1462 licuerit
690 1398 897 1461 vitam
1018 1396 1283 1462 rivatim
1358 1396 1431 1460 in
1509 1396 1760 1462 maiore
1834 1394 1968 1459 otio
2045 1392 2301 1478 degere.

348 1481 639 1633 lOmnino
696 1418 1014 1565 quidquid¹
1067 1483 1193 1546 erit
1248 1482 1614 1549 confectum
1675 1481 1907 1547 faciam
1977 1490 2053 1545 ut
2108 1478 2303 1545 intel·

376 1587 801 1720 igaslnoerim
847 1676 1006 1739 rogo
1055 1666 1126 1719 ut
1172 1654 1485 1719 bonorum
1521 1673 1787 1720 causam
1831 1653 2130 1736 precibus
2177 1652 2307 1717 tuis

348 1741 638 1806 Domino
695 1740 1131 1806 commendes.
1256 1740 1313 1805 E
1370 1748 1594 1806 nostra
1650 1737 1874 1805 Gallia
1926 1737 2093 1803 nihil
2149 1736 2307 1803 laeti

349 1848 608 1910 possum
658 1826 773 1891 tibi
819 1826 1152 1892 nunciare.
1215 1826 1448 1909 Pergit
1491 1825 1729 1891 Gallus
1748 1827 1804 1900 ⁵)
1839 1825 1912 1889 in
1958 1846 2079 1890 sua
2122 1822 2304 1889 stoli-

351 1913 574 1989 ditate,
622 1916 797 1978 iusto
822 1913 1135 1977 nimirum
1178 1910 1304 1976 Dei
1328 1911 1567 1977 iudicio
1590 1922 1995 1978 excaecatus.
2056 1909 2307 1993 Scripsi

347 1998 449 2065 his
487 1998 718 2065 diebus
765 1997 1068 2083 gallicam
1114 1998 1583 2065 confessionem
1635 1997 2144 2063 Divionensium
2190 2018 2306 2061 ex-

347 2085 567 2150 sulum
621 2087 910 2163 nomine,
972 2107 1168 2168 quam
1224 2105 1416 2167 spero
1472 2105 1509 2147 a
1569 2096 1806 2149 senatu
1830 2087 1885 2161 ⁸)
1943 2082 2307 2167 perlectum

347 2172 446 2251 iri,
498 2172 753 2237 utinam
797 2171 1016 2254 aliquo
1060 2191 1213 2235 eum
1258 2172 1497 2235 fructu.
1571 2205 2308 2217 ——————

524 2344 606 2407 D.
676 2342 943 2415 Viretus,
992 2342 1387 2417 Euanthius,
1441 2340 1721 2407 Rihmus
1768 2341 2135 2422 caeterique
2178 2341 2307 2405 mei

346 2429 640 2511 collegae
686 2442 749 2493 te
808 2450 1061 2495 meeum
1110 2427 1406 2494 salutant
1449 2449 1582 2492 una
1623 2448 1771 2494 cum
1834 2436 1971 2491 tota
2014 2425 2304 2491 eeclesia.

344 2514 482 2581 Sed
530 2538 696 2579 uxor
720 2520 772 2589 ⁷)
831 2536 1086 2597 quoque
1129 2535 1273 2578 mea
1331 2512 1721 2578 nominatim
1780 2513 1911 2577 tuis
1968 2524 2035 2576 et
2090 2511 2305 2576 lectis—

345 2603 552 2667 simae
598 2612 754 2666 tuae
800 2601 1027 2666 uxoris
1064 2601 1367 2685 precibus
1411 2620 1556 2667 sese
1600 2620 1779 2663 nune
1824 2598 2109 2681 primum
2155 2618 2306 2681 gra-

345 2686 569 2753 vidam
616 2685 1053 2752 commendat.
1148 2686 1332 2752 Bene
1365 2686 1529 2761 vale,
1576 2685 1665 2749 mi
1710 2684 2306 2750 observandissime

344 2784 553 2859 pater.
647 2772 974 2837 Dominus
1026 2773 1215 2838 Iesus
1262 2786 1324 2836 te
1378 2783 1713 2853 totamque
1766 2782 2055 2836 vestram
2110 2769 2309 2836 eccle-

345 2863 515 2925 siam
560 2857 771 2925 indies
808 2859 1015 2943 magis
1060 2879 1136 2924 ac
1182 2880 1287 2923 ma
1340 2858 1392 2923 's
1436 2868 1663 2923 saneto
1708 2877 1828 2922 suo
1873 2856 2109 2939 spiritu
2153 2876 2305 2920 eon-

343 2948 587 3011 firmet.
690 2944 1095 3027 Seripsimus
1140 2944 1222 3011 ad
1346 2956 1518 3008 atres
1562 2950 1818 3009 nostros
1856 2943 2308 3009 Loearueuses

342 3030 449 3098 his
496 3030 730 3096 diebus
751 3042 820 3097 et
863 3030 1343 3115 aliquantulum
1367 3028 1743 3115 pecuniolae
1787 3027 1871 3093 ad
1894 3027 1986 3092 ill.
2013 3038 2307 3092 vestrum

344 3125 653 3185 senatum
702 3119 1000 3185 misimus
1043 3140 1209 3201 quae
1265 3117 1351 3183 ad
1392 3139 1503 3184 eos
1567 3117 1947 3198 perferatur,
2009 3132 2084 3180 ut
2138 3114 2308 3181 sicut

341 3225 695 3288 possumus
732 3217 799 3270 et
833 3213 1152 3287 quantum
1194 3204 1381 3269 nobis
1418 3202 1598 3270 dedit
1637 3199 1966 3267 Dominus
2013 3211 2307 3266 nostram

340 3291 411 3356 in
460 3290 614 3356 11108
658 3289 1142 3356 observantiam
1188 3312 1263 3356 ae
1299 3290 1642 3357 caritatem
1677 3296 2010 3354 testemur.
2070 3286 2310 3354 Servet

340 3376 495 3443 illos
544 3374 870 3442 Dominus
912 3376 1024 3458 qui
1068 3377 1192 3442 hoe
1247 3378 1341 3442 eis
1386 3375 1568 3442 dedit
1618 3383 1694 3439 οι
1738 3393 1871 3440 000
1919 3385 2180 3439 tantum
2237 3378 2305 3438 in

341 3464 693 3530 Christum
759 3460 1065 3538 credant,
1142 3462 1257 3528 sed
1322 3465 1522 3527 etiam
1587 3481 1705 3544 pro
1770 3460 1981 3543 ipsius
2045 3461 2307 3525 nomine

340 3551 707 3634 patiantur.
800 3548 1049 3614 Iterum
1094 3548 1261 3614 vale.
1354 3548 1750 3615 Lausannae
1795 3550 1894 3611 22.
1942 3546 2207 3629 Aprilis.

1514 3683 1589 3749 T.
1627 3682 1807 3748 Besa

997 3772 1172 3837 filius
1216 3770 1337 3835 tibi
1371 3770 1442 3836 in
1480 3768 1766 3835 Domino
1802 3765 2305 3834 addictissimus,

553 4044 614 4110 2)
654 4046 765 4100 Hic
815 4049 994 4100 minus
1050 4042 1399 4114 eoqitcndum
1452 4042 1668 4096 videtur
1726 4041 1792 4096 de
1839 4041 2012 4098 libello
2056 4041 2305 4098 Genevae

338 4121 537 4171 amera
574 4116 753 4183 ipsum
789 4115 936 4170 edito
962 4121 1192 4185 prepter
1226 4111 1646 4194 eiusPoenqcta
1694 4112 1981 4180 iuvenilia,
2066 4128 2192 4166 uam
2242 4113 2310 4166 de

338 4186 654 4309 'gemm
686 4184 1021 4239 leudam«
1050 4185 1314 4244 {aetionis
1347 4186 1632 4235 mveeuvts
1664 4185 1717 4235 et
1750 4187 1973 4235 matus
2231 4187 2311 4235 sis

553 4321 618 4384 3)
654 4323 787 4392 Ipse
822 4320 1130 4377 Zebedaeue
1148 4336 1321 4392 usque
1355 4319 1431 4374 ad
1463 4335 1515 4372 a.
1556 4316 1694 4372 1549
1729 4324 1905 4374 rector
1927 4320 2141 4388 eolleaii
2158 4318 2308 4374 Lau·

343 4393 644 4447 savonensis
677 4392 794 4446 clio
828 4391 1029 4445 missus
1060 4390 1264 4455 fuerat,
1301 4389 1545 4460 ipsorum
1575 4386 1949 4456 professorum
1986 4394 2204 4457 royatu.

554 4459 618 4525 4)
656 4460 731 4516 N.
765 4458 922 4515 2187.
992 4531 1002 4541 ·

554 4532 617 4666 ἓξ
651 4530 1114 4680 &35⁸2ss
1150 4596 1437 4667 tlaaitarue
1481 4595 1565 4649 illi
1614 4597 1936 4678 ceterum
1987 4594 2219 4666 profugi
2258 4603 2311 4652 et

344 4668 597 4725 advenae
624 4670 759 4736 fidet
792 4683 930 4722 suae
961 4673 1230 4721 menonem
1265 4665 1495 4720 reddere
1529 4679 1668 4718 mse·
1705 4670 1878 4719 erant.

557 4737 611 4798 7)
652 4735 932 4793 Claudium
968 4734 1245 4790 Demolm
1292 4749 1520 4804 quaeum
1571 4748 1622 4787 α.
1677 4730 1817 4786 1548
1864 4731 2118 4788 Lutetiae
2161 4733 2309 4790 elan·

344 4805 619 4863 duflum»
670 4807 1077 4861 matrimonium
1122 4805 1327 4859 suderat
1375 4808 1564 4873 postea
1613 4800 1861 4857 Genevae
1915 4802 2129 4870 publice
2179 4818 2307 4858 ean·

347 4881 531 4932 eitun
610 4876 823 4942 (Baua
860 4877 904 4931 1.
939 4873 1025 4928 61.
1064 4871 1176 4938 64.)

1182 5153 1547 5164 -——--—-·—-——-·

2077 432 2240 494 1555
2284 430 2598 501 APRIL.

4240 440 4372 503 582

3278 623 3356 696 ²¹
3368 623 3479 695 92.

2854 776 3338 847 SULZERUS
3381 779 3914 849 BLAURERO.

2581 950 2739 1035 Aqit
2770 949 2846 1016 de
2895 953 3130 1035 neyotio
3187 949 3772 1037 anbelyardensi,
3827 959 3885 1019 et
3936 954 4072 1037 ipse
4129 973 4376 1036 quoque

2414 1034 2769 1102 Tossamm
2810 1037 3141 1120 vituperat,
3209 1038 3425 1103 minus
3480 1043 3690 1106 tamen
3745 1039 3957 1106 acerbe
4000 1060 4188 1123 quam
4238 1039 4367 1105 Fa·

2407 1121 2637 1201 renus,
2715 1123 3145 1207 mitioremque
3224 1123 3599 1191 medicinam
3679 1125 4094 1193 adhibendam
4173 1126 4372 1191 eredit

2407 1229 2603 1290 quam
2646 1230 2775 1291 qua
2813 1207 2916 1275 hie
2957 1212 3054 1276 uti
3094 1209 3348 1276 volebat.

2408 1380 2514 1443 (Ex
2552 1380 2892 1451 autographo
2928 1381 3061 1435 bibl.
3099 1380 3518 1516 &Vio'fgllnffig‘
3555 1381 3707 1437 MSS.
3733 1381 3887 1437 Tem.
3921 1380 4010 1439 37.
4046 1383 4187 1453 Epp.
4209 1384 4369 1439 VIII.

2408 1637 2496 1703 D.
2546 1636 2636 1702 M.
2688 1636 3040 1703 Ambrosio
3076 1636 3392 1703 Blaurero
3430 1637 3693 1703 domino
3729 1638 4182 1707 colendissimo
4227 1661 4370 1707 suc.

2586 1806 2654 1875 S.
2718 1808 2845 1873 Fla
2968 1809 3341 1874 ntissimum
3387 1830 3663 1893 eumque
3699 1818 4083 1876 consuetum
4122 1810 4375 1879 Farezzi

2414 1895 2618 1960 nostri
2677 1895 3071 1978 pientissimi
3126 1895 3250 1960 viri
3309 1892 3524 1960 zelum
3584 1916 3700 1979 pro
3750 1894 4370 1982 Montpelgardense

2414 1980 2690 2048 ecclesia
2734 1980 2994 2046 abunde
3041 2001 3377 2065 cognosce.
3407 1980 3457 2067 ¹)
3560 1981 3654 2046 Et
3697 1990 4037 2065 peccatum
4083 1985 4378 2067 graviter

2414 2089 2454 2132 a
2507 2067 2785 2133 Tossano
2829 2066 3090 2133 videtur
3127 2068 3195 2131 in
3234 2064 3569 2133 eiiciendis
3607 2066 3941 2145 fratribus,
3978 2069 4261 2151 primum
4304 2071 4375 2135 in

2412 2151 2649 2303 quibus
2709 2152 2762 2219 si
2837 2152 2990 2237 quid
3063 2152 3472 2219 desiderabat
3544 2153 3763 2218 omnia
3829 2162 4082 2219 tentare
4159 2157 4377 2239 potius

2460 2237 2639 2304 ebuit
2681 2244 2857 2305 certe
2880 2249 2954 2304 ut
2998 2238 3290 2305 revocari
3327 2236 3411 2304 ad
3444 2239 3551 2304 fru
3601 2260 3704 2305 em
3741 2251 4024 2322 possent,
4064 2262 4260 2324 quam
4297 2251 4375 2307 ut

2412 2325 2781 2390 ministerio
2873 2325 2977 2390 eui
3046 2324 3326 2390 fideliter
3398 2346 3552 2408 prae
3590 2335 3822 2390 nerant
3893 2324 4374 2393 abdicarentur.

2411 2413 2515 2477 Ae
2561 2433 2640 2476 00
2687 2422 2828 2476 ιοιο
2873 2409 3133 2493 001ᾶοιο
3179 2433 3329 2476 sera
3372 2410 3570 2475 nimis
3627 2410 3954 2476 medicina
4012 2411 4258 2491 fuisset,
4319 2413 4378 2479 si

2412 2505 2596 2563 tuam
2672 2518 2938 2581 operam
3019 2497 3564 2580 autoritatcmque
3631 2495 3738 2561 vel
3815 2496 3936 2562 sub
4003 2510 4377 2564 extremum

2412 2592 2632 2650 aetum
2697 2582 3100 2648 intervenire
3167 2604 3399 2666 passus
3461 2592 3652 2648 esset.
3763 2580 3899 2648 Sed
3967 2583 4201 2649 maluit
4264 2584 4377 2650 ille

2413 2668 2725 2735 substitui
2769 2668 2930 2734 alios
2974 2688 3359 2753 quacunque
3405 2668 3661 2733 ratione
3691 2668 4052 2748 accersitos,
4090 2672 4253 2735 forte
4301 2678 4377 2736 ut

2412 2776 2570 2820 suae
2615 2754 3075 2838 tranquillitati
3121 2754 3508 2821 consuleret.
3614 2754 3810 2820 Nunc
3856 2764 4094 2831 antem,
4143 2763 4218 2820 ut
4261 2756 4376 2838 qui

2413 2840 2658 2924 recepti
2711 2850 2870 2907 sunt
2926 2840 3160 2917 semel,
3222 2853 3287 2905 οι
3341 2840 3415 2905 10
3473 2862 3715 2905 munus
3786 2842 3984 2905 etiam
4055 2840 4373 2925 principis

2413 2928 2766 2993 autoritate
2831 2926 3243 3011 inaugurati,
3313 2925 3529 2991 denuo
3602 2926 4012 3004 reiiciantur,
4087 2927 4373 2993 arbitror

2412 3013 2659 3079 frustra
2703 3020 3026 3078 tentatum
3085 3012 3187 3093 iri,
3244 3011 3375 3079 0181
3433 3012 3579 3096 0018
3633 3010 3832 3077 simul
3886 3023 3954 3077 et
4017 3011 4375 3079 Tossanum

2412 3109 2481 3165 et
2529 3098 2971 3180 Schradinum,
2994 3102 3051 3179 ²)
3112 3121 3271 3184 quos
3317 3096 3506 3166 video
3552 3096 3892 3182 ὁμοψήφους
3949 3100 4021 3164 10
4075 3097 4197 3165 hoe
4256 3122 4373 3165 ne·

2413 3186 2609 3271 gotie,
2657 3185 2857 3252 vellet
2899 3186 3295 3271 profligatos.
3363 3185 3594 3269 Neque
3637 3197 3776 3250 tam
3821 3205 3943 3269 ego
3985 3206 4026 3250 a
4067 3186 4376 3252 sinistrae

2414 3272 2750 3339 doetrinae
2821 3272 3134 3338 veneficio
3200 3283 3422 3337 metuo
3488 3273 3549 3336 ei
3614 3270 3942 3350 ecclesiae,
4009 3277 4083 3336 ut
4143 3292 4184 3337 a
4246 3292 4379 3354 quo

2413 3360 2557 3426 eius
2598 3365 2893 3443 pastores
2937 3358 3297 3424 etiamnum
3343 3356 3773 3424 alienissimos
3819 3377 3961 3423 esse
4004 3356 4170 3422 mihi
4225 3378 4375 3440 per-

2414 3444 2680 3525 suadeo,
2726 3453 2793 3510 et
2840 3443 3196 3511 'sessanum
3253 3442 3419 3509 nihil
3474 3443 3692 3508 minus
3752 3463 3948 3525 quam
3994 3441 4368 3509 Servetano

2413 3551 2558 3597 0880
2611 3532 2931 3596 fermento
2987 3530 3321 3609 infectum,
3355 3531 3408 3612 ⁸)
3455 3551 3493 3594 a
3538 3549 3662 3613 quo
3707 3527 4130 3594 Schradinum
4175 3529 4377 3595 etiam

2413 3625 2551 3681 tam
2595 3615 2946 3682 abhorrere
2990 3617 3123 3682 scio
3160 3636 3356 3699 quam
3400 3615 3509 3699 qui
3546 3614 3850 3680 maxime.
3912 3612 4375 3697 Suspicionem

2414 3711 2640 3767 tamen
2706 3700 2858 3769 fecit
2920 3703 3214 3786 quaestio
3281 3699 3361 3767 de
3427 3701 3714 3784 irrogato
3780 3698 4099 3782 supplicio
4157 3701 4374 3766 autori

2415 3787 2592 3872 apud
2636 3786 3001 3866 Generum,
3041 3788 3122 3852 de
3165 3809 3294 3870 qua
3329 3795 3551 3851 tamen
3598 3786 3756 3862 (nisi
3800 3784 3957 3868 quid
4001 3784 4376 3870 prodigiose

2413 3875 2639 3952 finxit)
2706 3872 2897 3940 facile
2977 3872 3149 3956 apud
3216 3894 3323 3937 me
3388 3872 3690 3938 satisfieri
3759 3872 3886 3938 sibi
3951 3891 4184 3955 passus
4251 3887 4371 3938 est.

2412 3959 2810 4025 Remedium
2856 3980 3033 4043 erge,
3090 3961 3145 4023 si
3192 3958 3367 4042 quod
3412 3979 3491 4023 ea
3547 3958 3841 4040 requirat
3887 3957 4177 4037 ecclesia,
4239 3980 4376 4023 non

2413 4067 2490 4112 eo
2557 4066 2767 4132 usque
2846 4066 3022 4111 nunc
3099 4043 3363 4127 quidem
3445 4043 3864 4129 dirigendum
3930 4041 4226 4122 videtur,
4295 4051 4374 4109 ut

2414 4131 2760 4215 quisquam
2805 4153 2887 4195 ex
2923 4131 3006 4197 iis
3049 4131 3361 4197 fratribus
3398 4151 3516 4196 800
3553 4129 3950 4195 destituatur
3985 4131 4369 4209 ministerio,

2412 4231 2481 4283 et
2524 4218 2591 4283 id
2636 4215 2966 4303 agendum
3010 4216 3093 4282 sit
3152 4217 3366 4300 potius
3412 4230 3488 4280 ut
3529 4235 3763 4299 puram
3816 4215 4069 4280 Christi
4129 4214 4367 4280 doctri-

2413 4326 2573 4369 nam
2617 4303 3023 4370 concorditer
3069 4303 3550 4381 administrent,
3596 4311 3664 4366 et
3701 4309 3953 4367 veteres
4003 4302 4111 4385 qui
4157 4300 4374 4366 relicti

2414 4398 2575 4455 sunt
2618 4396 2686 4455 et
2721 4391 2872 4456 novi
2917 4389 3030 4472 qui
3073 4399 3228 4454 sunt
3272 4387 3707 4472 subingressi,
3769 4397 3836 4452 et
3878 4387 4128 4452 moneri
4171 4386 4372 4453 simul

2414 4485 2485 4540 et
2520 4475 2844 4542 Toesanus
2886 4485 3110 4559 posset
3153 4496 3282 4558 quo
3305 4473 3621 4539 Satanam
3660 4471 3971 4556 deinceps
4016 4471 4374 4539 studiosius

2413 4559 2737 4640 observet,
2782 4584 2868 4627 ne
2913 4563 2981 4626 in
3026 4561 3327 4627 sinistros
3373 4561 3644 4626 affectus
3688 4578 3807 4643 per
3841 4580 3989 4624 eum
4051 4559 4371 4642 praecipi-

2412 4654 2614 4727 tetur,
2660 4656 2726 4713 et
2748 4646 3106 4713 admissum
3130 4667 3262 4713 non
3299 4646 3444 4711 leve
3469 4652 3801 4730 peecatum
3825 4655 4150 4728 agnoscat.
4183 4681 4255 4691 -—
4281 4678 4370 4693 --

2412 4733 2509 4798 Te
2532 4753 2708 4819 ergo,
2731 4735 2820 4799 mi
2858 4731 3232 4800 venerande
3248 4731 3582 4807 Blaurere,
3609 4751 3839 4813 precor
3861 4740 3937 4795 ut
3971 4732 4110 4813 ipse
4146 4730 4274 4795 hue
4298 4735 4366 4797 te

2411 4818 2731 4900 conferas,
2759 4830 2842 4898 et,
2868 4819 2925 4886 si
2953 4820 3048 4886 ita
3072 4819 3390 4895 videatur,
3418 4840 3535 4884 nos
3562 4816 3721 4886 illue
3756 4816 3950 4883 simul
3976 4817 4288 4894 conferre,
4306 4821 4370 4894 ⁴)

2412 5108 2586 5191 ml.
2625 5110 2684 5175 1)
2721 5110 2865 5190 Eece
2909 5111 3128 5165 tandem
3163 5108 3464 5178 aliquando
3497 5121 3695 5163 sanum
3739 5114 3787 5162 et
3824 5123 4053 5178 aquam
4097 5109 4370 5164 iudicium

2410 5178 2479 5232 de
2512 5185 3091 5310 wwsslwgmliariun
3131 5243 3703 5337 Monbelyerdensem.

2618 5316 2679 5452 {3
2718 5318 2818 5442 2³3.
2842 5313 3489 5453 Ιῖέέῗ-Βίιέςξὲὼῖὲῗὸ·

3846 5466 3947 5521 37⁸
