4850 6200
488 435 614 500 387

482 627 705 687 tamen
764 640 960 687 sensu
1016 640 1144 704 quo
1189 620 1438 687 Paulus
1495 619 1683 686 docet
1725 619 2068 687 Christum
2123 617 2309 683 indui
2351 619 2420 683 in

484 706 807 792 baptismo
847 706 1062 773 dicere
1085 726 1215 772 non
1239 706 1532 772 dubitavi
1577 727 1695 773 nos
1737 706 1938 772 inseri
1980 707 2051 771 in
2096 706 2238 771 eius
2279 724 2420 770 cor-

484 814 626 877 11116.
698 792 775 859 Si
818 794 963 875 quis
998 792 1305 858 aliorsum
1353 799 1652 875 torqueat
1691 791 1903 859 facilis
1947 812 2032 856 ex
2076 790 2222 857 aliis
2264 790 2422 855 locis

484 880 614 944 crit
656 878 906 944 solutio.
965 877 1112 944 Imo
1156 898 1361 961 quum
1405 876 1558 943 data
1599 898 1797 960 opera
1839 876 2129 944 libellum
2175 876 2298 941 hac
2342 873 2422 941 de

483 985 558 1030 re
625 963 958 1040 ediderim,
1026 964 1293 1030 minime
1352 985 1578 1029 vereor
1633 985 1717 1030 ne
1780 961 1936 1046 quid
1998 961 2423 1028 dubitationis

484 1049 794 1117 iniiciant.
867 1050 970 1114 De
1012 1050 1296 1116 efficacia
1336 1050 1605 1132 spiritus
1648 1070 1841 1132 quam
1885 1049 1954 1114 in
1998 1046 2423 1113 sacramentis

483 1146 742 1201 cxstare
786 1135 953 1213 dixi,
1012 1136 1180 1218 quod
1226 1134 1411 1201 addis
1467 1134 1741 1200 libenter
1784 1134 2167 1219 amplector,
2227 1132 2422 1216 idque

484 1222 641 1288 satis
694 1221 864 1287 clare
924 1220 1077 1287 alibi
1140 1232 1414 1285 testatus
1471 1242 1636 1286 sum.
1725 1218 1859 1286 Sed
1918 1221 1989 1285 in
2045 1230 2179 1285 tam
2238 1220 2421 1286 brevi

480 1306 860 1390 compendio
927 1306 1178 1390 longior
1243 1306 1588 1390 explicatio
1644 1307 1893 1385 locum,
1958 1326 2103 1371 meo
2160 1304 2418 1383 iudicio,

479 1413 610 1458 non
660 1392 954 1458 habebat.
1025 1393 1249 1475 Neque
1292 1403 1511 1457 tamen
1535 1413 1739 1475 pauca
1759 1390 1963 1458 verba
2002 1392 2419 1474 interponere

480 1478 826 1545 molestum
870 1480 1126 1543 fuisset:
1180 1499 1401 1543 verum
1438 1479 1591 1560 quia
1634 1487 1984 1560 antequam
2029 1477 2417 1544 rescriberes

478 1564 609 1629 iam
655 1562 952 1647 Tigurini
1016 1564 1251 1629 fratres
1309 1564 1602 1629 libellum
1660 1585 1776 1629 sno
1830 1564 2075 1631 calculo
2131 1584 2205 1629 ac
2265 1562 2417 1628 sub-

479 1649 832 1731 scriptione
909 1648 1249 1732 probatum
1328 1650 1714 1715 remiserant
1776 1663 1843 1715 et
1920 1649 2195 1716 celerem
2276 1648 2418 1714 eius

480 1731 826 1800 editionem
875 1736 1226 1818 urgebant,
1279 1735 1390 1799 vix
1437 1736 1664 1819 putavi
1723 1736 1848 1800 iam
1897 1736 2056 1800 mihi
2116 1756 2258 1801 6666
2314 1734 2418 1798 in-

480 1830 741 1903 tegrum
797 1821 938 1884 sine
996 1821 1285 1885 maxima
1339 1821 1724 1887 necessitate
1784 1821 2026 1902 aliquid
2070 1821 2239 1888 ccrri
2289 1840 2414 1884 ere.

479 1905 612 1971 Hic
657 1926 760 1971 me
800 1906 1009 1989 pudor
1054 1905 1157 1970 vel
1214 1917 1431 1971 metus
1490 1907 1816 1973 continuit
1862 1930 1942 1972 ne
1987 1906 2139 1990 quid
2188 1927 2226 1970 a
2273 1906 2420 1972 iice-

475 2010 646 2069 rem,
759 1992 1096 2057 raesertim
1152 2012 1352 2074 quum
1411 1993 1594 2057 nulla
1650 1993 2103 2058 vehementior
2158 2001 2420 2075 cogeret

477 2077 657 2141 ratio.
713 2012 851 2141 {lla
894 2077 1091 2141 etiam
1128 2076 1430 2160 loquendi
1476 2079 1683 2143 forma
1725 2078 1863 2143 visa
1898 2086 1999 2143 est
2031 2078 2414 2144 tolerabilis:

476 2161 585 2228 ubi
631 2161 880 2228 Christi
920 2182 1154 2245 corpus
1197 2163 1321 2228 sub
1366 2184 1534 2246 panc
1579 2163 1720 2230 dari
1765 2164 2067 2243 concede,
2126 2163 2417 2229 adhibita

475 2268 674 2312 sanae
723 2248 1187 2331 intelligentiae
1231 2250 1392 2324 luce,
1453 2270 1618 2332 quae
1662 2260 1728 2316 et
1781 2249 2050 2316 localem
2105 2270 2414 2332 praesen-

475 2333 636 2397 tiam
679 2345 744 2398 et
786 2336 1440 2417 circumscriptionem
1500 2348 1564 2400 et
1617 2336 1995 2418 ubiquitatis
2039 2350 2413 2419 portentum

475 2416 795 2485 excludat.
886 2420 1032 2484 Non
1094 2420 1260 2502 qnod
1320 2420 1484 2484 mihi
1544 2420 1883 2505 displiceat
1936 2420 2050 2487 abs
2098 2433 2161 2486 te
2205 2423 2414 2503 posita

474 2502 845 2581 moderatio,
892 2505 1001 2570 sed
1029 2506 1181 2588 quia
1217 2506 1487 2571 verebar
1521 2528 1605 2571 ne
1641 2507 1765 2572 hoc
1800 2508 2012 2590 ipsum
2057 2508 2128 2571 in
2163 2507 2411 2572 crimen

473 2599 804 2655 verterent
847 2591 1092 2656 sinistri
1139 2591 1549 2675 interpretes,
1609 2592 1778 2675 quod
1824 2594 2020 2659 nimis
2065 2593 2260 2658 anxie
2304 2613 2411 2658 ca-

471 2675 684 2742 vendo
740 2677 1000 2760 signum
1061 2677 1462 2742 diffidentiae
1518 2679 1912 2761 praeberem.
2003 2678 2206 2744 Porro
2251 2679 2410 2744 adeo

474 2781 602 2825 non
665 2762 1039 2845 obstringar
1106 2764 1299 2828 huius
1366 2763 1566 2829 libelli
1634 2764 1935 2841 editione,
2005 2774 2081 2830 ut
2148 2763 2412 2830 liberior

471 2846 636 2911 mihi
678 2848 751 2912 in
794 2859 1122 2929 posterum
1183 2850 1481 2927 facultas,
1542 2850 1737 2915 simul
1784 2872 1858 2916 ac
1902 2850 2255 2935 quidquam
2296 2849 2409 2915 ad-

470 2953 735 2999 versum
783 2933 1200 3016 increpuerit,
1244 2934 1333 2999 sit
1376 2935 1610 3000 futura.

641 3018 993 3084 anternm
1037 3018 1317 3084 candore
1374 3030 1484 3084 tuo
1528 3022 1737 3106 magis
1781 3020 2084 3100 delector,
2145 3028 2222 3086 ut
2272 3028 2409 3086 tam

469 3104 746 3171 sollicite
788 3126 1102 3172 excusare
1145 3127 1553 3189 nequaquam
1595 3127 1829 3189 operae
1887 3109 2170 3191 pretium
2213 3109 2412 3174 fuerit

469 3201 847 3275 susceptum
892 3189 1006 3256 abs
1052 3201 1117 3256 te
1160 3213 1305 3256 meo
1361 3202 1588 3276 rogatu
1634 3193 1940 3260 officium.
2025 3194 2255 3259 Potius
2297 3193 2408 3259 de-

468 3276 840 3360 precatione
905 3277 1220 3342 ntendum
1286 3277 1451 3342 mihi
1512 3279 1678 3345 foret
1740 3278 1909 3362 quod
1974 3287 2086 3344 tuo
2142 3279 2409 3346 consilio

469 3379 603 3426 non
647 3362 1008 3444 paruerim:
1052 3383 1246 3447 quam
1293 3371 1514 3430 tamen
1538 3384 1671 3429 11011
1707 3365 1867 3431 adeo
1908 3366 2046 3431 fore
2079 3363 2409 3430 difficilem

468 3454 584 3513 tua
641 3447 1050 3514 humanitate
1102 3451 1383 3516 confisus
1445 3448 1644 3517 video.
1733 3451 1905 3517 Mihi
1963 3457 2141 3517 certe
2195 3471 2409 3533 neque

468 3530 776 3598 uaedam
834 3555 1042 3617 neque
1104 3535 1438 3602 fastidium
1502 3536 1572 3600 in
1631 3557 1814 3602 mora
1873 3536 2001 3602 fuit
2060 3536 2410 3620 quominus

469 3620 610 3684 sine
654 3622 1093 3686 controversia
1128 3620 1483 3687 insererem
1507 3642 1672 3704 quae
1706 3622 2119 3708 suggerenda
2139 3621 2407 3687 duxisti.

469 3702 604 3770 Sed
647 3725 846 3788 quum
891 3705 1055 3771 mihi
1088 3707 1553 3789 Tigurinorum
1589 3717 1827 3774 testata
1869 3720 2039 3775 esset
2080 3708 2407 3786 voluntas,

468 3809 700 3856 cavere
756 3812 1014 3856 rursum
1079 3792 1251 3856 volui
1311 3815 1392 3858 ne
1448 3814 1614 3875 quae
1671 3796 1950 3859 mutatio
2008 3794 2408 3861 Basilienses

467 3874 653 3942 nobis
689 3874 991 3941 redderet
1034 3878 1249 3943 minus
1304 3880 1643 3961 propitios,
1701 3901 1912 3962 neque
1956 3880 2240 3963 profecto
2284 3880 2407 3947 1100

468 3961 819 4045 Tigurinos
843 3962 1064 4028 latuit:
1103 3963 1390 4029 molliter
1412 3964 1825 4030 tractandum
1850 3965 2050 4032 fuisse
2077 3964 2406 4032 Sulzerum

464 4057 532 4112 et
571 4047 880 4129 quosdam
925 4048 1202 4126 similes,
1262 4050 1372 4132 qui
1425 4048 1508 4115 ad
1553 4049 1850 4117 Saxones
1909 4052 2106 4118 nimis
2164 4051 2405 4136 alioqui

461 4132 801 4198 inclinant.
869 4133 1096 4217 Neque
1140 4145 1358 4200 tamen
1393 4136 1773 4220 cuiusquam
1811 4137 1912 4204 vel
1958 4138 2253 4204 inscitiae
2297 4138 2405 4203 vel

466 4219 827 4284 morositati
880 4221 1460 4303 obtemperandum
1515 4222 1672 4301 fuit,
1729 4223 1885 4305 quin
1943 4244 2108 4307 pure
2151 4234 2218 4289 et
2258 4224 2407 4290 abs-

467 4325 592 4388 que
636 4306 784 4371 fuco
825 4325 1048 4371 veram
1094 4307 1453 4373 doctrinam
1500 4329 1874 4375 assererem.
1940 4310 2202 4375 Fateor.
2269 4311 2408 4375 Nec

466 4411 625 4457 sanc
668 4391 1026 4474 periculum
1073 4391 1264 4458 video
1308 4415 1391 4458 ne
1434 4395 1774 4478 quisquam
1819 4416 1923 4461 me
1977 4396 2266 4462 flexuose
2311 4395 2405 4460 lo-

468 4484 744 4560 quutum
788 4478 1073 4556 obiiciat,
1128 4478 1228 4545 vel
1272 4480 1506 4548 cristas
1561 4481 1817 4564 erigant
1859 4479 2218 4547 adversarii
2259 4502 2405 4546 ver-

466 4560 696 4628 borum
741 4584 1035 4628 meorum
1095 4575 1455 4648 praetextu.
1543 4565 1719 4648 Quia
1774 4577 1993 4632 autem
2038 4576 2256 4632 vester
2296 4565 2408 4631 ille

467 4668 637 4732 pavo
667 4652 720 4724 )
762 4649 1006 4715 fastum
1052 4671 1240 4716 suum
1290 4673 1499 4734 nuper
1544 4651 1793 4719 silendo
1882 4651 2142 4729 redidit,
2187 4651 2407 4718 nescio

467 4754 553 4800 an
599 4757 826 4801 rursus
884 4757 1026 4800 eum
1074 4757 1366 4820 pungere
1410 4737 1730 4821 expediat.
1819 4675 2014 4820 guod
2071 4739 2125 4803 61
2186 4750 2408 4802 16111611

465 4823 760 4887 omnium
826 4826 1078 4886 animos
1140 4821 1338 4887 simul
1404 4832 1659 4887 tentare
1717 4836 1830 4888 tuo
1884 4832 1952 4888 et
2008 4823 2088 4888 D.
2140 4822 2410 4888 Stumii

465 4905 702 4972 iudicio
726 4906 893 4973 nihil
917 4907 1185 4984 nocebit,
1224 4908 1489 4973 brevem
1526 4909 1861 4991 epistolam
1887 4909 2127 4975 dictavi
2152 4909 2205 4996 )
2242 4930 2407 4993 quae

462 4989 547 5057 de
591 4992 715 5060 hac
753 5014 825 5058 re
859 4993 1161 5058 nonnihil
1208 4992 1437 5058 eliciat.
1505 4992 1952 5060 Reddendane
1993 4995 2079 5060 sit
2119 5015 2203 5062 an
2248 5017 2406 5080 sup-

466 5077 808 5163 primenda
841 5091 1061 5143 vestro
1105 5078 1373 5145 arbitrio
1408 5079 1734 5162 permitto.
1802 5080 2088 5146 'l'antum
2111 5081 2408 5164 partibus

672 5281 729 5351 8)
767 5282 1142 5339 Mortuum.

672 5353 735 5419 4)
766 5351 1165 5422 praecedentem
1199 5353 1276 5407 ad
1310 5352 1810 5421 Amen-toreuma.

1975 428 2499 498 EPISTOLAE
2543 431 2967 494 2089-2090

4339 431 4463 495 380

2524 616 2689 683 meis
2732 615 2958 682 deesse
2999 615 3198 682 nolui.
3288 615 3461 681 Nam
3512 625 3586 682 ut
3638 615 3814 701 apud
3867 616 4053 683 illum
4099 627 4162 683 et
4204 617 4463 683 beatum

2527 709 2827 768 ventrem
2858 702 2910 788 )
2954 702 3123 767 nihil
3176 703 3530 786 proficiam,
3589 713 3745 769 sunt
3802 711 4024 769 tamen
4075 703 4147 768 in
4190 703 4463 787 collegio

2525 796 2806 871 quatuor
2850 788 3082 854 saltem
3126 788 3235 854 vel
3276 790 3564 873 quinque
3593 793 3645 871 )
3690 810 3851 873 quos
3892 811 3932 855 a
3973 789 4162 856 nobis
4195 789 4463 855 minime

2524 895 2788 940 aversos
2829 895 2973 940 esse
3014 873 3312 941 arbitror.

2697 959 2922 1041 Quum
2974 959 3104 1026 11110
3160 981 3367 1043 usque
3423 960 3762 1028 scribendo
3805 981 4192 1046 progressus
4233 978 4461 1039 essem,

2527 1067 2674 1113 ecce
2730 1045 2891 1111 mihi
2950 1043 3317 1111 redduntur
3370 1054 3521 1112 tuae
3580 1049 3968 1131 posteriores
3995 1047 4050 1132 )
4096 1058 4161 1113 et
4216 1046 4463 1112 alterae

2525 1133 2608 1197 D.
2646 1129 2915 1197 Ioannis
2951 1153 2993 1196 a
3027 1132 3244 1210 Lasco,
3289 1153 3449 1216 quas
3491 1132 3742 1198 tamdiu
3783 1134 3854 1198 in
3894 1133 4134 1200 itinere
4177 1140 4463 1198 retentas

2525 1218 2722 1284 fuisse
2765 1218 2982 1283 miror.
3051 1216 3357 1302 Conquer
3383 1225 3492 1283 tur
3536 1221 3819 1303 optimus
3855 1220 3956 1284 vir
3999 1240 4068 1284 se
4113 1219 4194 1285 ab
4237 1218 4464 1284 adver-

2524 1304 2717 1369 sariis
2761 1301 2982 1369 odiose
3026 1323 3171 1368 mea
3215 1304 3560 1369 autoritate
3603 1305 3832 1390 premi,
3879 1306 4099 1371 nescio
4131 1324 4461 1388 quorsum,

2522 1390 2654 1455 nisi
2698 1400 2776 1453 ut
2817 1410 2923 1454 me
2968 1390 3035 1454 in
3078 1410 3231 1456 61166
3288 1388 3592 1473 loquendi
3646 1392 3887 1457 formas
3930 1390 4238 1457 adducat:
4292 1386 4463 1474 quod

2523 1476 2665 1541 fieri
2710 1496 2842 1540 non
2885 1486 3116 1559 potest.
3186 1475 3323 1542 Nec
3359 1497 3513 1541 vero
3553 1477 3901 1543 molestum
3945 1477 4040 1542 illi
4074 1497 4217 1543 esse
4251 1475 4461 1554 debet,

2564 1583 2719 1627 uum
2780 1561 2902 1627 sibi
2961 1560 3304 1644 repudiare
3362 1563 3699 1645 permittat
3754 1584 3920 1646 quae
3970 1584 4053 1628 ex
4119 1561 4463 1646 scripturis

2523 1582 2603 1712 de
2648 1647 2938 1732 gratuita
2981 1646 3109 1713 Dei
3153 1647 3743 1731 praedestinatione
3787 1648 4125 1727 tradimus,
4185 1668 4317 1713 11011
4359 1670 4461 1712 re-

2523 1733 2651 1816 cipi
2708 1753 2747 1797 a
2803 1734 2989 1799 nobis
3045 1754 3212 1817 quac
3268 1733 3451 1798 nullo
3505 1733 3736 1800 idoneo
3790 1735 4158 1801 testimonio
4215 1734 4459 1817 probat.

2523 1819 2716 1884 Actio
2761 1828 2864 1884 est
2906 1818 3003 1883 illi
3048 1841 3279 1902 corpus
3317 1819 3571 1884 Christi
3609 1820 3711 1886 vel
3754 1820 4122 1906 symbolum
4158 1820 4461 1903 corporis,

2524 1925 2656 1969 non
2723 1905 2927 1988 panis.
3018 1904 3194 1986 Quid
3260 1926 3416 1989 ergo
3483 1906 3563 1972 de
3621 1906 3820 1973 calice
3886 1906 4231 1972 dicendum
4289 1904 4459 1971 erit?

2523 1990 2816 2055 Fruatur
2860 2013 3014 2074 ergo
3058 2012 3174 2056 suo
3218 2013 3434 2071 sensu,
3480 1991 3669 2058 modo
3720 2014 3803 2058 ne
3839 1992 3985 2076 plus
4019 2014 4059 2058 a
4092 2013 4201 2057 me
4242 1993 4465 2076 exigat

2521 2097 2717 2158 quam
2772 2077 2894 2141 sim
2951 2076 3359 2160 praestando.
3449 2076 3782 2161 Quidquid
3835 2078 4346 2161 disputationum
4388 2079 4458 2142 in

2521 2162 2657 2227 suis
2700 2162 2906 2227 literis
2947 2164 3152 2246 agitat
3210 2164 3277 2228 in
3338 2163 3460 2231 hoc
3506 2164 3772 2230 cardine
3818 2166 4113 2241 vertitur,
4157 2163 4458 2229 naturale

2521 2246 2771 2312 Christi
2837 2269 3072 2331 corpus
3138 2249 3322 2314 nobis
3386 2251 3455 2313 in
3520 2250 3736 2316 cibum
3802 2270 3934 2315 non
4001 2250 4157 2314 dari.
4248 2247 4458 2331 Quasi

2520 2333 2783 2400 aliunde
2837 2355 3033 2417 quam
3091 2355 3131 2398 a
3185 2335 3466 2400 naturali
3522 2356 3787 2418 corpore
3840 2334 4121 2420 petenda
4173 2335 4261 2401 sit
4304 2336 4455 2400 vita.

2521 2420 2726 2501 Atqui
2771 2419 2837 2484 in
2886 2420 3007 2484 hoc
3049 2421 3265 2502 potius
3309 2423 3518 2504 capite
3560 2422 3861 2486 insistere
3897 2421 4166 2487 decebat
4210 2442 4289 2486 ne
4331 2440 4458 2505 qua

2518 2507 2807 2591 fingatur
2862 2505 3266 2571 substantiae
3325 2506 3427 2572 vel
3496 2507 3847 2573 transfusio
3905 2508 4008 2573 vel
4063 2509 4452 2574 commixtio.

2518 2591 2625 2656 Ad
2695 2593 2867 2657 hunc
2933 2591 3192 2675 quidem
3258 2594 3395 2675 ipse
3460 2614 3716 2675 quoque
3784 2614 4053 2677 scopum
4118 2593 4457 2660 nobiscum

2516 2676 2695 2742 haud
2731 2677 2924 2742 dubie
2961 2677 3280 2743 collimat:
3318 2678 3430 2743 sed
3467 2688 3685 2743 tamen
3719 2678 4200 2762 aliquantulum
4224 2698 4457 2744 vereor

2516 2784 2599 2828 ne
2653 2783 3004 2846 paucorum
3064 2764 3413 2829 verborum
3469 2765 3790 2830 illecebris
3847 2775 4078 2848 captus
4136 2786 4322 2830 suam
4366 2764 4457 2829 lo-

2515 2848 2755 2932 quendi
2834 2850 3105 2914 formam
3171 2849 3368 2915 nimis
3439 2851 3726 2933 praecise
3790 2851 4083 2933 urgendo
4163 2850 4457 2916 homines

2513 2955 2802 3001 morosos
2847 2943 3205 3017 exasperet.
3268 2935 3453 3001 Haec
3495 2958 3616 3021 ogo
3654 2937 3724 3000 in
3768 2946 3957 3001 tuum
4001 2938 4235 3002 sinum.
4298 2934 4456 3002 Vel-

2515 3019 2644 3085 lem
2688 3021 2883 3100 enim,
2930 3023 2985 3086 si
3025 3021 3167 3086 fieri
3212 3032 3444 3106 posset,
3491 3044 3752 3088 omnem
3789 3021 4230 3107 proterviendi
4272 3043 4455 3089 occa-

2514 3106 2764 3173 sionem
2820 3107 3118 3173 hostibus
3173 3108 3391 3173 adimi.
3495 3109 3736 3175 Hostes
3790 3131 3920 3175 non
3979 3110 4123 3175 sine
4176 3110 4456 3176 acerbis-

2514 3193 2677 3258 simo
2742 3191 2962 3257 dolore
3020 3212 3251 3258 vocare
3307 3215 3532 3279 cogor,
3599 3195 3710 3278 qui
3774 3196 4053 3260 fratrum
4110 3195 4249 3261 1000
4313 3216 4457 3262 6666

2516 3277 2858 3344 debebant.
2930 3276 3256 3358 Quamvis
3301 3291 3520 3344 antem
3565 3302 3790 3347 eorum
3834 3281 4269 3366 pervicaciam
4312 3301 4454 3348 cor-

2514 3362 2665 3429 date
2709 3363 2982 3429 refntari
3024 3364 3358 3449 expediat,
3406 3373 3700 3432 nostrum
3748 3376 3968 3433 tamen
4011 3366 4279 3433 docendi
4316 3387 4454 3432 mo-

2515 3447 2673 3514 dum
2738 3451 2829 3516 sic
2894 3469 3192 3534 cuperem
3262 3454 3610 3535 temperari
3662 3460 3737 3517 ut
3803 3473 4025 3519 eorum
4092 3452 4455 3519 morositati

2514 3533 2687 3685 61111
2745 3555 2972 3601 01111166
3038 3557 3279 3621 aequos
3335 3547 3401 3602 et
3456 3559 3651 3604 sanos
3709 3548 4069 3605 extremam
4133 3538 4453 3605 invidiam

2512 3640 2634 3686 con
2684 3628 2843 3688 aret.

2685 3706 2789 3773 De
2852 3706 3150 3791 Philippo
3206 3729 3337 3774 11011
3395 3729 3544 3773 611111
3604 3708 3793 3775 valde
3847 3710 4099 3776 anxius.
4134 3715 4184 3792 )
4274 3711 4454 3777 Fieri

2511 3798 2728 3876 potest
2784 3802 2857 3858 ut
2914 3794 3120 3859 amico
3177 3815 3409 3879 pamm
3467 3793 3774 3877 prudenti
3826 3796 4053 3862 literas
4095 3816 4273 3862 meas
4314 3798 4455 3880 ipse

2514 3878 2890 3957 ostenderit,
2934 3885 3102 3963 quae
3140 3881 3194 3945 si
3240 3901 3392 3946 eum
3428 3893 3846 3965 pupugerunt
3878 3882 4044 3948 bene
4088 3895 4203 3948 est.
4270 3882 4453 3948 Nihil

2512 3975 2688 4031 certe
2742 3966 3082 4031 continent
3137 3966 3308 4049 quod
3366 3985 3473 4032 me
3544 3968 3880 4050 scripsisse
3934 3968 4279 4051 poeniteat.
4366 3969 4449 4034 D.

2513 4059 2734 4116 autem
2793 4050 3070 4115 Sturmio
3126 4052 3443 4117 assentior
3497 4052 3608 4135 qui
3665 4064 3933 4137 cuperet
3985 4053 4165 4120 illinc
4223 4053 4455 4137 quovis

2512 4136 2704 4200 modo
2757 4143 3140 4201 extractum.
3231 4137 3316 4202 Et
3372 4137 3493 4205 hoc
3549 4137 3674 4204 sibi
3731 4139 4014 4222 optabile
4068 4159 4210 4206 esse
4250 4139 4451 4206 videt.

2512 4219 2647 4288 Sed
2710 4222 3211 4306 cogitationibus
3277 4224 3476 4288 variis
3550 4224 3898 4292 distractus
3963 4246 4296 4310 nunquam
4361 4247 4453 4305 se,

2512 4307 2637 4372 nisi
2682 4306 2945 4373 aliunde
2988 4308 3274 4387 avulsus,
3321 4308 3582 4373 eximet.

2684 4391 2819 4459 Sed
2863 4416 3041 4461 nunc
3085 4394 3167 4461 de
3209 4403 3276 4461 te
3320 4393 3536 4478 potius
3579 4395 3922 4480 agendum,
3967 4397 4122 4481 quia
4164 4418 4269 4466 rea
4308 4418 4450 4463 ma

2513 4478 2724 4544 turior
2780 4487 2897 4545 est.
3002 4480 3223 4563 Quum
3281 4489 3346 4546 te
3399 4480 3622 4548 Celsus
3676 4489 3900 4548 noster
3955 4484 4036 4549 ab
4095 4483 4275 4549 Italis
4336 4484 4452 4567 qui

2518 4735 2844 4860 Marenen-05)
2804 4736 3219 4878 seiz-mucetum
3262 4739 3658 4878 Goeueqerqufflpz,
3710 4741 3775 4863 mi
3810 4740 4042 4862 qm
4070 4741 4451 4879 mawenae

2516 4873 2743 4928 Calvino
2786 4876 3147 4943 probabatur,
3190 4894 3353 4961 quun
3404 4893 3511 4946 pro
3560 4849 3845 4933 retinendo
3892 4877 4121 4933 Interim
4167 4885 4450 4952 samer-ct.

2520 4940 2678 5025 Quod
2709 4943 2796 5025 hic
2830 4944 2932 4998 tali
2963 4961 3274 5012 coqnomme
3307 4954 3553 5013 ornatur,
3596 4962 3664 5000 ex
3698 4962 3760 5001 eo
3799 4948 3965 5012 facile
3996 4949 4287 5003 confeceris
4329 4963 4450 5003 eum

2513 5018 2676 5067 etnam
2709 5012 2857 5067 alm
2889 5015 2957 5068 ob
2990 5030 3191 5070 causas
3216 5016 3355 5071 male
3384 5019 3655 5081 famatum
3683 5014 3874 5081 fuisse.
3931 5015 4246 5084 (Mar-bach,
4281 5015 4449 5072 .

2504 5083 2734 5150 passim
2776 5080 3049 5139 Roehnch
3085 5083 3181 5140 111.
3214 5082 3300 5138 93.

2710 5146 2778 5232 53)
2818 5150 2971 5206 Inter
3049 5168 3183 5222 quoa
3309 5155 3566 5206 carnium
3646 5157 3696 5207 et
3772 5152 4075 5208 Rubor-tam
4154 5155 4451 5210 certissimo

2713 5259 2775 5420 g)
2810 5289 3586 5424 gaam-affimant,
3621 5295 3734 5346 tau
3762 5289 4039 5438 Martyris
4069 5307 4229 5361 quan
4262 5291 4453 5349 Latet-
