4850 6200
448 419 567 479 651

443 605 653 672 11111110
687 604 911 670 minus
955 614 1175 668 autem
1220 602 1402 669 illam
1429 603 1688 669 silentio
1726 623 1871 667 meo
1916 602 2403 684 approbandam

446 713 588 757 6666
636 689 886 776 putavi.
978 689 1076 754 lbi
1146 709 1405 755 rursum
1476 689 1844 773 recognitor
1908 688 2020 752 ille
2083 707 2292 753 novas
2336 690 2405 752 in

444 800 550 843 me
613 778 836 841 turbas
900 796 1164 841 movere
1229 776 1529 857 protinus
1607 776 1846 857 coepit:
1929 773 2403 840 confessionem

446 886 657 929 meam
705 865 772 927 in
831 863 1036 946 ipsius
1090 862 1550 927 contumeliam
1599 859 1838 925 editam
1881 881 2041 938 esse,
2083 872 2148 925 et
2184 862 2403 926 nescio

446 973 627 1034 quae.
727 947 1050 1031 Respondi
1095 969 1201 1013 me
1247 970 1375 1013 non
1421 948 1628 1030 ipsius
1672 966 1869 1011 causa
1917 967 2062 1010 eam
2103 945 2402 1025 edidisse,

445 1036 556 1103 sed
604 1046 678 1101 ut
726 1056 1018 1119 sparsam
1066 1034 1224 1098 falso
1269 1034 1350 1098 (16
1392 1054 1499 1097 1116
1564 1032 1996 1115 suspicionem
2043 1032 2214 1114 apud
2260 1032 2404 1115 pios

447 1145 675 1189 omnes
732 1143 770 1186 a
846 1142 949 1185 me
1034 1120 1444 1203 depellerem.
1537 1117 1726 1199 Quod
1773 1119 1829 1183 si
1886 1119 2026 1200 ipse
2071 1119 2211 1183 eius
2256 1141 2401 1183 sus-

450 1209 721 1293 picionis
745 1219 934 1271 autor
959 1226 1087 1271 non
1122 1220 1314 1281 esset,
1352 1206 1814 1271 confessionem
1841 1225 2055 1269 meam
2081 1205 2161 1269 ad
2186 1205 2401 1287 ipsum

448 1296 610 1360 nihil
657 1295 1006 1378 pertinere.
1096 1290 1172 1358 Si
1233 1313 1387 1356 vero
1433 1302 1622 1356 autor
1665 1304 1853 1365 esset,
1900 1303 2039 1355 tum
2086 1312 2244 1356 sane
2286 1290 2399 1355 ad-

446 1401 709 1447 versum
734 1381 945 1463 ipsum
971 1388 1039 1441 et
1061 1378 1415 1461 omnesqui
1438 1377 1609 1441 idem
1634 1394 2063 1461 agnoscerent
2090 1378 2399 1458 scriptam

444 1489 600 1532 esse.
649 1464 841 1547 Quod
868 1466 920 1529 si
951 1478 1062 1529 aut
1087 1465 1301 1546 ipsum
1339 1476 1449 1527 aut
1485 1463 1687 1526 alium
1714 1465 2086 1545 quempiam
2112 1464 2295 1527 nulla
2330 1465 2399 1527 in

446 1566 627 1637 parte
652 1552 1028 1628 offenderet,
1058 1571 1161 1614 1116
1185 1550 1365 1613 1116111
1390 1549 1903 1633 approbaturum
1936 1570 2093 1613 esse.
2163 1550 2399 1614 Postu·

444 1640 620 1704 labat
665 1640 929 1701 demum
974 1636 1102 1713 1116,
1140 1648 1216 1700 ut
1260 1638 1326 1700 in
1375 1644 1561 1701 coetu
1601 1634 1862 1718 publico
1906 1650 2242 1719 pastorum
2292 1658 2401 1700 ex-

443 1741 808 1792 cuteretur:
859 1743 1262 1805 excussaque
1305 1738 1365 1786 et
1415 1722 1772 1805 approbata
1813 1734 1928 1786 est.
1968 1721 2245 1787 Interim
2292 1723 2402 1788 ille

445 1828 662 1876 tamen
733 1808 1043 1874 articulos
1108 1807 1415 1889 quosdam
1476 1830 1629 1873 suos
1674 1808 1965 1891 protulit,
2014 1808 2400 1891 volebatque

443 1908 519 1962 ut
563 1897 643 1961 ad
689 1896 834 1961 illos
879 1895 1356 1977 responderem.
1449 1894 1780 1976 Respondi
1829 1895 2070 1978 scripto
2115 1909 2187 1958 ut
2232 1893 2402 1958 nihil

442 1983 702 2048 domum
753 1981 1227 2046 contradiceret
1293 1990 1360 2044 et
1401 1980 1599 2063 plane
1643 1980 1845 2044 etiam
1891 1982 2394 2062 conquiesceret.

444 2070 625 2134 Haec
662 2088 853 2150 porro
899 2090 1004 2132 res
1045 2067 1287 2132 aulicos
1346 2067 1493 2130 illos
1540 2066 1965 2131 vehementer
2008 2065 2396 2132 offendebat.

442 2156 599 2220 Mox
630 2154 843 2219 editus
868 2164 967 2218 est
990 2152 1444 2219 catechismus
1466 2173 1785 2218 consensu
1808 2153 2116 2229 omnium,
2142 2152 2398 2217 reiectis

441 2241 771 2324 prioribus
836 2240 966 2304 illis
1034 2237 1605 2322 recognitionibus,
1630 2243 1687 2315 ⁴)
1756 2259 1882 2321 quo
1950 2238 2140 2302 aulici
2190 2238 2396 2302 multo

441 2327 655 2393 adhuc
722 2328 931 2410 magis
988 2340 1141 2391 sunt
1196 2326 1444 2390 offensi.
1536 2326 1627 2388 Et
1677 2346 1881 2406 quum
1930 2323 2245 2399 viderent,
2291 2345 2396 2389 me

439 2413 571 2479 illic
618 2428 958 2495 praesente
1018 2434 1145 2476 non
1193 2433 1380 2495 posse
1436 2412 1576 2475 sine
1622 2432 1857 2494 magno
1903 2411 2102 2474 totius
2147 2412 2397 2494 patriae

437 2510 619 2564 motu
668 2500 1092 2563 mutationem
1139 2498 1470 2563 doctrinae
1517 2497 1715 2561 ullam
1763 2495 2005 2573 induci,
2052 2497 2396 2561 consilium

439 2585 520 2649 de
566 2608 669 2649 me
724 2586 902 2650 illinc
952 2583 1373 2667 propellendo
1433 2584 1756 2648 inierunt:
1801 2604 1905 2647 me
1954 2583 2256 2648 videlicet
2300 2583 2396 2647 ita

438 2673 721 2737 invisum
768 2694 908 2737 esse
975 2671 1163 2735 aulae
1212 2669 1731 2751 Burgundiacae,
1800 2686 1873 2733 ut
1940 2670 2079 2733 sine
2148 2671 2396 2752 patriae

438 2760 724 2843 periculo
767 2759 923 2823 ferri
969 2758 1104 2823 illic
1127 2756 1408 2839 amplius
1433 2778 1563 2819 non
1604 2777 1876 2838 possem.
1948 2757 2131 2820 Uessi
2176 2757 2395 2837 itaque

436 2846 625 2911 furiis
678 2846 936 2910 illorum
985 2845 1249 2908 hortatu
1318 2843 1518 2905 totius
1563 2843 1890 2919 ecclesiae,
1938 2864 2102 2923 quae
2147 2863 2252 2906 me
2294 2843 2394 2906 in-

436 2934 624 2996 terim
674 2943 813 2995 1016
856 2931 1259 2996 unanimiter
1284 2950 1398 3013 pro
1421 2950 1538 2993 suo
1561 2928 1778 2992 adhuc
1800 2938 2055 3010 pastore
2079 2928 2392 3011 agnoscit,

436 3040 647 3103 neque
702 3018 903 3082 alium
964 3035 1355 3100 quemquam
1411 3014 1553 3079 vult
1597 3028 1817 3097 petere
1863 3026 1978 3079 aut
2021 3034 2394 3097 agnoscere,

435 3119 505 3170 et
546 3106 751 3168 tantis
794 3125 900 3167 me
944 3115 1041 3167 est
1077 3103 1306 3167 officiis
1340 3111 1751 3183 prosequuta,
1798 3111 1990 3183 atque
2035 3102 2395 3165 etiamnum

436 3191 870 3274 prosequitur,
900 3201 971 3253 ut
1006 3189 1183 3255 illius
1216 3208 1371 3271 ergo
1398 3208 1504 3252 me
1548 3207 1836 3251 amorem
1885 3208 1960 3251 ac
2002 3187 2197 3251 fidem
2235 3186 2395 3251 satis

436 3275 818 3363 praedicare
863 3296 993 3340 non
1054 3273 1318 3360 possim.
1408 3271 1738 3337 Volumen
1783 3292 1925 3338 esse
1968 3281 2296 3355 oporteret
2339 3273 2396 3337 si

436 3363 660 3428 omnia
705 3363 1005 3446 prosequi
1068 3360 1335 3425 vellem:
1395 3357 1508 3424 sed
1567 3379 1779 3442 neque
1828 3373 2087 3441 tempus
2154 3357 2219 3422 id
2263 3359 2393 3423 iam

435 3449 706 3531 patitur,
768 3469 981 3531 neque
1024 3468 1171 3512 mea
1229 3448 1606 3511 etiamnunc
1673 3445 1982 3510 valetudo
2045 3445 2385 3529 permittit.

437 3535 623 3600 Alias
689 3535 891 3618 igitur
963 3534 1170 3618 plura,
1261 3533 1550 3598 Tantum
1617 3532 1741 3597 hoc
1806 3531 2063 3610 addam,
2131 3533 2224 3596 ita
2289 3552 2395 3596 me

437 3621 571 3685 illic
616 3631 685 3685 et
730 3621 1065 3684 ministros
1125 3618 1542 3685 ecelesiarum
1603 3617 1741 3684 fere
1795 3620 2093 3683 omnium
2136 3631 2205 3683 et
2247 3617 2393 3682 uni-

435 3728 700 3772 versam
750 3727 962 3770 meam
1004 3706 1327 3782 eclesiam,
1365 3705 1446 3770 ad
1488 3705 1653 3770 11666
1687 3717 1753 3769 61
1796 3726 2099 3787 proceres
2144 3704 2394 3788 patriae

436 3814 663 3858 omnes
706 3793 776 3857 in
823 3791 1121 3859 doctrina
1153 3800 1376 3856 nostra
1419 3793 1835 3858 confirmatos
1879 3792 2199 3874 planeque
2242 3812 2394 3856 con-

437 3883 793 3944 sentientes
858 3880 1213 3962 reliquisse,
1281 3891 1354 3941 ut
1413 3898 1754 3960 nunquam
1800 3891 1994 3941 antea
2036 3888 2220 3942 tanta
2254 3899 2393 3943 om-

438 3966 624 4030 nium
668 3965 865 4029 simul
921 3967 1290 4030 animorum
1335 3965 1708 4030 coniunctio
1750 3964 1839 4029 sit
1882 3963 2015 4029 illic
2048 3973 2396 4046 conspecta

438 4052 553 4132 (sit
611 4053 824 4135 gratia
884 4052 1168 4116 Domino
1231 4051 1372 4115 Deo
1427 4056 1696 4127 nostro),
1753 4050 1882 4116 nisi
1925 4050 2095 4132 quod
2140 4049 2394 4116 aulicus

436 4142 864 4220 magistratus
973 4136 1121 4202 lane
1186 4137 1429 4218 impius
1494 4147 1610 4201 est.
1728 4136 1815 4200 Et
1878 4136 2021 4220 ipsa
2086 4138 2392 4219 princeps

435 4221 639 4287 vidua
700 4224 772 4287 in
824 4159 1037 4290 studio
1098 4222 1432 4306 religionis
1492 4222 1685 4305 plane
1728 4221 2065 4287 refrixisse
2112 4222 2389 4288 videtur.

437 4309 540 4374 Ad
612 4309 862 4392 reliqua
920 4322 1141 4375 vestra
1204 4330 1380 4374 nunc
1447 4307 1611 4372 nihil
1679 4308 2057 4390 respondeo,
2119 4330 2273 4373 nam
2318 4329 2391 4373 re

436 4417 593 4460 vera
646 4416 779 4460 non
827 4417 1102 4478 possum.
1200 4393 1476 4460 Salvere
1534 4393 1725 4459 iubeo
1793 4403 2044 4475 patrem
2089 4403 2390 4459 nostrum

432 4502 850 4547 communem
924 4483 1001 4547 D.
1078 4481 1473 4546 Pellicanum
1549 4491 1613 4544 et
1672 4488 2077 4563 symmystas
2141 4499 2387 4544 omnes.

437 4568 764 4718 Doininus
807 4565 978 4632 adsit
1003 4568 1183 4633 vobis
1217 4567 1452 4649 spiritu
1476 4586 1613 4631 suo,
1675 4568 1915 4631 Amen.
1971 4565 2392 4630 Francoforti

435 4663 493 4718 8.
579 4655 721 4718 unii
778 4659 958 4716 1555.

1463 4788 1705 4855 Vester
1749 4799 2036 4874 quantus
2077 4798 2177 4854 est

1341 4877 1623 4943 Ioannes
1669 4898 1708 4942 a
1750 4877 1967 4944 Lasco
2009 4895 2096 4940 m.
2142 4896 2284 4960 ppr.

640 5065 697 5133 4)
732 5065 783 5120 6.
828 5065 944 5122 Oce.
986 5065 1135 5121 1⁶54.

1960 413 2487 483 EPIS'POLAE
2534 419 2960 480 2225—2227

4338 419 4463 481 652

3391 603 3595 675 222⁶.

2936 775 3293 842 OALVIN
3336 779 3396 841 A
3443 776 3634 843 UNE
3677 776 3964 843 DAME.
4001 782 4053 857 ¹)

2688 946 3113 1014 consolat-sons
3149 954 3204 1013 et
3245 954 3789 1032 encourayemevds.

2512 1137 2752 1207 (Oopies.
2823 1137 2981 1191 Bible
3016 1137 3086 1190 de
3122 1136 3363 1191 Geneve.
3414 1138 3535 1192 Vol.
3576 1136 3719 1205 107⁸,
3762 1138 3853 1192 fol.
3890 1137 4010 1193 332.
4053 1140 4167 1193 vol.
4205 1138 4324 1204 108,
4372 1142 4468 1197 fol.

2514 1204 2626 1261 188.
2666 1208 2860 1275 Berne,
2899 1206 2995 1261 VI.
3017 1204 3136 1260 125.
3181 1236 3234 1244 -
3265 1206 3481 1260 Lettros
3515 1207 3581 1260 fr.
3617 1206 3689 1261 11.
3710 1206 3796 1260 57.
3832 1207 3992 1261 Trad.
4011 1209 4168 1274 Angl.
4189 1209 4284 1263 111.
4317 1207 4463 1277 187.)

2681 1397 3006 1473 Madame,
3064 1396 3361 1461 combien
3421 1418 3544 1478 que
3588 1397 3800 1461 1611666
3845 1397 4058 1463 desire
4103 1399 4311 1484 (1011511-
4353 1422 4467 1464 en-

2508 1505 2687 1548 cores
2733 1483 3068 1547 milleures
3105 1481 3445 1546 nouvelles
3465 1480 3545 1546 de
3571 1503 3749 1559 vous,
3777 1504 4092 1569 assavoyr
4134 1505 4258 1568 que
4303 1508 4467 1553 vous

2509 1570 2741 1634 fussiez
2788 1590 2872 1633 en
2933 1589 3124 1651 repos
3182 1565 3450 1650 desprit‚
3511 1578 3779 1634 servant
3796 1569 3854 1648 2)
3922 1570 4381 1653 paisiblement
4425 1594 4468 1638 a

2508 1656 2701 1733 Dieu,
2748 1656 3075 1738 toutefoys
3121 1654 3229 1738 iay
3274 1664 3413 1719 este
3457 1654 3721 1737 ioyeulx
3757 1653 3837 1719 de
3880 1658 4102 1721 savoir
4126 1678 4252 1739 6116
4297 1679 4466 1724 vous

2508 1763 2594 1806 ne
2631 1762 2796 1806 vous
2832 1742 3036 1806 lassez
3073 1741 3259 1825 point
3294 1739 3374 1804 de
3411 1742 3725 1825 soupirer,
3763 1751 3832 1805 et
3875 1753 4048 1807 estre
4093 1764 4176 1807 en
4222 1744 4468 1826 painne

2507 1849 2671 1910 pour
2715 1827 3033 1892 chercher
3077 1826 3136 1891 le
3181 1847 3416 1909 moyen
3457 1824 3536 1891 de
3581 1849 3740 1892 vous
3785 1828 4076 1910 aequiter
4119 1826 4200 1894 de
4246 1843 4465 1895 vostre

2506 1912 2833 1995 debvoyr:
2880 1923 3017 1977 cest
3040 1914 3227 1997 ainsy
3255 1912 3390 1994 quil
3429 1932 3595 1977 nous
3632 1914 3942 1978 convient
3965 1914 4261 1979 batailler
4299 1936 4465 1998 pour

2506 2020 2748 2082 suyvre
2814 1999 2876 2062 le
2941 1998 3046 2063 filz
3113 1998 3192 2062 de
3238 1998 3429 2063 Dieu,
3521 1997 3709 2081 Vray
3776 2011 3878 2063 est
3923 2021 4048 2082 que
4111 2012 4256 2065 tous
4301 2014 4464 2067 nont

2505 2086 2690 2167 point
2733 2106 2825 2149 un
2884 2084 3086 2166 pareil
3142 2084 3419 2151 combat.
3510 2083 3586 2149 Si
3645 2107 3786 2150 esse
3809 2087 3866 2167 ⁸)
3925 2107 4050 2169 que
4093 2088 4330 2152 sathan
4379 2109 4463 2153 ne

2505 2172 2744 2235 souffrc
2801 2171 3031 2235 iamais
3090 2190 3216 2252 que
3277 2171 3450 2234 Dieu
3504 2172 3629 2235 soit
3674 2171 4121 2253 plainnement
4165 2173 4463 2240 honnore

2506 2257 2586 2321 de
2649 2278 2831 2336 nous,
2897 2277 3048 2321 sans
3105 2279 3148 2340 y
3208 2266 3443 2320 mettre
3499 2257 3779 2340 quelque
3820 2257 4194 2325 resistance.
4290 2259 4461 2326 Vous

2504 2366 2587 2407 en
2633 2355 2849 2407 sentes
2873 2342 2952 2406 de
2977 2356 3196 2408 vostre
3220 2354 3368 2425 part
3391 2343 3724 2426 beaucoup
3769 2343 3920 2427 plus
3965 2366 4090 2426 que
4136 2345 4460 2427 plusieurs

2504 2452 2588 2494 ne
2632 2428 2791 2507 font,
2839 2430 3003 2493 mais
3049 2441 3271 2493 nostre
3317 2429 3445 2495 bon
3493 2427 3667 2494 Dieu
3712 2431 3840 2494 sait
3883 2430 4033 2494 bien
4078 2451 4243 2513 pour
4285 2453 4461 2516 quoy

2503 2515 2549 2579 il
2598 2537 2757 2580 vous
2802 2536 3120 2598 esprouve
3165 2514 3378 2598 ainsy,
3424 2535 3537 2580 car
3579 2515 3903 2599 langoisse
3948 2536 4033 2581 ou
4076 2538 4243 2583 vous
4287 2528 4460 2584 estes

2502 2612 2606 2666 661
2648 2613 3036 2684 vrayement
3084 2623 3170 2666 un
3216 2621 3499 2666 examen
3536 2600 3615 2665 de
3647 2610 3867 2667 vostre
3911 2602 4041 2686 foy,
4085 2624 4253 2685 pour
4295 2625 4460 2670 vous

2501 2688 2662 2752 faire
2705 2688 2915 2751 sentir
2958 2709 3081 2770 que
3124 2688 3313 2752 vault
3351 2709 3422 2752 se
3444 2698 3685 2752 tresort
3720 2688 4156 2767 inestimable,
4204 2689 4458 2756 lEvan-

2502 2773 2652 2857 gile,
2713 2773 2928 2856 lequel
2982 2784 3086 2837 est
3140 2782 3284 2837 tant
3341 2774 3656 2856 mesprise
3703 2774 3793 2838 du
3834 2775 4090 2839 monde.
4180 2776 4238 2840 11
4285 2788 4460 2842 reste

2507 2965 2552 2974 ...ο

2501 3081 2771 3146 2228.1)
2809 3082 3002 3137 Lettre
3037 3098 3162 3134 sans
3197 3081 3432 3150 adresse,
3480 3088 3704 3150 portant
3745 3101 3885 3153 pour
3930 3085 4132 3154 unique
4176 3083 4331 3138 date:
4381 3084 4457 3140 Ce

2507 3153 2594 3209 100
2630 3151 2700 3205 de
2727 3153 2847 3220 juin
2886 3192 2897 3203 .
2937 3194 2949 3206 .
2987 3192 3000 3204 .
3039 3152 3224 3205 Ecrite
3268 3151 3301 3203 a
3345 3153 3398 3204 la
3443 3151 3705 3205 duchesse
3750 3152 3819 3207 de
3859 3153 4089 3208 Ferrare
4127 3170 4195 3207 en
4233 3151 4384 3220 1555,
4421 3154 4458 3209 a

2500 3220 2786 3276 l’oocasion
2839 3221 2936 3273 des
2993 3219 3365 3289 ρει-6601111066
3418 3238 3524 3289 6116
3575 3230 3721 3274 cette
3769 3223 4047 3291 princesse
4099 3223 4249 3276 avait
4300 3239 4369 3276 611
4422 3223 4457 3275 a

2499 3290 2717 3343 soufl'rir
2769 3307 2908 3357 pour
2960 3306 3058 3342 son
3112 3290 3481 3343 attachement
3515 3290 3549 3343 a
3594 3292 3648 3344 16
3693 3291 3767 3344 foi
3815 3291 4108 3355 reformes,
4162 3298 4221 3344 et
4253 3293 4349 3360 6111
4384 3308 4455 3346 ne

2500 3357 2778 3412 cesserent
2811 3375 2912 3429 pas
2949 3357 3312 3412 entierement
3345 3376 3478 3412 aveo
3512 3377 3573 3412 66
3594 3361 3872 3428 captivite.
3924 3361 4060 3415 Voir
4092 3360 4148 3412 16
4180 3361 4345 3414 lettre
4379 3361 4458 3415 du

2500 3427 2535 3479 2
2569 3427 2784 3481 sevrier.
2873 3426 3018 3480 O’est
3053 3428 3086 3480 a
3120 3445 3208 3480 666
3243 3427 3508 3497 epreuves
3543 3429 3913 3498 domestiques
3951 3446 4056 3499 que
4102 3430 4153 3482 le
4198 3429 4454 3483 reforma»

2500 3510 2626 3549 teur
2661 3497 2761 3548 fait
2795 3497 3025 3550 allusion
3049 3497 3185 3549 dans
3222 3497 3273 3550 le
3309 3514 3535 3567 passage
3571 3500 3815 3552 suivant:
3869 3526 3968 3565 ,,-
3989 3500 4134 3553 Vous
4160 3515 4228 3551 en
4268 3507 4453 3552 sentez

2500 3566 2570 3618 de
2589 3571 2772 3618 vostre
2800 3573 2926 3633 part
2955 3567 3232 3634 beaucoup
3263 3567 3383 3636 plus
3402 3583 3509 3636 que
3538 3568 3808 3636 plusieurs
3829 3584 3897 3622 ne
3931 3568 4066 3634 font,
4103 3568 4239 3622 mais
4264 3576 4454 3621 noem

2500 3636 2610 3688 bon
2644 3635 2782 3687 Dieu
2834 3635 2974 3703 66611
3022 3635 3149 3689 bien
3197 3651 3337 3703 pour
3383 3651 3526 3703 quoy
3569 3637 3611 3689 il
3658 3653 3791 3690 vous
3845 3653 4112 3707 espronve
4146 3637 4321 3706 ainsy,
4358 3652 4453 3690 061·

2501 3704 2786 3771 l’angoisse
2822 3702 2891 3757 011
2939 3721 3073 3758 vous
3121 3713 3267 3757 estes
3312 3712 3397 3756 est
3431 3715 3751 3774 vrayement
3785 3723 3857 3760 un
3904 3723 4128 3760 examen
4164 3705 4234 3759 de
4269 3713 4458 3762 vostre

2499 3773 2554 3827 fo
2593 3815 2606 3836 ,
2641 3789 2779 3842 pour
2812 3789 2947 3826 vous
2981 3773 3117 3826 faire
3151 3773 3325 3826 sentir
3359 3789 3419 3825 06
3445 3790 3550 3841 6116
3569 3783 3700 3826 vaut
3736 3791 3797 3827 ce
3843 3775 4058 3828 thresor
4091 3775 4456 3838 inestimable,

2498 3792 2816 3910 l'gvangile,
2848 3843 3030 3911 lequel
3065 3850 3148 3895 est
3184 3851 3306 3895 tant
3340 3843 3602 3911 mesprise
3637 3843 3708 3894 du
3732 3843 3979 3896 monde.“
4008 3873 4075 3882 —
4099 3842 4253 3897 Cette
4287 3844 4456 3897 lettre

2498 3911 2583 3964 fut
2618 3911 2808 3980 portee
2843 3909 2876 3963 6
2909 3911 2963 3964 16
2986 3911 3250 3965 (1116116666
3271 3913 3340 3965 (16
3360 3913 3602 3978 Fet-rare,
3640 3929 3740 3980 par
3759 3929 3828 3964 nn
3866 3913 4119 3993 seigneur
4141 3912 4211 3965 de
4230 3912 4452 3981 Naples,

2500 3980 2560 4033 re
2658 3980 2705 4033 'e
2740 3979 2774 4032 a
2808 3980 3045 4048 Geneve,
3080 3980 3132 4034 le
3167 3998 3256 4034 ma
3325 3981 3408 4033 uis
3430 3981 3498 4033 de
3519 3981 3667 4034 Vico.
3742 3981 3785 4033 11
3822 3987 3994 4049 partit
4028 3982 4096 4034 de
4128 3988 4271 4034 cette
4305 3982 4456 4047 ville,

2499 4050 2550 4103 16
2637 4118 2645 4130 .
2682 4049 2804 4118 juin
2843 4048 2993 4115 1555,
3049 4049 3246 4129 charge
3329 4049 3448 4132 ‘une
3484 4050 3703 4103 mission
3738 4047 3948 4103 secr'ete
3980 4049 4051 4103 de
4088 4049 4280 4103 Oalvin
4309 4066 4456 4174 pour

2498 4117 2698 4172 Renee.
2771 4117 2911 4172 Voir
2953 4119 3008 4171 la
3061 4119 3148 4172 Vre
3194 4119 3261 4173 de
3301 4118 3504 4172 Galeas
3543 4117 3866 4185 caraccioli,
3911 4135 4034 4172 mar
4121 4120 4133 4131 '
4193 4119 4262 4174 de
4351 4121 4455 4188 ico,

2498 4186 2739 4240 traduite
2776 4203 2844 4240 en
2891 4187 3127 4256 francais
3171 4205 3272 4256 par
3307 4187 3561 4241 Teissier.
3633 4187 3998 4253 Amsterdam,
4035 4134 4189 4242 1081.
4264 4188 4294 4240 1
4333 4187 4453 4242 Vol.

2497 4256 2663 4310 111-18.
2701 4256 2994 4321 (Bonna).
3065 4254 3229 4310 Nous
3263 4258 3639 4310 tranxrivons
3673 4263 3802 4310 cette
3824 4263 3948 4311 note
3980 4273 4045 4310 en
4083 4259 4258 4310 entier
4287 4271 4456 4324 pares

2495 4342 2599 4395 que
2632 4340 2774 4378 nous
2806 4326 3038 4379 n’avons
3070 4327 3191 4378 rien
3228 4323 3296 4378 de
3326 4327 3452 4392 plus
3483 4326 3684 4393 positi!
3715 4328 3752 4380 ὰ
3786 4325 4012 4380 danaen
4066 4325 4234 4382 Nous
4262 4326 4458 4393 farone

2495 4392 2795 4462 cepenam
2843 4395 3092 4489 obserat-r
3135 4409 3238 4463 que
3279 4393 3703 4473 les-ammata
3744 4395 3983 4474 afflantes
4024 4412 4095 4450 ne
4127 4396 4457 4451 conam

2492 4478 2720 4585 ‘'m‘-
2729 4479 2955 4588 3355..
2985 4480 3111 4586 ‘232'
3139 4463 3655 4586 5129113111*
3666 4463 3989 4588 xm
4016 4463 4455 4602 αξΐΐῆέξὲἶ

2491 4616 2589 4668 aer
2624 4599 2691 4653 de
2725 4599 2782 4653 la
2816 4607 3120 4655 commum
3156 4599 3347 4654 d‘aner
3380 4603 3418 4656 ὰ
3451 4601 3508 4655 la
3541 4615 3726 4655 mem.
3804 4600 3922 4656 Une
3951 4603 4105 4657 lettre
4136 4600 4245 4656 d’O
4407 4604 4416 4614 '

2498 4668 2727 4723 Morosa
2771 4671 2808 4723 ὰ
2858 4669 3143 4739 Verqerian
3183 4669 3342 4766 §lateo
3384 4669 3450 4723 aa
3495 4670 3820 4752 Heidelbery
3858 4673 4050 4739 parcit
4091 4672 4292 4726 mdo-e
4335 4673 4455 4726 cela

2492 4753 2613 4888 {⁰32
2631 4738 3767 4878 tm.“;.⁰{⁶tf⁶1²³²5.23.“.12‚³⁶m¹“
3670 4740 4032 4877 Μῗέτῖῗὲ.
4050 4742 4455 4878 flamm&

2493 4892 2583 4930 em
2623 4875 2964 4932 Lebensbild.
3022 4876 3180 4932 Goth.
3221 4875 3369 4943 1869,
3422 4893 3475 4941 p.
3514 4876 3627 4942 86).
3705 4875 3894 4946 Quane
3925 4881 3962 4933 ὰ
3996 4894 4056 4933 ce
4098 4880 4198 4949 qm·
4241 4885 4320 4932 esi
4364 4877 4456 4932 ait

2493 4945 2571 5000 du
2722 4943 4456 5027 aoniumquisdeVieo,s-ousiynoronaemquoise

2489 4961 2749 5082 ίοκάἶοῖα
2782 5017 2959 5071 noties
2989 5017 3219 5070 relatwe
3249 5017 3288 5070 ἀ
3323 5031 3429 5069 une
3461 5017 3690 5071 misma
3723 5018 3936 5072 mae.
4011 5017 4102 5070 La
4133 5018 4458 5140 ῠόοφωὲἠιο

2490 5083 2701 5138 inseres
2745 5099 2823 5138 au
2872 5084 3020 5138 Mus.
3057 5084 3191 5139 11610.
3237 5083 3303 5138 11.
3342 5082 3449 5138 550
3493 5092 3546 5141 et
3597 5085 3653 5138 la
3686 5083 3836 5141 ,Note
3889 5085 3955 5139 de
3990 5085 4175 5155 Heyer
4222 5102 4279 5154 p.
4383 5101 4460 5140 ne

2439 5185 2442 5198 .
2485 5153 2862 5278 fflglsntotuque
2912 5154 3078 5209 d’une
3128 5159 3378 5208 entrerue
3439 5154 3507 5208 de
3565 5153 3839 5209 Galeauo
3891 5169 4023 5209 avec
4078 5169 4179 5209 ⁸0¹⁸
4235 5155 4364 5224 pen
4413 5156 4460 5211 ὰ

2699 5260 2852 5355 2)·16
2887 5294 3037 5361 eopse
3067 5308 3170 5362 que
3205 5306 3346 5347 nous
3380 5293 3605 5346 suivans
3628 5297 3822 5360 porte.-
3855 5297 4183 5346 sentement.

2701 5361 2762 5426 3)
2796 5363 2891 5416 σέο.
2962 5361 3206 5430 (est-ce).
