4850 6200
548 409 674 470 803

547 591 911 659 Mauricius
928 598 982 663 ²)
1035 592 1144 658 hic
1192 614 1476 675 pransus
1524 600 1624 659 est
1679 593 1784 659 die
1840 595 2168 659 hesterno.
2269 596 2487 660 Breve

540 679 721 744 inter
780 700 897 743 nos
940 678 1066 742 fuit
1122 679 1510 760 colloquium
1557 681 1709 762 quia
1752 679 2059 746 Gaiensis
2125 682 2488 763 praefectus

547 765 816 830 honoris
860 783 1054 829 eausa
1097 785 1225 828 non
1272 766 1494 847 procul
1520 766 1762 840 aberat,
1808 775 1875 830 et
1917 766 2097 829 nullo
2129 767 2320 831 modo
2362 767 2488 831 im-

540 851 786 935 petrari
846 851 1063 932 potuit
1105 859 1182 913 ut
1226 850 1472 916 diutius
1516 860 1827 915 maneret.
1917 852 2213 916 Venerat
2253 853 2488 936 plenus

538 935 931 1020 prodigiosis
988 937 1337 1019 figmentis.
1427 937 1697 1003 Utinam
1747 955 1898 1000 eum
1951 938 2117 1002 bene
2160 958 2487 1022 purgave-

543 1023 690 1087 rim.
776 1023 877 1086 De
920 1021 1228 1086 fratribus
1274 1023 1548 1104 captivis
1566 1024 1622 1102 ⁸)
1668 1022 1881 1087 adhuc
1915 1022 2274 1104 pendemus
2310 1024 2489 1089 inter

542 1128 728 1189 spem
771 1116 839 1170 et
880 1115 1146 1171 metum.
1216 1106 1467 1173 Iterum
1512 1107 1744 1172 valete.
1815 1108 2129 1173 Genevae
2176 1113 2231 1174 3.
2274 1111 2488 1175 calen—

544 1191 663 1259 das
707 1192 1010 1259 Octobris
1058 1194 1245 1255 1555.

1434 1328 1714 1394 Ioannes
1757 1329 2076 1397 Calvinus
2123 1341 2354 1398 vester.

1419 1856 1623 1926 2309.

885 2009 1453 2078 HO'POMANUS
1498 2012 2137 2080 BULLINGERO.

707 2178 1009 2245 Basileae
1050 2182 1278 2247 multos
1333 2183 1494 2247 videt
1541 2182 1922 2250 Castalionis
1964 2188 2289 2264 studioso-3,
2341 2187 2483 2254 Gal-

532 2265 672 2331 vim‘
705 2267 1134 2332 obtrectatore-9.
1211 2269 1334 2349 Qui
1367 2271 1529 2334 satis
1558 2272 1744 2352 yravi
1777 2270 1986 2336 morbo
2019 2294 2182 2338 nunc
2225 2274 2481 2340 laborat.

534 2435 888 2503 OExcerptum
925 2453 991 2490 ex
1028 2437 1156 2491 cod.
1195 2440 1370 2493 Paris.
1411 2439 1554 2493 Bibl.
1589 2442 1789 2495 nation.
1826 2440 1981 2511 8586,
2025 2444 2116 2497 fol.
2160 2443 2208 2497 2.
2249 2448 2480 2515 Autogr.

531 2504 808 2573 Integram
857 2507 1114 2559 exhibent
1165 2509 1300 2589 lilpp.
1350 2509 1778 2563 Hotomanorum
1831 2513 2125 2632 impressae
2178 2514 2263 2571 ed.
2310 2516 2362 2569 J.
2414 2516 2480 2569 G.

1023 2576 1209 2630 Meeln
1248 2580 1424 2631 Amst.
1464 2576 1618 2633 1700.
1655 2581 1707 2631 4.
1746 2598 1867 2649 pag.
1943 2584 1985 2647 .)

706 2741 1085 2812 Clarissimo
1148 2751 1286 2813 viro
1334 2749 1414 2814 D.
1462 2750 1751 2816 Hemico
1788 2752 2173 2838 Bullingero
2237 2757 2482 2838 pastori

531 2827 840 2894 eeclesiae
885 2832 1241 2914 Tigurinae
1287 2835 1589 2919 theologo
1633 2840 2211 2990 praestantissrirmO.
2270 2929 2283 2941 ⁶

2119 2949 2304 3010 igun.

533 3122 617 3133 —
661 3124 746 3134 —
795 3126 850 3132 ——-
917 3128 981 3135 -—
1035 3125 1121 3137 ι-
1169 3127 1367 3138 —-
1407 3133 1485 3141 —.
1536 3131 1614 3140 —-
1666 3132 1986 3143 ———-
2028 3135 2107 3143 -——
2149 3137 2230 3145 —
2275 3136 2480 3148 ——

533 3172 858 3238 Sulcerum
882 3178 934 3255 ¹)
979 3186 1047 3239 et
1068 3176 1557 3242 Amorbackium
1600 3181 1802 3262 probo
1825 3183 2145 3266 inprimis.
2194 3187 2477 3266 itemque

538 3258 949 3325 Gratas-olum
990 3273 1308 3338 nostrum,
1357 3285 1563 3346 neque
1608 3265 1835 3331 dubito
1884 3270 2024 3351 ipse
2071 3272 2227 3334 alios
2283 3293 2478 3353 quam

529 3345 787 3420 multos,
861 3368 1137 3426 quorum
1180 3347 1523 3431 integritas
1568 3363 1633 3415 et
1676 3354 1902 3436 religio
1950 3356 2090 3419 Deo
2135 3368 2324 3439 grata
2368 3358 2476 3422 sit.

532 3428 669 3494 Sed
731 3430 1111 3499 Castalionis
1170 3435 1262 3498 ita
1321 3451 1474 3499 sunt
1518 3437 1789 3502 studiosi
1837 3453 1902 3503 et
1944 3453 2238 3505 amantes
2282 3443 2477 3523 pleri-

529 3537 686 3598 que,
755 3528 826 3581 ut
891 3519 1013 3584 hoc
1078 3521 1264 3602 quasi
1332 3523 1597 3586 Atlante
1661 3525 1911 3589 coelum
1969 3526 2187 3592 fulciri
2249 3528 2479 3608 religio

531 3615 598 3666 et
639 3602 847 3686 pietas
893 3606 1323 3669 existimetur.
1433 3606 1610 3688 Quid
1657 3630 1812 3692 ergo
1860 3612 2235 3692 impressori
2290 3614 2478 3697 galli-

532 3709 755 3754 corum
813 3689 1232 3760 bibliorum2)
1295 3693 1373 3755 de
1435 3692 1716 3759 hominis
1761 3696 2043 3762 stultitia
2079 3697 2376 3774 dixerim,
2413 3709 2481 3763 et

528 3774 1088 3855 interpretationis
1161 3778 1380 3859 inepta
1445 3779 1743 3857 audacia,
1819 3792 1932 3846 aut
1987 3784 2203 3848 furore
2247 3787 2479 3866 potius,

474 3899 481 3908 ·
532 3859 750 3924 sciunt
809 3882 937 3923 non
999 3863 1216 3942 pauci:
1281 3862 1628 3946 Quumque
1682 3887 1721 3929 a
1764 3888 1869 3930 me
1915 3869 2214 3934 nonnulli
2260 3872 2480 3954 petiis-

530 3954 681 4008 sent
738 3955 812 4007 ut
858 3947 1274 4027 praefat-ionis
1331 3950 1672 4014 stultitiam
1699 3959 1750 4027 ³)
1810 3955 2222 4035 explicarem,
2275 3959 2481 4041 scrip-

530 4030 655 4093 tori
697 4051 839 4093 meo
883 4030 1121 4096 dictavi
1159 4032 1325 4099 hanc
1348 4035 1991 4117 admonitiunculam,
2035 4063 2232 4122 quam
2265 4044 2335 4106 in
2379 4042 2484 4108 his

527 4114 738 4180 literis
796 4117 1047 4183 inclusi.
1138 4117 1212 4184 Si
1273 4121 1545 4187 facultas
1613 4124 1812 4188 ferret
1867 4128 2313 4211 maximopere
2367 4150 2481 4193 cu-

531 4223 755 4285 perem
817 4205 1278 4284 praefationem
1342 4209 1609 4285 mutari,
1658 4231 1826 4292 quae
1880 4211 2125 4290 Gallis,
2186 4234 2481 4295 praeser-

534 4287 653 4351 tim
713 4289 958 4364 aulicis,
1018 4291 1071 4355 si
1118 4292 1197 4353 ab
1243 4293 1334 4355 eis
1379 4293 1653 4376 legatur,
1702 4296 2092 4377 perridicula
2138 4299 2479 4364 videbitur.

709 4373 1010 4439 Calvinus
1067 4388 1283 4441 autem
1343 4378 1548 4442 nihilo
1602 4382 1836 4446 melius
1899 4382 2005 4448 hic
2064 4383 2246 4448 audit
2288 4406 2481 4468 quam

532 4458 861 4525 Lutetiae.
886 4464 938 4538 ⁴)
1029 4460 1219 4542 Quod
1280 4464 1333 4527 si
1394 4466 1537 4545 quis
1590 4478 1705 4529 aut
1749 4466 2150 4533 deierantem
2198 4483 2316 4535 aut
2358 4470 2480 4535 las-

532 4544 884 4609 civientem
930 4559 1257 4630 coarguat,
1284 4548 1655 4615 Calvinista
1691 4555 2120 4619 contumeliae
2143 4577 2340 4621 causa
2363 4578 2478 4620 no·

531 4684 702 4692 ——--”
715 4685 804 4690 0—v
835 4687 844 4688 κ

740 4763 801 4826 2)
841 4767 1081 4835 Leqatus
1129 4771 1315 4832 reqius
1361 4771 1592 4827 Morelct
1638 4775 1703 4829 de
1751 4775 2003 4841 Muscas,
2054 4779 2199 4832 alias
2237 4777 2483 4832 Maurus

539 4836 824 4890 Musam.
895 4836 1007 4901 (Of.
1048 4837 1120 4890 N.
1159 4837 1312 4892 2306.
1347 4838 1525 4902 2314.)

742 4903 801 4964 3)
845 4904 1358 4962 Cameriacenmbus.

531 4971 730 5027 2809.
756 4973 812 5037 1)
851 4975 1142 5028 Suicerum.
1187 4976 1294 5029 Ed.

742 5039 802 5102 2)
846 5042 1120 5112 leupo-essa
1166 5052 1295 5100 sunt
1336 5062 1434 5114 per
1471 5046 1554 5099 Io.
1586 5045 1929 5116 Hcrvaqium
1964 5064 2031 5101 m.
2072 5050 2287 5104 Martio
2323 5048 2479 5104 1555.

745 5109 807 5174 3)
844 5110 932 5165 Dc
957 5129 1066 5182 qua
1095 5119 1156 5167 tu
1186 5129 1303 5180 npse
1332 5115 1556 5169 iudices.
1593 5116 2000 5183 Descripsimus
2027 5131 2201 5185 supra
2229 5117 2307 5172 N.
2327 5117 2480 5174 1889.

743 5176 804 5242 4)
846 5179 919 5232 ld
960 5195 1094 5234 sane
1129 5181 1473 5239 Academicis
1506 5183 1914 5240 Basilicnsibus
1956 5193 2230 5254 acceptum
2274 5188 2481 5254 referre

529 5250 777 5326 peterat,
826 5248 1086 5313 fortassis
1137 5252 1300 5305 etiam
1351 5254 1654 5309 recentibus
1704 5252 1948 5322 politicis
2001 5256 2178 5310 turbis
2234 5255 2481 5312 Gcacvac

2051 404 2573 472 EPIS'POLAE
2619 409 2656 469 2
2664 407 2867 471 308-
2875 408 2954 470 23
2966 409 2992 470 1
3005 408 3040 469 2

4408 413 4534 475 804

2589 594 2897 659 minatur.
2983 595 3310 662 Dominus
3354 596 3812 663 Genevensem
3868 595 4208 663 ecclesiam
4250 604 4535 680 tueatur,

2590 700 2755 762 quae
2798 681 3197 765 singularem
3242 682 3569 765 quandam
3592 681 4002 765 disciplinam
4044 692 4111 746 et
4153 701 4311 748 vere
4336 682 4539 750 chris·

2590 767 2836 831 tianam
2867 779 3231 833 conservat.
3256 805 3337 816 —
3385 805 3464 816 -
3509 804 3596 815 —
3632 803 3819 814 ——

2765 851 2847 916 D.
2872 850 3185 929 Calvinus,
3211 874 3414 936 quum
3438 853 3621 917 illine
3643 853 3926 931 discessi,
3944 855 4003 925 ⁵)
4028 854 4254 920 lateris
4277 875 4536 921 summo

2593 937 2814 1002 dolore
2869 939 3290 1004 afficiebatur.
3389 940 3618 1004 Textor
3674 939 3962 1005 medicus
4022 943 4082 1005 ei
4143 962 4182 1005 a
4224 940 4535 1024 pleureti-

2592 1023 2691 1088 dis
2726 1025 2952 1089 morbo
2995 1025 3508 1107 pertimescebat.
3600 1025 3862 1106 Quaeso
3908 1034 3982 1089 ut
4024 1028 4251 1109 optimi
4297 1037 4365 1090 et
4404 1028 4536 1091 for·

2592 1110 2825 1174 tissimi
2901 1111 3030 1175 viri
3107 1110 3550 1176 valetudinem
3636 1110 3947 1177 ecelesiae
4011 1121 4161 1178 tuae
4232 1113 4536 1195 precibus

2591 1196 3008 1261 commendes
3043 1218 3324 1280 eumque
3365 1198 3497 1261 tuis
3533 1197 3740 1262 literis
3784 1198 4130 1263 consolere.
4198 1199 4368 1262 Nam
4412 1220 4535 1263 nn-

2594 1281 2788 1363 dique
2863 1281 3207 1347 allatratur
3284 1284 3836 1366 importunissime
3902 1293 3970 1348 et
4043 1285 4535 1350 immanissime.

2594 1364 2777 1446 Quos
2813 1368 3178 1451 significem
3221 1370 3378 1433 satis
3421 1371 3591 1435 nosti
3642 1407 3714 1416 -—
3754 1407 3835 1416 —
3882 1407 3945 1414 -‹-
3988 1407 4077 1416 —
4118 1407 4196 1417 —
4232 1370 4538 1437 Basileae

2594 1456 2651 1516 3.
2698 1452 2835 1517 Cal.
2885 1452 3110 1519 Octob.
3165 1460 3342 1519 1555.

3500 1592 3893 1658 Franciscus
3933 1591 4361 1658 Hotomanus.

3349 1886 3763 1896 .-.-————-

3461 2104 3651 2175 2310.

2979 2257 3647 2325 BULLINGERUS
3693 2258 4126 2325 OALVINO.

2757 2427 2961 2494 Mittit
3013 2431 3073 2495 ei
3127 2431 3290 2495 duas
3347 2430 3640 2513 epistolas
3688 2429 4179 2497 Melanchthonis
4221 2438 4277 2498 et
4320 2432 4533 2501 Lasci.

2589 2600 3008 2669 (Autographon
3056 2608 3235 2653 exstat
3282 2602 3337 2654 in
3382 2600 3509 2654 Cod.
3559 2601 3761 2655 GeneV.
3798 2600 3913 2668 114,
3962 2601 4057 2657 fol.
4092 2601 4178 2655 94.
4250 2603 4427 2657 Habet
4472 2610 4534 2659 et

2587 2671 2848 2724 Simlerns
2886 2670 3007 2722 Vol.
3045 2670 3127 2723 85.
3199 2670 3387 2722 Edidit
3439 2671 3575 2723 Besa
3618 2670 3815 2724 Genev.
3864 2689 3918 2740 p.
3966 2669 4077 2741 174,
4125 2672 4284 2725 Laus.
4320 2691 4373 2743 p.
4411 2673 4532 2741 357,

2897 2740 3107 2792 Hanov.
3142 2756 3195 2807 p.
3229 2737 3350 2805 400,
3384 2739 3593 2792 Chouet
3622 2756 3676 2808 p.
3714 2737 3834 2808 235,
3871 2742 4045 2796 Amst.
4074 2740 4220 2807 108.)

2584 2908 2965 2975 Clarissimo
3011 2912 3152 2975 viro
3191 2911 3271 2975 D.
3299 2910 3529 2974 Ioanni
3554 2910 3833 2976 Calvino
3877 2912 4290 2977 Genevensis
4325 2914 4533 2978 eecle-

2584 2997 2715 3060 siae
2751 2996 2997 3079 pastori
3041 2996 3416 3095 fidelissimo
3462 2997 3721 3096 domino
3743 2995 4194 3063 colendissimo
4230 3007 4296 3062 et·
4342 3000 4533 3064 fratri

3288 3104 3621 3149 earlsslmo
3666 3106 3827 3149 mee.

2755 3253 2823 3320 S.
2898 3255 2971 3317 D.
3045 3256 3301 3335 Accipe,
3365 3254 3699 3319 carissime
3765 3256 3856 3319 mi
3897 3257 4103 3321 frater
4157 3267 4222 3320 et
4268 3256 4530 3323 domine

2583 3339 3053 3416 colendissime‚
3092 3339 3390 3423 exempla
3425 3340 3845 3423 epistolarum
3889 3343 4141 3407 harum.
4176 3346 4225 3416 ¹)
4296 3340 4531 3410 Putavi

2582 3426 2652 3489 in
2674 3425 2777 3490 his
2800 3447 2939 3490 esse
2964 3447 3129 3508 quae
3172 3434 3237 3489 te
3282 3427 3546 3490 omnino
3583 3426 3747 3490 seire
3790 3430 4152 3493 conveniat.
4218 3426 4377 3493 Ideo
4412 3450 4533 3510 per

2584 3531 2895 3593 generum
2948 3532 3170 3575 meum
3188 3513 3245 3588 2)
3307 3511 3578 3576 describi
3637 3514 3877 3578 curavi.
3980 3515 4391 3597 Copiosiores
4447 3515 4534 3579 li-

2583 3604 2759 3661 teras
2805 3596 3054 3661 adferet
3093 3598 3174 3661 D.
3201 3598 3487 3662 Thomas
3522 3597 3795 3663 Levcrus
3816 3602 3870 3674 ⁸)
3922 3600 4192 3684 Anglus,
4236 3601 4339 3665 cui
4383 3600 4534 3666 heri

2584 3682 2703 3746 tibi
2770 3682 3067 3748 ferendas
3131 3682 3393 3748 tradidi.
3482 3682 3869 3766 Opportune
3929 3706 4105 3751 nune
4170 3685 4398 3751 aderat
4438 3687 4529 3752 D.

2592 3766 2926 3850 Crispinus
2968 3777 3209 3848 noster,
3229 3771 3288 3850 ⁴)
3332 3768 3440 3834 cui
3483 3769 3605 3834 has
3642 3770 3796 3835 dare
3854 3773 4049 3837 volui.
4137 3771 4325 3837 Vale.
4414 3772 4528 3836 'ri-

2585 3854 2751 3936 guri,
2789 3855 3019 3920 ultima
3059 3854 3387 3938 Septemb.
3443 3859 3621 3920 1555.

3707 3994 4131 4078 Bullingerus
4178 4003 4351 4061 tuus.

2588 4082 2667 4086 ——
2810 4081 2901 4086 m-
2910 4081 2985 4088 ὰ...

2790 4209 2824 4263 5
2889 4210 2952 4265 Si
2983 4212 3119 4281 quid
3152 4214 3393 4268 &danus
3427 4217 3540 4267 iam
3575 4215 3781 4270 dudum
3824 4216 4015 4269 itineri
4057 4231 4113 4270 sc
4155 4216 4382 4272 dederat
4418 4217 4529 4282 (N.

2583 4278 2736 4333 2249.
2841 4278 2930 4340 55)
2968 4288 3018 4335 ct
3050 4283 3259 4336 interea
3298 4283 3561 4338 Calvinus
3593 4285 3959 4339 convalescere
3988 4287 4194 4354 potuit.-
4239 4303 4371 4341 nam
4406 4288 4528 4355 ipse

2584 4350 2647 4402 ia
2678 4351 3069 4404 recentioribus
3100 4353 3341 4418 epistolis
3376 4352 3441 4405 de
3476 4354 3576 4407 tali
3606 4353 3788 4407 morbo
3825 4359 3977 4407 tacet.

2586 4416 2771 4470 2310.
2791 4417 2848 4477 1)
2888 4419 3129 4472 Alteram
3195 4421 3629 4476 Melancmhoms
3683 4421 3759 4476 N.
3818 4420 3985 4491 2275,
4053 4426 4282 4478 alteram
4352 4423 4530 4480 Lusci

2589 4485 2663 4540 N·
2700 4483 2855 4618 22925).
2890 4553 3089 4610 Plures
3132 4556 3326 4611 habuit
3364 4574 3604 4626 generos,
3652 4557 3891 4612 Uis-icum
3926 4559 4266 4627 Ztcinyliun,
4315 4560 4531 4615 Ionia-

2588 4621 2875 4677 semlerum
2910 4630 2959 4676 et
2997 4625 3336 4679 Ludovicum
3378 4624 3721 4680 Lavaterum.

2791 4690 2852 4758 3)
2888 4691 2976 4746 De
3026 4694 3236 4748 Levero
3287 4701 3457 4763 (quem
3506 4696 3778 4751 Lenem
3834 4706 4024 4752 vocant
4076 4696 4226 4763 cdd.)
4279 4696 4405 4751 vide
4450 4696 4527 4753 N.

2583 4757 2740 4840 2307,
2774 4766 2881 4842 ²⁸9²:
2924 4760 3001 4814 12.
3080 4759 3232 4830 Quae
3275 4767 3400 4831 ipsa
3444 4767 3669 4832 epistola
3716 4781 3781 4820 ca
3816 4772 3894 4819 cst
3936 4782 4097 4835 quam
4134 4765 4316 4835 Anyto
4351 4766 4525 4821 trado·-

2583 4828 2729 4883 dwoe
2761 4829 2957 4962 affixe
2992 4899 3404 4963 F'rancor'ordia
3435 4901 3626 4955 redux.
3701 4901 3783 4969 Of.
3820 4900 3896 4957 N.
3936 4902 4086 4956 2293.

3336 5176 3749 5189 ———
