4850 6200
504 434 628 500 18⁷

500 618 918 709 praeiudiciis
959 626 1367 705 proponeret,
1406 638 1649 703 vosque
1690 618 1762 683 in
1806 616 2140 686 doctrinae
2181 625 2446 684 vestrae

501 706 909 776 confessione
971 726 1090 790 pro
1153 703 1464 771 fratribus
1527 724 1885 790 agnoscere
1961 703 2163 769 vellet
2239 704 2446 770 donee

499 794 829 861 Dominus
886 791 1154 857 meliora
1210 789 1415 856 daret.
1503 789 2013 875 Agnoscendum
2072 802 2175 854 est
2215 789 2447 875 procul

502 878 699 945 dubio
742 877 872 943 Dei
914 876 1320 955 beneficium,
1365 876 1423 942 si
1456 876 1714 959 quando
1748 874 1935 942 nobis
1971 874 2257 960 hospitia
2298 896 2448 959 pro-

503 976 722 1032 curet:
767 962 882 1032 sed
925 962 1190 1028 interim
1235 972 1336 1028 est
1381 961 1745 1028 cavendum
1790 962 1987 1028 etiam
2033 982 2118 1027 ne
2160 959 2449 1028 Satanae

501 1051 754 1117 artibus
796 1047 926 1116 Dei
982 1049 1300 1115 beneficia
1354 1046 1798 1114 obtendamus.
1887 1047 2340 1114 Transformat
2376 1067 2449 1113 se

500 1135 778 1204 subinde
833 1132 1210 1201 insidiatrix
1263 1133 1381 1200 illa
1420 1135 1650 1219 vipera
1703 1134 1776 1199 in
1820 1134 1987 1202 lucis
2028 1132 2339 1219 angelum
2383 1141 2452 1198 et

499 1222 705 1290 veluti
745 1242 941 1287 verae
983 1219 1322 1306 religionis
1353 1222 1569 1289 fautor
1600 1219 1922 1305 quaedam
1961 1220 2243 1305 largitur
2284 1238 2451 1302 quae

865 1307 1223 1373 multarum
1277 1306 1444 1372 bene
1501 1305 1939 1391 gerendarum
1988 1326 2209 1372 rernm
2264 1325 2451 1388 spem

497 1394 712 1462 facere
754 1391 1091 1469 videntur,
1152 1412 1280 1477 quo
1321 1412 1445 1458 nos
1484 1393 1777 1459 inescare
1820 1393 2105 1475 primum
2147 1392 2448 1458 fucorum

495 1500 766 1546 snorum
809 1478 1133 1546 lenocinio
1175 1477 1297 1545 snb
1341 1498 1475 1560 spe,
1521 1477 1757 1544 deinde
1800 1498 1957 1545 vero
2016 1479 2318 1544 incautos
2363 1476 2448 1543 ad

497 1564 953 1650 praecipitium
1006 1563 1394 1665 pertrahere
1435 1562 1687 1630 facilius
1729 1564 1953 1647 possit.
2052 1563 2185 1628 Hic
2241 1563 2450 1648 igitur

499 1672 623 1718 nos
668 1649 741 1716 id
794 1650 1211 1734 potissimum
1275 1649 1462 1715 nobis
1515 1670 1773 1732 semper
1834 1648 2241 1732 sequendum
2305 1670 2449 1715 esse

545 1745 830 1813 utamus,
875 1735 1048 1820 quod
1090 1735 1289 1802 debiti
1325 1736 1624 1818 inprimis
1668 1734 1996 1818 officiique
2041 1736 2249 1800 nostri
2290 1756 2450 1818 erga

570 1842 721 1889 eum
754 1822 1020 1905 eiusque
1054 1821 1391 1889 ecclesiam
1427 1842 1514 1886 ex
1544 1820 1740 1887 verbo
1772 1821 1977 1905 ipsius
2011 1841 2154 1887 esse
2187 1820 2446 1886 scimus.

500 1906 894 1975 Successum
970 1928 1125 1973 vero
1191 1926 1451 1973 omnem
1526 1926 1742 1973 rerum
1807 1906 2100 1972 omnium
2164 1906 2449 1971 Domino

499 1994 647 2060 Deo
703 2004 929 2059 nostro
983 1993 1271 2059 bonitate
1328 2014 1403 2058 ac
1449 1992 1742 2075 potentia
1777 1992 1954 2058 illius
1997 2000 2176 2058 certo
2220 1991 2450 2058 confisi

498 2080 958 2163 permittimus,
1004 2080 1166 2146 certi
1199 2078 1388 2143 illum
1423 2102 1564 2144 esse
1599 2087 1667 2143 et
1709 2076 1966 2144 fidelem
2002 2086 2078 2143 ut
2111 2098 2229 2143 nos
2262 2078 2451 2142 iuxta

499 2166 961 2249 promissiones
1018 2187 1174 2231 suas
1244 2186 1378 2229 non
1431 2162 1717 2241 deserat,
1789 2174 1854 2228 et
1923 2163 2313 2248 prudentem
2373 2172 2449 2227 ut

499 2252 724 2316 omnia
764 2250 848 2315 ad
890 2249 1203 2316 adorandi
1259 2251 1364 2315 sui
1404 2249 1689 2315 nominis
1733 2249 2010 2334 gloriam
2053 2258 2119 2315 et
2158 2255 2449 2314 nostram

499 2335 778 2402 salutem
824 2335 1102 2420 dirigere
1156 2358 1233 2403 ac
1274 2335 1602 2401 moderari
1646 2334 1838 2414 sciat,
1899 2334 2181 2418 denique
2224 2343 2291 2400 et
2331 2354 2447 2418 po-

499 2431 752 2488 tentem
808 2424 920 2505 qui
979 2422 1167 2488 nobis
1223 2421 1528 2505 adempto
1587 2443 1716 2487 uno
1769 2421 1911 2489 loco
1967 2421 2172 2486 alium
2215 2441 2449 2485 rursus

495 2506 769 2574 reddere
810 2529 1059 2591 nosque
1113 2506 1194 2573 ab
1252 2506 1557 2574 omnibus
1613 2510 1907 2573 omnium
1950 2507 2192 2590 ubique
2233 2505 2447 2572 homi-

493 2615 659 2660 num
723 2593 1240 2679 impetitionibus
1303 2614 1421 2676 pro
1485 2593 1656 2659 bona
1709 2614 1832 2660 sua
1883 2596 1952 2658 in
2009 2613 2127 2659 nos
2180 2600 2449 2675 propter

493 2680 834 2745 Christum
882 2678 1244 2746 Dominum
1289 2682 1622 2746 voluntate
1665 2679 1947 2746 liberare
1991 2678 2179 2745 facile
2220 2679 2445 2761 possit.

669 2767 920 2849 Estque
964 2766 1125 2832 haec
1173 2766 1304 2829 iam
1365 2775 1594 2831 nostra
1652 2767 1981 2830 sententia
2022 2785 2218 2847 quam
2263 2764 2449 2830 vobis

495 2851 582 2917 ad
639 2864 929 2918 vestram
983 2851 1491 2935 postulationem
1558 2851 1888 2916 voluimus
1944 2851 2445 2916 communicare.

493 2938 680 3004 Deus
736 2939 1021 3022 optimus
1076 2939 1403 3002 maximus
1460 2944 1684 3002 vestra
1740 2935 2012 3003 consilia
2069 2944 2447 3017 vestrosque

492 3032 768 3090 conatus
812 3042 1039 3089 omnes
1083 3023 1419 3108 gubernet,
1476 3030 1541 3087 et
1595 3020 1794 3087 addat
1837 3020 2020 3087 vobis
2063 3042 2250 3088 suam
2295 3042 2446 3106 gra-

492 3111 681 3186 tiam,
746 3116 824 3175 nt
880 3108 1159 3174 maiores
1216 3128 1603 3192 progressus
1656 3109 1867 3175 indies
1925 3109 1995 3173 in
2054 3107 2450 3173 illustranda

494 3194 1048 3282 propagandaque
1078 3216 1238 3259 vera
1264 3194 1579 3277 religione
1622 3204 1688 3259 et
1720 3215 1875 3259 vero
1911 3195 2115 3277 ipsius
2143 3196 2319 3260 cultu
2349 3194 2445 3259 fa·

496 3301 645 3348 cere
668 3281 946 3366 possitis.
994 3279 1272 3345 Interim
1299 3301 1455 3344 vero
1481 3301 1600 3344 vos
1626 3300 1889 3345 oramus
1911 3280 2107 3345 etiam
2139 3288 2218 3345 ut
2240 3280 2447 3346 nostri

495 3366 884 3451 dissipatam
892 3386 1084 3449 mque
1129 3366 1239 3430 hic
1276 3366 1611 3431 nobiscum
1646 3365 2066 3433 ecelesiarum
2103 3367 2171 3431 in
2206 3367 2448 3432 vestris

496 3455 743 3520 sanctis
797 3453 1096 3536 precibus
1138 3452 1518 3518 meminisse
1561 3451 1796 3518 velitis.
1884 3452 2217 3520 Mittimus
2260 3451 2446 3520 vobis

499 3539 905 3622 exemplaria
957 3539 1208 3622 aliquot
1263 3547 1528 3604 nostrae
1571 3537 2015 3605 Confessionis
2072 3536 2154 3604 de
2213 3560 2283 3602 re
2340 3559 2445 3603 sa-

496 3625 954 3702 cramentaria,
1013 3647 1188 3691 nunc
1245 3626 1528 3708 primum
1589 3624 1696 3690 hic
1753 3623 1966 3690 editae
1983 3626 2043 3708 ²)
2098 3624 2181 3691 ad
2236 3623 2446 3708 repri-

494 3710 773 3777 mendas
830 3710 1236 3777 aemulorum
1294 3708 1699 3793 quorundam
1769 3722 2145 3777 nostrorum
2203 3709 2447 3776 calum·

495 3796 660 3870 nias.
719 3818 917 3881 quam
974 3797 1158 3864 vobis
1213 3817 1467 3880 qnoque
1521 3796 1670 3861 usui
1730 3797 1877 3862 istic
1936 3798 2073 3861 fore
2115 3807 2445 3879 putamus,

495 3904 739 3967 vosque
800 3886 870 3949 in
937 3883 1223 3949 Domino
1297 3902 1523 3949 omnes
1597 3889 1773 3948 recte
1836 3883 2059 3949 valere
2124 3890 2443 3966 optamus.

494 3969 791 4036 Aemdae
834 3974 891 4034 6.
938 3968 1114 4048 Iulii,
1172 3989 1301 4052 qno
1357 3968 1463 4033 die
1505 3987 1680 4033 anno
1740 3970 2073 4052 superiore
2131 3977 2447 4051 patronus

493 4063 692 4139 atque
748 4054 919 4121 altor
982 4060 1246 4121 nostrae
1302 4054 1372 4119 in
1428 4054 1673 4139 Anglia
1727 4055 2036 4121 ecclesiae
2078 4053 2445 4127 Edam-dus,

493 4161 652 4207 vere
694 4149 957 4207 sanctae
999 4140 1354 4206 memoriae
1398 4161 1516 4204 rex
1560 4139 1860 4224 Angliae,
1921 4147 2191 4225 propter
2232 4137 2447 4222 gentis

492 4246 657 4295 suae
731 4225 1279 4311 ingratitudinem
1338 4248 1375 4292 e
1438 4225 1610 4291 vivis
1684 4228 1966 4293 excessit
2040 4244 2447 4309 regnumque

494 4333 719 4391 suum,
780 4311 861 4378 de
902 4333 975 4377 se
1015 4311 1116 4376 illi
1159 4310 1476 4377 divinitus
1534 4309 1774 4376 donato
1830 4313 2184 4398 ingratum,
2247 4330 2447 4394 regno

496 4397 764 4464 coelesti
805 4398 1255 4463 commutavit.
1322 4401 1521 4464 Anno
1577 4403 1755 4462 1554.
1779 4400 1834 4482 ³)

1155 4532 1437 4601 Ioannes
1478 4554 1519 4599 a
1561 4534 1793 4611 Lasoo,
1837 4555 1921 4597 m.
1967 4554 2064 4616 pr.

1155 4619 1397 4687 Petrus
1438 4619 1529 4686 du
1569 4618 1705 4685 Val
1748 4620 2053 4684 minister
2093 4618 2404 4686 ecclesiae

1210 4706 1706 4791 peregrinorum
1751 4703 2022 4787 gallicae
2063 4702 2343 4790 linguae.

1156 4793 1438 4860 Ioannes
1472 4789 1907 4857 Utenhovins.

515 5033 529 5045 ο
706 4960 769 5027 2)
810 4961 1232 5019 maamad
1263 4965 1331 5018 de
1355 4962 1556 5018 Clu-isti
1594 4960 1966 5015 communione
2002 4961 2178 5018 edidit
2215 4960 2448 5033 Kuyper

499 5046 565 5087 Ἀ
597 5029 761 5182 ‚owe
785 5030 1034 5226 Q
1061 5031 1342 5185 Ξῗιὸηοκαῗ
1361 5100 1609 5182 agua-eme·
1643 5097 1735 5152 Fr.
1778 5096 2044 5178 moereas
2083 5099 2145 5155 en
2180 5115 2284 5155 m
2318 5100 2445 5155 ms-

498 5170 762 5293 {onflamde
999 5187 1144 5226 ensis
1189 5187 1219 5223 e
1305 5209 1318 5221 .
1363 5167 1716 5237 dissipatione
1763 5183 1827 5222 m
1877 5166 2112 5235 Franks.
2153 5167 2445 5226 Reman-dl.

2000 426 2529 496 EPIS'POLAE
2578 430 2997 495 less—1986

4381 430 4500 494 188

3430 617 3623 690 1984.

3036 754 3508 826 S'I'URMIUS
3550 756 3736 825 OAL
3746 758 3902 826 VIN
3906 758 3986 826 O.

2723 928 2932 994 Autor
2973 934 3063 993 ost
3116 928 3177 993 ei
3223 927 3960 996 utCommentan'umin
4004 929 4501 1012 Genesinprin-

2549 1014 2792 1095 cipibus
2852 1011 3209 1081 Saxonibus
3254 1015 3521 1080 Ioannis
3579 1013 3899 1081 fflderici
3949 1014 4111 1097 filiis
4164 1021 4495 1097 nuncupet.

2554 1099 3048 1182 Refertquoin
3099 1105 3273 1166 statu
3328 1101 3455 1166 sint
3513 1122 3616 1167 res
3665 1101 4501 1169 Gameriiahortawrut

2553 1184 2992 1252 Marbachium
3035 1187 3222 1251 adeat
3262 1207 3335 1251 ea
3377 1185 3453 1252 de
3491 1208 3702 1252 causa.

2880 1356 2991 1420 (Ex
3028 1358 3365 1426 autographo
3400 1358 3529 1412 Cod.
3565 1356 3726 1413 Goth.
3764 1356 3883 1422 404,
3922 1358 4012 1413 fol.
4048 1355 4196 1424 Q)

2554 1510 2947 1577 Doctissimo
2993 1511 3235 1594 optimo
3271 1512 3686 1578 sanctissimo
3722 1513 3864 1580 viro
3887 1514 3971 1579 D.
3993 1512 4178 1580 Ioan.
4203 1511 4500 1580 Calvino.

2727 1648 2796 1715 S.
2836 1649 2913 1714 P.
2995 1648 3144 1713 Non
3188 1650 3419 1730 putavi
3465 1649 3641 1715 hune
3677 1651 3787 1733 qui
3823 1659 3971 1715 tuas
4014 1650 4240 1715 attulit
4280 1670 4503 1716 rever·

2553 1756 2784 1801 surum
2829 1734 2911 1799 ad
2955 1742 3041 1810 te,
3086 1733 3153 1797 id
3188 1733 3363 1817 quod
3397 1756 3571 1801 nunc
3605 1736 3771 1799 mihi
3807 1736 4236 1821 significavit:
4283 1737 4505 1819 itaque

2552 1842 2747 1907 cogor
2789 1821 3072 1887 scribere
3114 1820 3329 1884 subito
3375 1830 3443 1885 et
3486 1821 3786 1887 breviter.

2722 1907 2805 1971 In
2864 1907 3151 1989 Auyusto
3175 1909 3227 1987 ¹)
3286 1906 3416 1971 ista
3487 1914 3642 1972 sunt
3700 1907 4143 1987 incommoda,
4209 1910 4230 1973 i
4325 1908 4497 1987 avia,

2551 1993 2815 2059 morbus
2857 1991 3218 2068 comitialis,
3266 1991 3623 2076 apoplexia,
3671 1994 3808 2057 vita
3851 2002 3924 2058 ut
3948 1992 4205 2060 videtur
4293 1995 4501 2059 revis-

2552 2080 2732 2144 sima.
2834 2077 2998 2143 Eius
3062 2076 3335 2156 filiolus,
3409 2078 3465 2142 si
3530 2086 3830 2144 mortuns
3896 2099 4025 2144 non
4093 2081 4207 2155 sit,
4276 2091 4500 2145 tamen

2551 2165 2747 2230 etiam
2792 2174 2893 2228 est
2934 2162 3292 2235 comitialis,
3339 2165 3432 2229 ita
3467 2172 3538 2228 nt
3578 2164 3881 2231 videatur
3923 2165 4323 2232 discessurus
4356 2167 4502 2231 sine

2552 2250 2790 2314 liberis.
2816 2254 2870 2325 ²)
2960 2246 3217 2313 Deinde
3259 2249 3330 2314 in
3389 2249 3512 2315 hac
3554 2250 3705 2315 aula
3747 2250 3997 2316 nullum
4045 2252 4178 2316 scio
4223 2252 4334 2333 qui
4380 2250 4499 2315 tibi

2551 2335 2637 2401 sit
2659 2335 3183 2418 patrocinaturus
3205 2346 3473 2418 propter
3486 2356 3669 2402 suam
3684 2336 3866 2401 illam
3883 2338 4274 2402 sententiam
4300 2356 4499 2419 qnam

2551 2421 2741 2487 nosti.
2775 2426 2785 2438 “
2830 2420 2922 2486 Et
2965 2430 3041 2484 ut
3086 2420 3246 2486 haee
3291 2442 3424 2487 non
3469 2422 3631 2499 sint,
3693 2421 4006 2487 videreris
4060 2424 4245 2507 sequi
4288 2421 4500 2487 fortu-

2552 2528 2705 2573 nam
2769 2506 3073 2582 hominis,
3143 2527 3272 2570 non
3344 2509 3779 2589 patrocinium
3826 2508 4122 2574 veritatis
4186 2527 4503 2591 quaerere

2550 2591 3230 2663 calumniatoribus.⁸)
3318 2592 3402 2657 In
3462 2593 3729 2659 Ioannis
3773 2592 4087 2659 Friderioi
4130 2593 4285 2659 filiis
4341 2613 4500 2659 con-

2552 2678 2762 2743 traria
2806 2684 2966 2743 sunt
3007 2678 3259 2743 omnia:
3308 2679 3574 2744 fortuna
3616 2678 3981 2757 imminuta,
4038 2681 4251 2763 gratia
4294 2679 4502 2761 pluri-

2549 2785 2827 2835 morum,
2872 2766 3076 2846 patris
3119 2767 3506 2842 constantia,
3564 2774 3739 2831 certa
3780 2766 4121 2841 successio,
4166 2785 4310 2832 meo
4353 2768 4501 2848 qni·

2552 2851 2700 2915 dem
2742 2849 2985 2914 iudicio
3038 2850 3221 2914 brevi
3280 2851 3514 2916 futura.
3541 2852 3596 2932 ⁴)
3683 2851 4024 2916 Postremo
4067 2851 4501 2917 Franciscum

2551 2935 2977 3011 Burcardum,
3006 2939 3056 3010 ⁶)
3116 2945 3399 3001 veterem
3463 2939 3745 3002 amicum
3804 2945 3991 3002 tuum
4051 2946 4117 3001 et
4169 2957 4391 3003 meum
4434 2943 4502 3000 et

2549 3020 2869 3087 bonorum
2913 3022 3223 3098 omnium,
3268 3023 3753 3088 concionatores
3809 3024 4007 3088 etiam
4063 3023 4306 3088 multos
4349 3042 4502 3089 suo-

2550 3129 2699 3173 rum
2741 3107 3111 3191 principum
3157 3107 3477 3173 studiosos
3535 3117 3601 3172 et
3657 3109 3956 3191 eupidos,
4014 3109 4082 3174 id
4134 3107 4310 3192 quod
4362 3128 4501 3174 non

2550 3201 2653 3259 est
2720 3195 2789 3258 in
2873 3194 3025 3258 aula
3092 3193 3312 3257 altera.
3415 3193 3636 3259 Habes
3762 3195 3874 3259 uid
3953 3195 4250 3260 sentiam.
4361 3194 4500 3260 No-

2550 3283 2732 3345 mina
2782 3279 3065 3344 filiorum
3123 3278 3322 3343 habes
3376 3279 3446 3342 in
3504 3279 3707 3345 Galen
3756 3280 3896 3346 ario
3952 3280 4146 3346 Pauli
4201 3280 4418 3347 Ebora,
4441 3281 4496 3360 ⁶)

2548 3366 2737 3516 {laec
2794 3363 2996 3430 etiam
3057 3362 3370 3446 Martyris
3422 3368 3747 3433 sententia
3805 3375 3907 3432 est
3963 3387 4113 3433 cum
4164 3386 4292 3449 quo
4347 3386 4503 3432 sum

2573 3461 2874 3536 oquutus.

2719 3536 3001 3602 Ioannes
3051 3535 3407 3602 Gamerius
3424 3540 3476 3615 ⁷)
3532 3539 3769 3604 misere
3812 3537 4184 3621 exagitatur
4225 3557 4267 3601 a
4306 3537 4502 3620 quin-

2547 3643 2673 3706 que
2716 3620 3171 3688 nebulonibus.
3238 3619 3385 3686 Non
3430 3630 3643 3705 potest
3686 3623 3978 3690 obtinere
4022 3645 4062 3688 a
4102 3624 4501 3708 magistratu

2547 3716 2626 3773 ut
2667 3707 2980 3773 ecclesiae
3034 3707 3342 3772 audiatur
3399 3708 3862 3775 testimonium.
3965 3709 4193 3775 Nostri
4253 3707 4497 3772 δειπνο-

2547 3802 2833 3877 σοφισται
2895 3791 3358 3859 adolescentuli
3374 3844 3389 3870 ,
3458 3795 3860 3880 arrogantuli
3873 3847 3890 3875 ,
3947 3793 4283 3878 superbuli
4336 3793 4499 3859 niti·

2548 3877 2749 3945 dulc*
2790 3878 3120 3945 obficiunt.
3207 3877 3432 3944 Velim
3475 3879 3590 3946 abs
3634 3889 3702 3945 te
3745 3879 3830 3946 D.
3870 3880 4337 3964 Marpachiam,
4379 3900 4499 3964 pa-

2548 3986 2786 4031 vonem
2830 3963 3139 4043 indicum,
3164 3968 3216 4042 ⁸)
3258 3966 3532 4050 epistola
3586 3966 3803 4050 aliqua
3857 3967 4175 4047 territari,
4239 3973 4315 4032 ut
4354 3966 4501 4050 ipse

2548 4118 2727 4173 1084.
2766 4121 2825 4185 1)
2862 4118 3139 4174 Saxonum
3195 4121 3441 4186 electore,
3492 4120 3558 4175 de
3608 4123 3768 4176 cuius
3822 4122 4095 4188 probabili
4136 4126 4495 4189 praenomen

2549 4196 2719 4313 ἷιδιξέο
2750 4187 2840 4244 hie
2881 4191 3107 4311 wag}
3147 4204 3281 4243 vera
3319 4190 3714 4257 praesumebat.
3790 4189 4047 4244 Mortuus
4080 4189 4289 4245 &aaut
4323 4196 4402 4243 eu
4435 4205 4493 4243 a.

2752 4327 2814 4393 2)
2853 4325 2949 4380 Εω
2980 4342 3151 4381 acore
3188 4329 3356 4379 Anna
3405 4325 3713 4381 (ἔλα-ἱστᾶσα·
3747 4326 3871 4381 ΙΙΙ.
3909 4326 4137 4382 Dandae
4186 4327 4332 4396 repis
4373 4327 4497 4394 filia

2541 4402 2766 4478 praeter
2799 4395 3089 4459 &raamias
3124 4397 3358 4463 suscepit
3394 4395 4065 4465 lbfiliosquorummus
4097 4398 4501 4463 campan-n·

2543 4465 2655 4531 rm
2690 4461 3491 4614 ugrffiomtaae⁸pmn
3526 4531 3861 4587 consuluisse
3895 4531 3961 4586 de
3999 4531 4397 4614 Gemmatum·
4352 4533 4364 4545 '
4430 4536 4498 4586 in

2554 4600 2794 4658 Gens-§m
2825 4616 2931 4681 unq
2960 4606 3059 4654 aut
3090 4601 3252 4654 alter-⁸
3278 4614 3593 4669 pne-coptam
3631 4599 3912 4654 Saxonum
3946 4600 4267 4658 deducas-do.

2754 4668 2816 4737 4)
2862 4668 2998 4752 Ῡορο
3027 4683 3203 4750 supra
3235 4673 3346 4724 not.
3378 4667 3414 4721 2
3448 4676 3499 4724 et
3530 4669 3687 4737 infra
3722 4668 3800 4724 N.
3837 4667 3987 4724 1991.

2593 4877 2605 4892 ⁸
2752 4737 2814 4874 ἓξ
2847 4735 3707 4891 οιῖξΐὲηιᾷυῷῳλωωώῶοηωι
3430 4877 3442 4889 ·
3670 4807 3723 4874 ⁰,
3757 4822 3904 4889 quac
3973 4877 3984 4888 .
4066 4806 4248 4889 ‚labra
4284 4812 4337 4862 et
4368 4822 4498 4863 eon-

2549 4881 2800 4933 enon-ator
2848 4875 3252 4960 femmam,
3287 4875 3462 4958 edgdtt
3500 4874 3890 4930 Calendarum
4032 4891 4255 4931 oncant.
4426 4947 4438 4958 ⁵

2754 4944 2814 5009 7)
2850 4960 2961 5000 m
2996 4959 3147 4998 mo
3177 4945 4178 5014 superior-emerentianam
4234 4942 4499 5011 OttDna·

2548 5016 2697 5071 rium
2732 5011 3055 5069 Mar-bachio·
3085 5012 3163 5068 ad
3194 5011 3246 5068 3.
3289 5011 3404 5068 ooe.
3442 5011 3595 5068 1553.

2752 5082 2812 5150 8)
2862 5082 3023 5137 vides
3063 5097 3172 5152 quo
3220 5083 3404 5137 animo
3452 5081 3728 5136 &araim
3765 5080 4152 5138 Mau-bacuan-
4194 5081 4311 5136 n’am
4360 5087 4497 5149 tun,

2750 5153 3042 5216 immerito,
3085 5166 3221 5219 pros
3491 5151 3586 5216 sit,
3637 5166 3735 5206 nec
3767 5150 4054 5206 miraberis
4086 5150 4221 5207 haee
4253 5149 4501 5207 dissidia

2664 5219 3199 5290 'manaem
3336 5219 4008 5290 aueroaliouamuoqae
4049 5218 4497 5276 dunowa&-

2547 5291 2938 5372 uacuum?
2982 5287 3819 5357 nummismata-um
3865 5296 3917 5344 ot
3962 5288 4499 5345 mlada-tre-
