4850 6200
603 636 894 704 bonitate
946 636 1069 705 hoc
1126 635 1282 702 boni
1324 635 1679 704 consulere.
1766 635 2022 703 Iterum
2061 635 2225 704 vale.

464 724 479 739 ⁶
528 745 614 791 ns
654 723 843 791 Iesus
885 722 1056 790 adsit
1094 723 1215 790 tibi
1256 723 1331 789 in
1370 721 1691 791 omnibns.
1778 723 2014 790 Amen.

1056 1016 1465 1033 m

1194 1253 1381 1325 1⁹51.

792 1407 1258 1477 SAOHINUS
1301 1408 1738 1478 GALVINO.

452 1581 787 1650 θοοαείοιιο
855 1586 1112 1662 arrepta
1178 1601 1318 1648 enm
1378 1582 1646 1660 salutat,
1716 1585 1949 1647 statum
2021 1596 2234 1645 rerum

296 1666 2235 1836 &waddmewmmioanoquodamm

578 1924 693 1990 (Ex
724 1924 1062 1995 autographo
1097 1923 1230 1979 Ood.
1264 1923 1467 1980 Gener.
1504 1923 1624 1991 118,
1660 1923 1754 1979 fol.
1790 1921 1934 1989 10⁵2.)

294 2097 371 2163 D.
403 2096 647 2163 Ioanni
690 2094 971 2163 Calvino
1013 2096 1323 2162 ecclesiae
1364 2096 1776 2165 Genevensis
1832 2093 2077 2179 pastori
2132 2093 2235 2159 vi-

1038 2182 1487 2267 gilantissimo.

454 2318 685 2401 Quum
744 2317 898 2385 boni
968 2319 1080 2384 isti
1145 2319 1269 2385 viri
1326 2319 1451 2385 hac
1516 2318 1643 2384 iter
1706 2317 2016 2385 facientes
2080 2336 2237 2381 suae

292 2406 710 2491 profectionis
727 2403 810 2471 ad
834 2426 952 2472 vos
975 2403 1166 2470 hodie
1199 2425 1321 2471 nos
1344 2405 1654 2471 fecissent
1687 2403 2018 2479 certiores,
2054 2400 2237 2466 nolui

293 2492 700 2557 committere
742 2500 817 2556 ut
858 2491 1000 2556 sine
1040 2491 1205 2563 meis
1247 2489 1327 2554 ad
1384 2500 1450 2555 te
1492 2489 1701 2555 literis
1759 2489 1916 2555 hinc
1962 2487 2237 2565 abirent,

294 2599 410 2663 quo
451 2576 568 2643 vel
608 2578 702 2643 sic
745 2575 983 2642 absens
1024 2584 1237 2641 tecum
1282 2575 1701 2659 colloquerer,
1747 2572 2005 2658 quando
2050 2593 2237 2657 prae·

292 2664 455 2728 senti
517 2684 708 2729 nunc
754 2660 822 2726 id
887 2662 1158 2727 minime
1221 2661 1390 2727 licet.
1490 2658 1684 2743 Quod
1746 2661 1961 2743 ipsum
2016 2666 2236 2723 tamen

290 2768 605 2833 persaepe
647 2747 836 2831 cupio
877 2746 1075 2831 idque
1133 2768 1209 2813 eo
1263 2746 1595 2814 lubentius
1651 2766 1777 2829 quo
1833 2766 1938 2810 res
1981 2754 2238 2809 nostras

290 2833 735 2918 perplexiores
775 2832 1035 2899 intueor
1060 2837 1110 2908 ¹)
1167 2853 1361 2916 quam
1417 2840 1494 2898 ut
1534 2831 1639 2897 his
1683 2827 2082 2915 explicandis
2170 2850 2238 2893 a·

290 2941 389 2986 res
429 2940 588 2985 esse
630 2920 971 3002 possimus.
1059 2917 1292 3001 Itaque
1334 2939 1538 3002 quum
1582 2915 1939 2982 domestica
1974 2936 2096 2981 nos
2124 2850 2240 2978 hic

291 3005 601 3072 deficiant
642 3002 981 3087 praesidia,
1031 3003 1295 3070 aliunde
1336 3025 1525 3089 opem
1569 3003 1931 3069 ambiamus
1975 3020 2240 3066 necesse

289 3103 397 3160 est.
486 3091 753 3174 Nempe
808 3089 890 3156 ab
936 3111 1021 3157 eo
1081 3090 1165 3157 ad
1208 3112 1401 3175 quem
1445 3100 1586 3155 tum
1630 3096 1703 3155 tu
1753 3108 2042 3171 semper,
2098 3093 2239 3151 tum

290 3187 624 3262 postrema
666 3188 778 3242 tua
821 3176 1123 3262 epistola,
1186 3198 1306 3244 nos
1359 3176 1603 3261 optime
1659 3194 1948 3241 revocas.
2046 3172 2239 3238 Illum

436 3261 832 3328 ardentibus
875 3263 1044 3327 votis
1086 3283 1318 3347 precor
1370 3272 1442 3327 ut
1489 3269 1557 3327 ot
1614 3261 2079 3345 promptiorem
2115 3259 2239 3325 sibi

288 3370 331 3434 p
354 3371 476 3416 ene
523 3347 928 3431 obsequendi
970 3349 1157 3414 nobis
1215 3349 1509 3413 animum
1561 3347 1899 3429 impertiat
1950 3351 2018 3411 et
2077 3365 2242 3429 quae

288 3455 517 3519 aspera
565 3442 725 3499 sunt
766 3434 839 3498 in
883 3434 1079 3517 plana
1120 3434 1388 3499 tandem
1433 3441 1688 3498 mutare
1732 3432 1795 3497 di
1895 3439 2060 3496 etur.
2137 3429 2240 3495 'l'u

289 3542 457 3600 vero,
506 3520 618 3585 vir
661 3520 1081 3598 amicissime,
1137 3521 1439 3601 precibus
1497 3539 1573 3585 ao
1626 3518 1806 3585 consi
1839 3518 1898 3581 io
1942 3516 2027 3592 (si
2069 3514 2238 3599 quod

291 3606 417 3671 iam
460 3606 669 3672 rebus
708 3605 953 3672 nostris
996 3605 1543 3671 accommodatius
1586 3625 1655 3669 es
1684 3601 1939 3688 nactus)
1985 3622 2102 3667 nos
2145 3602 2244 3666 iu-

291 3714 399 3759 ves
457 3691 687 3757 velim.
779 3689 1127 3757 anterum
1188 3690 1522 3774 exemplar
1585 3690 1946 3767 literarum,
1964 3689 2020 3772 2)
2078 3708 2240 3770 quas

292 3778 370 3843 ad
426 3777 831 3844 nebulonem
884 3776 1209 3861 quendam
1264 3798 1347 3841 ex
1407 3775 1989 3840 Dominicanorum
2044 3793 2244 3858 grege

288 3885 497 3948 nuper
543 3863 954 3945 scripseram,
1001 3862 1083 3927 ad
1127 3871 1192 3927 te
1235 3859 1631 3927 mittendum
1675 3859 1850 3938 duxi,
1889 3880 2018 3924 non
2071 3856 2243 3941 quod

291 3949 539 4034 aliquid
601 3949 673 4013 in
728 3948 811 4014 iis
865 3970 1006 4013 esse
1061 3969 1359 4014 censeam
1417 3946 1587 4031 quod
1647 3946 1780 4011 acri
1840 3956 1953 4010 tuo
2001 3944 2241 4009 iudicio

289 4035 425 4101 nlla
467 4057 555 4101 ex
602 4042 793 4117 parte
837 4034 1206 4100 satisfacere
1248 4041 1477 4118 queat,
1536 4041 1653 4097 aut
1694 4031 1888 4096 etiam
1934 4030 2243 4115 graviora

288 4129 403 4187 tua
446 4120 678 4188 studia
718 4121 951 4185 merito
1009 4118 1243 4184 debeat
1294 4117 1739 4203 interpellare,
1798 4115 1912 4182 sed
1966 4126 2041 4181 ut
2099 4116 2240 4181 ani-

289 4227 471 4272 mum
516 4226 683 4290 erga
725 4216 791 4271 te
837 4227 1055 4271 meum
1102 4207 1232 4270 imo
1277 4205 1493 4289 potius
1529 4223 1687 4287 erga
1730 4204 1940 4286 ipsam
1984 4202 2241 4286 pietatis

290 4291 694 4370 doctrinam,
758 4291 867 4356 vel
932 4290 1057 4358 hoc
1114 4298 1502 4376 argumento
1560 4289 1839 4354 facerem
1904 4295 2237 4353 testatum.

292 4377 511 4459 Quem
556 4399 793 4457 unum,
851 4378 948 4442 uti
991 4379 1272 4456 confide,
1333 4377 1390 4442 si
1447 4375 1875 4459 spectaveris,
1929 4370 2241 4458 quidquid

290 4462 397 4530 hio
438 4465 646 4530 fuerit
690 4462 873 4529 facile
907 4463 1059 4528 boni
1095 4462 1413 4528 consules.
1482 4461 1668 4539 Vale,
1713 4460 1820 4524 vir
1861 4460 1933 4524 in
1961 4458 2243 4523 Domino

332 4549 649 4616 lurimum
710 4550 897 4615 nobis
958 4547 1380 4616 observande.
1469 4548 1579 4612 Ex
1641 4545 1887 4611 Aneria
1928 4555 2167 4622 nostra,
2185 4545 2242 4627 ⁸)

354 4636 503 4701 onis
548 4634 751 4700 Maiis
804 4640 981 4699 1554.
1070 4634 1360 4718 Raptim,
1406 4633 1709 4716 quoniam
1755 4630 2242 4696 tabellariorum

292 4721 465 4788 celer
507 4721 725 4787 abitus
767 4722 1131 4807 longiorem
1165 4741 1416 4786 moram
1460 4740 1591 4785 non
1627 4716 2011 4801 patiebatur.
2077 4716 2244 4781 Fra-

294 4811 395 4874 ter
432 4829 629 4874 meus
673 4809 873 4873 etiam
918 4814 1113 4891 atque
1156 4808 1356 4873 etiam
1400 4813 1465 4871 te
1507 4804 1767 4872 salutat.
1859 4801 2082 4884 Quum
2126 4801 2245 4867 has

296 5098 465 5154 ml.
505 5097 564 5166 1)
599 5096 693 5151 Do
724 5102 875 5153 statu
908 5096 1176 5166 mnaelii
1203 5097 1268 5151 in
1294 5092 1581 5151 wadio
1607 5093 1801 5163 potius
1833 5107 1999 5163 quan
2034 5090 2247 5146 deBol·

297 5168 537 5224 &anis
569 5167 749 5221 turbis
780 5167 1148 5235 cenitari-ius.

503 5234 565 5300 2)
599 5251 677 5289 an
712 5236 857 5305 typis
889 5231 1203 5289 editarum?
1270 5232 1480 5287 Parum
1510 5229 1805 5300 probabile.

488 5303 563 5386 ⁸3)
596 5304 804 5359 Anien
836 5305 898 5358 in
934 5304 1291 5373 praefecum
1332 5300 1663 5357 Tanaum
1671 5339 1690 5368 ,
1728 5314 1904 5370 prope
1945 5299 2109 5369 Veiyy
2152 5298 2253 5355 ubi

498 5388 579 5428 us.

2089 450 2253 514 1554
2293 447 2491 515 lul.

4151 455 4272 519 134

2331 635 2678 723 obsignare
2718 635 2960 704 vellem
3002 634 3089 704 D.
3142 636 3398 716 Tmor,
3453 639 3565 722 qui
3619 638 3728 706 hic
3771 638 3947 724 apud
3989 660 4109 706 nos
4152 646 4273 718 est.

2330 723 2597 809 rogavit
2636 743 2757 790 suo
2799 722 3066 790 nomine
3107 722 3386 790 salutem
3428 723 3547 789 tibi
3590 724 3891 791 dicerem.

3253 860 3382 928 'rui
3419 880 3736 946 perquam
3777 862 4109 931 studiosus

3458 945 3558 1013 Ol.
3601 949 3685 1013 D.
3732 946 3877 1016 Sao.
3896 954 3956 1028 ⁴)

3213 1494 3402 1565 1052.

2851 1648 3093 1717 BEzA
3136 1648 3769 1718 BULLINGERO.

2511 1818 2613 1885 De
2675 1818 2951 1887 Martini
3007 1821 3208 1889 Bellii
3266 1822 3466 1888 libello
3482 1874 3496 1898 ,
3564 1824 3642 1889 de
3700 1823 3885 1890 cuites
3951 1819 4284 1887 autoribus

2335 1906 2696 1973 sciscitatur
2757 1911 2817 1973 et
2885 1913 3096 1974 contra
3164 1928 3345 1991 quem
3408 1909 3544 1991 ipse
3604 1909 4033 1991 refutationem
4085 1909 4284 1988 parat

2326 1993 2619 2074 proxime
2660 1991 3109 2060 absolvendam.
3145 2070 3152 2079 .
3200 1992 3403 2060 Porro
3443 1996 3827 2060 commendat
3865 1995 4122 2059 iuvenes
4165 1991 4283 2058 ali·

2336 2083 2483 2161 quot
2523 2079 2596 2143 in
2639 2077 2902 2145 Italiam
2931 2079 3390 2162 proficiscentes
3442 2085 3497 2145 et
3538 2082 3796 2147 nunciat
3837 2079 4039 2146 Dolae
4086 2077 4284 2144 Pari·

2337 2163 2480 2229 dem
2525 2163 2875 2231 Pansa-ium
2914 2165 3221 2249 supplicio
3261 2166 3563 2248 affectum.

2342 2334 2456 2400 (Ex
2491 2335 2827 2407 autographo
2867 2336 3034 2392 Arob.
3080 2336 3254 2391 Turio.
3299 2336 3442 2390 Plut.
3481 2336 3570 2390 VI.
3610 2336 3736 2391 Vol.
3770 2334 3889 2402 166,
3939 2337 4028 2390 fol.
4066 2335 4135 2390 69
4169 2335 4288 2390 sine

2339 2404 2502 2458 inseri
2543 2405 2710 2461 tione.
2764 2406 2962 2460 Exstat
3035 2421 3212 2476 noque
3232 2404 3480 2459 Genevae
3514 2405 3641 2459 Cod.
3663 2404 3778 2469 119,
3817 2407 3906 2460 fol.
3942 2403 4013 2458 43
4047 2411 4105 2459 et
4139 2404 4288 2473 lllb,

2342 2472 2433 2528 fol.
2468 2471 2504 2526 2
2575 2478 2633 2528 et
2665 2474 2841 2529 'Parioi
2876 2492 2964 2545 ap.
2997 2424 3282 2530 gimlemm
3319 2475 3437 2529 Vol.
3474 2472 3559 2528 82.
3632 2474 3823 2528 Edidit
3855 2474 4024 2528 Banm
4060 2475 4106 2527 1.
4139 2470 4287 2539 485.)

2878 2643 2947 2713 S.
2994 2655 3060 2711 et
3101 2666 3327 2728 pacem
3373 2666 3414 2710 a
3457 2645 3758 2710 Domino.

2511 2783 2609 2849 Mi
2654 2791 2857 2866 pater,
2893 2802 3201 2867 magnam
3248 2782 3367 2848 tibi
3412 2781 3696 2866 gratiam
3741 2781 3967 2858 habeo,
4014 2780 4095 2848 de
4137 2802 4290 2864 pos-

2341 2869 2573 2935 tremis
2609 2869 2743 2934 tuis
2785 2869 2868 2933 ad
2910 2889 3016 2933 me
3059 2868 3289 2933 literis.
3319 2872 3368 2945 ¹)
3457 2865 3653 2948 Quod
3697 2869 3934 2933 attinet
3977 2867 4060 2934 ad
4102 2866 4289 2934 libel-

2341 2956 2481 3022 lum
2522 2954 2710 3021 illum
2754 2952 2836 3020 de
2891 2974 3023 3019 non
3079 2953 3427 3037 puniendis
3474 2952 3851 3030 haereticis,
3910 2974 4040 3018 non
4083 2954 4290 3018 miror

2341 3051 2409 3109 te
2452 3062 2585 3108 non
2628 3039 2889 3107 vidisse.
2909 3042 2967 3125 ²)
3053 3040 3224 3106 Nam
3269 3039 3395 3107 dici
3431 3059 3561 3106 non
3607 3048 3823 3123 potest
3863 3045 4106 3122 quanto
4148 3043 4290 3105 stu-

2342 3128 2451 3194 dio
2495 3128 2709 3194 adhuc
2764 3128 3011 3194 celatus
3065 3126 3265 3192 fuerit
3319 3127 3401 3193 ab
3457 3126 3617 3208 ipsis
3676 3124 4067 3192 architectis.
4154 3124 4291 3192 Sed

2342 3236 2478 3280 non
2523 3211 2747 3279 dubito
2791 3215 2949 3297 quin
2991 3212 3073 3277 ad
3119 3212 3430 3277 Rhenum
3448 3214 3504 3290 ⁸)
3550 3212 3636 3277 sit
3677 3212 4007 3278 confectus
4045 3218 4112 3277 et
4154 3210 4292 3278 edi-

2344 3310 2471 3367 tus.
2558 3300 2852 3383 Farrago
2917 3307 3020 3364 est
3081 3296 3257 3364 mala
3310 3296 3438 3364 fide
3460 3297 3513 3383 ⁴)
3579 3296 3850 3365 collecta
3912 3320 3996 3363 ex
4052 3297 4290 3363 veteri·

2344 3388 2469 3454 bus
2488 3389 2542 3464 ⁸)
2587 3395 2654 3451 et
2698 3384 3164 3450 recentioribus
3186 3385 3241 3467 θ)
3285 3380 3639 3460 nonnullis,
3696 3404 3858 3467 quos
3900 3383 4010 3449 isti
4052 3381 4291 3449 idcirco

2343 3482 2601 3539 tantum
2645 3472 2851 3538 citant
2893 3479 2966 3535 ut
3008 3490 3157 3535 eum
3187 3470 3297 3552 qni
3340 3468 3733 3552 respondere
3776 3468 3934 3534 velit
3974 3490 4119 3535 cnm
4159 3468 4292 3535 illis

2343 3559 2786 3634 committant,
2843 3554 3075 3621 deinde
3118 3563 3195 3620 ut
3240 3555 3556 3621 bonorum
3603 3554 3893 3619 virorum
3946 3555 4292 3620 autoritate

2344 3643 2844 3727 simplicioribus
2885 3643 3242 3721 imponant.
3312 3640 3493 3723 Quin
3538 3640 3736 3704 etiam
3776 3660 3885 3704 eos
3919 3661 4052 3704 non
4089 3640 4293 3724 pudet

2348 3728 2682 3796 Calvinum
2726 3728 3010 3811 proferre
3037 3731 3095 3802 ⁷)
3158 3727 3342 3810 quasi
3403 3724 3506 3791 vel
3553 3745 3669 3808 pro
3719 3746 3944 3790 eorum
3988 3726 4289 3807 opinione

2344 3816 2708 3891 facientem,
2755 3812 2861 3879 vel
2904 3834 2946 3878 a
2987 3834 3058 3878 se
3099 3812 3240 3896 ipso
3293 3812 3811 3877 dissentientem.
3900 3810 4146 3876 Addita
4191 3819 4293 3877 est

2344 3901 2657 3985 praefatio
2672 3901 2731 3976 ⁸)
2774 3906 2843 3964 et
2884 3898 3146 3964 indocta
3187 3906 3255 3964 et
3295 3895 3676 3980 blasphema
3709 3896 3886 3961 illius
3928 3898 4040 3979 q'ui
4083 3899 4290 3962 farra-

2344 3989 2566 4072 ginem
2609 3984 2872 4069 collegit
2927 3986 2996 4049 in
3054 4005 3183 4067 qua
3235 3984 3557 4068 copiosius
3611 3992 3679 4048 et
3719 3983 4009 4067 apertius
4051 3990 4292 4050 tractat

2349 4263 2424 4330 cr
2468 4190 2998 4317 Ν4ὲ1ῗσ7ἔῗηιίκο
3044 4189 3097 4243 h.
3145 4189 3179 4245 l.
3230 4195 3482 4246 truncato
3532 4205 3645 4243 non
3697 4194 3777 4242 est
3830 4187 3977 4258 quod
4025 4187 4285 4256 anbiqas.

2343 4332 2520 4387 1952.
2550 4330 2606 4399 1)
2640 4328 2948 4397 deperditis.

2549 4399 2611 4458 2)
2654 4398 2736 4463 Cf.
2780 4397 3086 4467 Bullinqeri
3117 4412 3197 4466 ep.
3236 4395 3314 4452 N.
3353 4395 3504 4451 1944.

2550 4468 2607 4532 3)
2648 4467 2919 4521 Basileus.

2550 4540 2611 4600 4)
2649 4537 2712 4591 in

2346 4609 2488 4663 alios
2522 4609 2725 4662 citatur

2346 4677 2496 4731 dicat
2530 4679 2592 4730 in
2626 4673 3026 4741 Anabaptistas
3057 4673 3244 4741 yladio
3279 4671 3771 4735 animadvertendi,
3818 4670 3905 4721 sin
3950 4669 4131 4722 minus
4164 4666 4290 4721 reli-

2343 4746 2525 4815 ydonis
2542 4758 2729 4809 causa,
2766 4749 2943 4797 tamen
2974 4747 3195 4810 propter
3213 4741 3463 4809 crimina,
3496 4740 3692 4807 quibus
3727 4752 3866 4804 vero,
3902 4742 3963 4793 ut
3988 4736 4290 4805 plurimum

2344 4817 2407 4870 in
2443 4814 2658 4878 talibus,
2692 4812 2973 4879 reliyionis
3004 4826 3031 4862 s
3071 4811 3207 4862 ecies
3237 4809 3542 4863 indebatur.

2554 4882 2611 4946 5)
2648 4880 2959 4942 Lactantio,

2556 4950 2612 5018 6)
2653 4947 2909 5014 ΙιιιεΙιενο,
2945 4947 3190 5011 Brenno,
3241 4947 3496 5008 Eramno,
3549 4941 3664 4999 Seb.
3719 4941 3991 5010 Fran-1:60,
4043 4940 4292 5009 Calvino,

2355 5020 2463 5076 ou.
2499 5018 2844 5082 Brun-rezaio.
2895 5016 3193 5083 Pellicano,
3247 5015 3474 5083 Rheyio,
3527 5014 3786 5079 Curione,
3836 5010 4171 5078 Castalione,
4222 5009 4290 5065 G.

2349 5089 2717 5158 Kleinberqio,
2755 5087 2891 5142 Bas.
2931 5085 3269 5152 Montfortio,
3310 5085 3433 5137 Ger.
3470 5080 3830 5149 Noviomayo.

2416 5227 2427 5241 .
2554 5157 2614 5218 7)
2655 5155 2778 5210 Seii.
2813 5157 2958 5211 locos
2991 5170 3057 5208 ea·
3097 5154 3274 5221 praef.
3322 5153 3398 5206 ad
3437 5151 3634 5222 Reqem
3670 5150 3896 5204 Daniae
3941 5148 4099 5206 Actis
4130 5162 4290 5215 pras-

2346 5243 2533 5294 ’,κη’
2553 5232 2618 5361 ἐξ
2651 5240 2720 5348 3
2749 5220 3421 5362 ἒῗέἴωὲῖῗὲιειωοῇἰὲοω
3459 5289 3620 5371 Wirt.
3657 5288 3715 5342 in
3750 5304 3857 5357 qua
3890 5286 4023 5355 quid
4055 5287 4130 5339 nit
4162 5284 4291 5342 hao-

2348 5366 2549 5422 roticus
2583 5369 2644 5421 et
2676 5363 2933 5433 quidnam
2967 5377 3088 5415 cum
3123 5376 3190 5415 eo
3224 5360 3491 5431 agendum
3524 5365 3598 5412 sit
3630 5358 4049 5411 demonstratur.

3814 5441 3879 5497 9·

2781 4552 2851 4588 uo
2882 4550 2995 4589 non
3030 4536 3249 4590 omnino
3295 4533 3506 4587 modum
3543 4533 3750 4587 excedit
3784 4531 3949 4586 Besa.
4023 4530 4114 4585 Sic
4146 4533 4291 4584 inter

2821 4605 3026 4658 rbanus
3063 4603 3305 4671 Rheqius
3348 4604 3445 4684 qui
3489 4601 3839 4669 maqixeratui
3869 4600 4016 4655 civili
4049 4601 4136 4653 ius
4169 4599 4289 4653 vin·

3053 4880 3322 4945 wastina,
3364 4877 3757 4947 chrysostomo,
3794 4873 4142 4944 Hieronymo.
