4850 6200
371 455 492 518 293

367 662 570 727 eoque
611 662 748 709 non
803 644 1005 729 impie
1060 643 1484 728 interpretari
1540 662 1729 727 posse
1781 643 1985 710 verba
2027 643 2309 711 Christi:

367 729 496 795 Hic
539 730 732 814 panis
774 730 1105 815 significat
1145 750 1380 813 corpus
1425 728 1696 796 Christi.

542 818 641 881 13.
731 816 1010 882 Hocest
1066 815 1736 901 symbozwnomporis
1791 816 2316 898 meiquoddono

365 900 535 969 vobis
588 902 801 969 animo
842 902 1159 980 edendum,
1217 901 1380 968 sicut
1423 922 1660 984 panem
1713 899 1893 967 trado
1932 900 2102 968 vobis
2141 903 2317 968 edova-

365 986 516 1053 dum
571 1007 692 1053 ore.
796 986 1215 1054 Sententiam
1269 986 1434 1052 eand
1442 1008 1546 1052 em
1606 985 1835 1052 Parus
1887 985 2144 1072 Μανίῳ·
2200 1008 2314 1052 ex-

366 1082 712 1156 preaeerat.
751 1071 1035 1159 Scripsit
1056 1081 1275 1139 autem
1297 1072 1590 1138 Bacenis
1623 1091 1763 1155 cap.
1792 1071 2056 1139 XXVI.
2084 1073 2312 1138 Matth.

365 1178 703 1242 exponens
743 1159 957 1225 multa
1008 1161 1115 1243 pie
1160 1168 1228 1225 et
1268 1159 1522 1225 erudite
1579 1178 1777 1240 super
1820 1159 2037 1225 verbis
2079 1178 2316 1225 coenae

367 1244 440 1309 in
482 1263 626 1309 eam
683 1245 1080 1311 sententiam
1137 1256 1206 1311 et
1257 1244 1600 1311 conferens
1657 1242 1906 1308 dictum
1950 1242 2317 1311 Salvatoris

367 1329 546 1395 Ioan.
593 1328 739 1407 VI..
783 1329 1141 1398 concludit:
1188 1329 1368 1415 Ergo
1425 1351 1557 1396 non
1617 1339 1716 1394 est
1773 1329 1899 1395 nisi
1957 1329 2317 1415 spiritualis

367 1414 781 1481 manducatio
826 1415 1230 1483 affirmanda.
1300 1417 1390 1481 Et
1433 1416 1540 1481 hic
1582 1427 1684 1481 est
1724 1414 1835 1480 ille
1879 1414 2172 1483 Bucam
2250 1416 2317 1481 ui

368 1522 540 1567 unus
605 1521 692 1567 ex
762 1501 1068 1568 omnibus
1124 1501 1532 1585 Zuinglianis
1588 1501 2114 1568 sacramentariis
2214 1522 2317 1568 oa-

366 1586 564 1654 chimo
609 1587 872 1654 videtur
912 1588 983 1654 in
1027 1587 1199 1653 viam
1243 1588 1533 1654 rediisse.

545 1675 642 1737 14.
731 1672 934 1740 Ponit
991 1673 1187 1739 etiam
1266 1673 1658 1756 Wastphalus
1708 1672 1920 1739 multa
1974 1672 2178 1738 verba
2234 1694 2318 1739 ex

367 1756 774 1827 confessione
850 1760 1300 1825 ministrorum
1364 1760 1704 1825 Ecclesiae
1768 1758 2127 1843 Tigurinae
2190 1780 2318 1842 qua

367 1843 848 1928 responderunt
903 1844 987 1910 ad
1031 1844 1115 1910 D.
1164 1845 1424 1910 Lutheri
1470 1845 1769 1910 ultimam
1828 1844 2320 1915 confessionem.

365 1930 723 2014 Quumque
759 1931 1226 2016 Tigurinorum
1270 1931 1737 1998 confessionem
1783 1932 1889 1995 vir
1933 1929 2317 1996 moderatis-

368 2017 572 2082 simus
626 2016 800 2083 dicat
844 2017 1300 2083 vehementem
1352 2027 1419 2083 et
1478 2018 1778 2083 acerbam
1822 2015 2318 2082 insectationem

366 2103 440 2168 in
478 2102 842 2175 Lutherum.
887 2122 1016 2167 000
1067 2112 1286 2168 tamen
1331 2103 1834 2186 propositionem
1893 2104 2318 2185 categoricam

367 2189 610 2272 mperit
659 2197 874 2272 aptam
937 2189 1100 2254 chao
1158 2198 1225 2252 et
1263 2187 1522 2254 tabulae
1579 2189 1690 2253 isti
1750 2188 2315 2255 demonstrativae.

366 2274 807 2342 Gratificabor
848 2275 1053 2359 igitur
1111 2273 1463 2356 Westphalo
1521 2283 1588 2339 et
1645 2275 1897 2359 augebo
1944 2274 2140 2340 chaos
2183 2275 2320 2357 opi-

366 2361 636 2427 nionum
681 2381 756 2427 ac
799 2381 1040 2443 ponam
1081 2360 1454 2443 opinionem
1500 2362 1783 2425 maxime
1828 2360 2172 2424 adversam
2207 2380 2320 2442 pa-

365 2446 614 2533 pisticis
684 2446 1211 2513 sacramentariis
1282 2466 1475 2529 quam
1535 2446 1737 2511 etiam
1809 2445 2203 2528 Westphalus
2252 2447 2320 2509 in

365 2532 660 2616 margine
727 2531 1059 2598 vellicavit
1126 2542 1194 2596 et
1257 2533 1672 2614 perstrinxit:
1745 2530 1934 2612 Quod
2004 2532 2191 2614 panis
2248 2532 2319 2596 in

365 2639 565 2685 coena
611 2619 700 2683 sit
742 2617 1039 2683 naturale
1082 2616 1334 2683 Christi
1394 2638 1628 2701 corpus
1685 2639 1838 2682 vere
1896 2627 1962 2682 et
2012 2636 2314 2699 corpora·

364 2704 548 2783 liter,
604 2725 739 2769 non
797 2712 897 2769 est
954 2704 1268 2769 articulus
1322 2703 1714 2770 christianae
1775 2723 1966 2769 verae
2010 2704 2315 2785 antiquae

362 2802 432 2856 et
471 2789 877 2855 indubitatae
921 2800 1183 2855 nostrae
1226 2788 1395 2854 fidei.

533 2880 629 2941 15.
720 2874 853 2941 Hoc
910 2880 1000 2941 est
1066 2875 1406 2957 symbolum
1475 2895 1593 2956 quo
1645 2896 1794 2941 vera
1864 2874 2142 2956 corporis
2197 2873 2320 2938 mei

363 2961 839 3028 communicatio
883 2960 1201 3026 exhibetur
1239 2960 1546 3041 fidelibuS,
1592 2960 1853 3043 scripsit
1896 2959 2103 3026 Henr.
2153 2958 2318 3024 Bul-

363 3049 642 3133 linoerus
700 3049 771 3112 in
830 3047 1197 3114 Comment.
1265 3052 1293 3113 1
1344 3046 1425 3113 ad
1473 3047 1770 3113 Corinth.
1820 3045 2025 3126 (XL).
2117 3047 2320 3113 Panis

361 3143 434 3201 et
475 3136 705 3200 vinum
750 3155 831 3199 ex
875 3135 1288 3198 institutione
1325 3134 1594 3199 Domini
1642 3132 1940 3218 symbola
1984 3141 2141 3200 sunt
2182 3134 2320 3215 qui·

364 3219 484 3288 bus
526 3219 610 3285 ab
667 3221 810 3303 ipso
853 3220 1140 3285 Domino
1185 3241 1305 3303 per
1361 3220 1806 3286 ministerium
1849 3220 2160 3286 ecclesiae
2204 3241 2318 3285 ex·

363 3307 494 3373 hib.
533 3315 657 3372 etc.
747 3305 1096 3371 Caeterum
1141 3327 1342 3389 quum
1390 3305 1562 3371 hanc
1604 3306 1973 3389 opinionem
2017 3306 2319 3388 superius

357 3392 564 3458 etiam
605 3391 898 3475 posuerit
939 3391 1032 3457 M.
1085 3391 1459 3469 IoachimuS,
1520 3413 1636 3457 cur
1681 3413 1813 3457 non
1861 3391 2075 3474 potius
2119 3392 2320 3456 talem

362 3479 736 3563 opinionem
816 3479 1031 3561 posuit
1110 3499 1308 3560 quam
1374 3487 1441 3543 et
1518 3478 1584 3543 in
1654 3478 1950 3563 margine
2030 3476 2320 3545 subindi-

360 3565 583 3632 cavit?

536 3655 637 3715 16.
731 3647 857 3715 Hic
889 3650 1093 3729 panis
1135 3648 1581 3726 eucharistiae,
1640 3671 1762 3716 non
1820 3650 2168 3716 eommunis
2213 3655 2325 3715 aut

348 3737 684 3822 pistorius,
729 3734 839 3801 sed
880 3736 1178 3819 mysticus
1220 3740 1326 3813 est,
1371 3736 1591 3818 ipsum
1635 3757 1872 3820 corpus
1905 3736 2155 3802 Christi
2191 3737 2322 3820 sig·

360 3823 737 3890 nificatione
780 3820 1337 3903 institutioneque.

540 3912 635 3972 17.
726 3905 862 3971 Hoc
895 3911 986 3971 est
1018 3926 1271 3972 sacrum
1305 3905 1645 3990 symbolum
1674 3909 1920 3989 gratiae
1956 3910 2010 3971 et
2045 3906 2321 3989 redemp-

357 3996 548 4060 tioni-s·
589 4013 779 4073 mae,
824 3991 989 4076 quod
1020 3997 1167 4073 post
1208 4013 1304 4057 me
1331 3992 1501 4057 vobis
1542 3992 1842 4074 relinquo.
1908 3991 2323 4075 Bullinqerus

357 4077 729 4164 explanans
777 4078 976 4143 verba
1022 4078 1105 4143 D.
1151 4076 1346 4143 Pauli
1401 4083 1451 4142 l.
1478 4077 1627 4143 Cor.
1670 4077 1796 4143 XI.
1844 4079 2025 4145 hunc
2069 4079 2137 4142 in
2182 4099 2322 4143 mo·

360 4163 520 4233 dum
580 4165 868 4248 scripsit:
925 4161 1253 4229 Dominus
1305 4163 1495 4230 Iesus
1556 4184 1818 4230 carnem
1874 4164 2159 4230 oblatam
2205 4185 2323 4248 pro

362 4251 609 4318 nostris
653 4250 935 4335 peccatis
992 4249 1065 4315 in
1119 4248 1377 4315 coelum
1439 4251 1839 4316 transferens
1887 4249 2093 4316 voluit
2139 4251 2323 4333 prius

363 4339 569 4404 totius
613 4336 856 4420 negotii
900 4342 967 4401 et
1010 4335 1262 4420 gratiae
1306 4356 1483 4414 suae,
1526 4334 1990 4418 redemptionis
2032 4343 2098 4402 et
2139 4336 2324 4401 unio-

361 4424 471 4491 nis
514 4444 774 4490 sacrum
817 4421 988 4506 quod
1036 4422 1169 4487 iam
1222 4420 1593 4505 symbolum
1649 4431 1797 4505 post
1841 4442 1912 4488 se
1954 4421 2324 4504 relinquere

362 4507 782 4576 mortalibus:
843 4530 928 4592 qu
1073 4528 1206 4572 non
1262 4507 1482 4572 animo
1527 4515 1804 4586 tantum,
1864 4506 1982 4573 sed
2024 4507 2322 4573 sensibus

359 4595 566 4662 etiam
622 4593 864 4660 nostris
920 4594 1251 4676 ingereret
1307 4591 1821 4677 redemptionem
1884 4601 1952 4659 et
2009 4593 2321 4659 unionem

362 4680 569 4749 semel
625 4689 885 4765 partam
927 4680 1306 4761 initamque.
1374 4679 1738 4763 Perpende,
1781 4679 2003 4758 lector,
2047 4680 2141 4745 M.
2181 4679 2322 4745 Ioa-

359 4767 556 4837 uhioni
617 4765 967 4834 candorem
1035 4772 1103 4830 et
1175 4765 1525 4830 artificium
1580 4787 1707 4849 quo
1771 4765 2064 4832 tabulam
2123 4766 2319 4831 istam

361 4853 728 4923 fabrefecit.

540 4943 636 5004 18.
730 4937 938 5004 Panis
979 4942 1035 5003 d
1081 4938 1295 5002 vinum
1338 4937 1408 5000 in
1465 4955 1654 5003 coena
1702 4936 2025 5020 symbolice
2079 4941 2321 5003 tantum

361 5033 457 5095 eet
495 5044 720 5110 corpus
760 5029 817 5089 et
856 5023 1122 5107 sanquis
1172 5020 1426 5091 Christi.
1515 5021 1685 5089 Erat
1727 5023 1890 5089 haec
1935 5023 2135 5088 etiam
2178 5043 2323 5088 sen-

364 5112 578 5180 tentia
620 5110 804 5196 prius
848 5110 1072 5193 posita.
1162 5106 1298 5174 Sed
1341 5108 1494 5191 quia
1533 5109 1608 5175 in
1643 5110 1936 5194 margine
1980 5109 2160 5174 illam
2205 5129 2322 5174 no-

364 5197 534 5264 tavit
558 5196 941 5274 IoachimuS,
983 5203 1050 5259 et
1093 5193 1364 5260 fortasse
1408 5193 1736 5262 oblivione
1778 5195 2131 5280 praeteriit,
2175 5215 2323 5261 oen-

365 5286 470 5351 8111
515 5285 715 5350 etiam
755 5279 1181 5367 redigendam
1237 5280 1306 5344 in
1358 5280 1574 5348 chaos.
1664 5281 1893 5349 Posita
1945 5290 2045 5348 est
2099 5291 2319 5346 autem

365 5371 440 5436 in
491 5368 887 5437 tractatione
940 5366 1021 5432 de
1075 5364 1517 5433 Sacramentis
1574 5367 1886 5436 ecclesiae
1938 5366 2317 5453 Bullinqeri.

2094 456 2258 521 1554
2300 454 2629 534 00'1'013.

4232 467 4361 533 294

2594 649 2691 712 19.
2778 645 2916 714 Hoc
2934 651 3025 713 est
3055 648 3470 714 tedimonium
3504 653 3616 714 aut
3649 649 3992 734 obsiynatio
4031 654 4363 719 memoria·

2415 752 2535 815 que
2589 731 2845 798 celebris
2898 732 3119 798 traditi
3162 754 3287 818 pro
3350 734 3521 799 vobis
3576 736 3867 817 corporis.
3966 736 4151 804 Haec
4208 759 4361 804 sen-

2417 818 2625 882 tentia
2665 818 2773 883 vel
2818 817 3035 901 opinio
3094 819 3163 885 in
3222 818 3449 885 eodem
3489 839 3788 884 sermone
3834 820 4199 909 Bullinyeri
4243 844 4359 908 po-

2417 904 2544 968 sita
2585 923 2706 987 per
2730 903 3117 972 Ioachimum
3158 906 3463 971 mutilata
3503 914 3619 971 est.
3695 905 3807 973 Sic
3851 907 4025 973 enim
4071 910 4358 993 scripsit:

2415 988 2622 1055 Panis
2664 999 2730 1054 et
2770 991 3003 1055 vinum
3043 990 3311 1076 signum
3354 1001 3422 1056 et
3457 999 3938 1058 sacramentum
3984 1002 4137 1059 sunt
4180 997 4360 1061 testi-

2416 1074 2706 1139 monium
2768 1084 2886 1141 aut
2937 1076 3298 1161 obsignatio
3340 1077 3779 1160 memoriaque
3822 1078 4093 1145 celebris
4134 1079 4362 1146 traditi

2417 1181 2536 1243 pro
2592 1161 2778 1227 nobis
2829 1163 3117 1244 corporis
3173 1184 3249 1229 ac
3306 1163 3495 1227 effusi
3541 1164 3898 1246 sanguinis.
3988 1165 4157 1230 Erat
4199 1166 4361 1233 haec

2418 1246 2640 1329 opinio
2691 1247 2874 1329 prius
2944 1248 3155 1331 posita
3213 1248 3381 1314 siout
3446 1257 3513 1313 et
3565 1248 3914 1332 insequens
3982 1260 4051 1315 et
4103 1261 4362 1334 poterat

2417 1330 2651 1407 omitti,
2696 1333 2751 1397 si
2794 1353 2927 1397 non
2962 1333 3277 1418 magister
3312 1342 3530 1399 noster
3554 1334 3912 1401 delectatus
3947 1336 4177 1401 fuisset
4199 1336 4361 1403 bene

2419 1416 2596 1483 dicta
2637 1418 2899 1501 saepius
2958 1438 3197 1501 ponere
3255 1440 3330 1486 ac
3384 1418 3710 1485 crambem
3752 1421 3947 1486 istam
3992 1422 4250 1505 saepius
4291 1422 4363 1488 in

2418 1502 2815 1587 farraginem
2850 1504 3167 1588 ingerere.

2593 1592 2695 1653 20.
2783 1587 2924 1656 Hoc
2965 1594 3348 1655 sacramento
3403 1588 3798 1673 siqnificatur
3829 1593 4055 1671 passio
4100 1597 4155 1656 et
4196 1612 4364 1659 mors

2418 1694 2558 1739 mea
2629 1680 2683 1740 et
2752 1676 3097 1741 communio
3154 1696 3295 1741 cum
3356 1675 3640 1740 omnibus
3697 1679 3945 1742 sanctis.
4041 1678 4364 1743 Iunxerat

2419 1760 2583 1826 haec
2639 1759 3055 1844 Bullinyerus
3112 1782 3261 1826 cum
3320 1761 3534 1825 verbis
3589 1762 3781 1843 paulo
3839 1772 3990 1828 ante
4059 1763 4362 1828 recitatis.

2420 1844 2555 1912 Sed
2601 1844 2964 1912 Ioachimus
3021 1847 3282 1912 diremit
3336 1866 3410 1911 ac
3468 1867 3700 1929 parum
3759 1846 4038 1913 fideliter
4081 1846 4365 1914 reddidit

2419 1934 2489 1996 in
2554 1932 2794 1999 tabula.
2885 1931 3312 1998 Sacramento
3371 1951 3611 1998 coenae
3676 1932 4039 2000 dominicae
4118 1935 4367 2018 signifi-

2420 2025 2609 2084 catur
2651 2038 2884 2101 corpus
2924 2019 3197 2084 Domini
3240 2038 3358 2102 pro
3402 2018 3587 2082 nobis
3630 2018 3948 2085 traditum
3993 2028 4058 2084 et
4100 2021 4366 2106 sanguis

2422 2103 2563 2170 eius
2606 2123 2724 2186 pro
2768 2104 2955 2169 nobis
2999 2105 3244 2169 effusus
3288 2112 3406 2168 cto.

2595 2194 2695 2254 21.
2787 2189 2923 2257 Hoc
2965 2195 3053 2254 est
3094 2190 3418 2273 mysticum
3474 2209 3700 2271 corpus
3754 2209 3861 2254 seu
3904 2189 4158 2255 ecclesia
4200 2211 4375 2257 sane-

2421 2280 2629 2342 torum
2671 2276 2983 2357 redempta
3039 2296 3172 2340 meo
3212 2295 3479 2355 corpore.
3565 2275 3759 2339 Hanc
3802 2276 4172 2358 opinionem
4226 2276 4371 2341 aliis

2422 2359 2641 2426 verbis
2707 2361 3016 2428 recitavit
3071 2361 3431 2427 Ioaokimus
3497 2361 3567 2423 in
3625 2362 3951 2443 margine:
4022 2361 4206 2428 Haec
4274 2370 4373 2428 est

2423 2446 2716 2513 collectio
2779 2468 2894 2512 seu
2961 2447 3233 2512 societas
3299 2454 3673 2510 sanctorum
3738 2468 3855 2510 seu
3933 2446 4205 2512 ecclesia
4269 2469 4373 2513 re-

2425 2531 2692 2616 dempta
2750 2552 2897 2597 mea
3002 2534 3273 2597 assionc.
3363 2533 3629 2597 Tractat
3688 2540 3909 2597 autem
3955 2532 4373 2617 Bullinyems

2426 2620 2626 2684 verba
2647 2619 2840 2683 Pauli
2884 2623 2909 2681 l
2998 2639 3087 2682 or.
3113 2617 3202 2683 X.
3238 2628 3304 2682 et
3325 2638 3455 2681 non
3494 2617 3693 2681 verba
3715 2616 3987 2682 Domini
4035 2618 4114 2682 de
4149 2639 4370 2685 coena.

2425 2701 2642 2784 Quem
2726 2703 3075 2769 candorem
3165 2702 3522 2769 declaravit
3601 2703 3800 2767 etiam
3869 2703 4229 2770 Ioaekimus
4299 2705 4370 2768 in

2422 2790 2838 2871 opinionibus
2920 2788 3205 2871 Zuinylii
3293 2797 3357 2852 et
3444 2787 3923 2868 Oeoozampadii.
4048 2789 4221 2853 Nam
4298 2791 4372 2854 in

2425 2874 2717 2959 Zuinylii
2761 2874 3173 2957 opinionibus
3232 2872 3584 2939 recitandis
3629 2874 3881 2938 notavit
3924 2875 3991 2938 in
4037 2874 4367 2958 margine:

2421 2960 2680 3044 Corpus
2784 2983 2855 3026 ro
2901 2959 3150 3027 Christi
3206 2959 3495 3025 ecclesia.
3584 2959 3675 3023 Et
3716 2959 3866 3024 folio
3911 2961 3989 3024 A.
4041 2966 4076 3021 5
4124 2961 4193 3024 in
4238 2960 4373 3024 far-

2420 3049 2678 3133 ragine:
2724 2981 2921 3114 Berte
2960 3045 3301 3132 Zuinylius
3342 3065 3543 3128 quum
3588 3045 3747 3111 haec
3790 3045 4022 3111 verba:
4080 3044 4226 3113 Hoc
4272 3051 4373 3112 est

2421 3155 2654 3218 corpus
2697 3155 2917 3200 meum
2964 3132 3297 3217 depravat,
3355 3132 3460 3198 his
3518 3132 3933 3197 commentis:
3990 3131 4113 3197 1100
4166 3132 4221 3197 81
4321 3132 4370 3181 '-

2422 3223 2576 3287 ficat
2631 3241 2863 3304 corpus
2922 3241 3174 3298 meum,
3233 3218 3433 3284 Item:
3524 3239 3759 3301 corpus
3817 3217 3922 3283 hic
3980 3216 4373 3303 intelligitur

2422 3328 2540 3390 pro
2584 3307 2883 3390 passione
2927 3306 2996 3370 in
3042 3325 3309 3388 corpore
3353 3304 3663 3381 tolerata,
3717 3304 3917 3367 Item:
3965 3323 4200 3386 corpus
4241 3304 4374 3387 sig·

2421 3394 2650 3458 nificat
2705 3412 2942 3475 corpus
2995 3393 3347 3476 mysticum
3404 3411 3521 3454 seu
3579 3388 3947 3466 ecclesiam,
4006 3397 4182 3454 certe
4242 3410 4375 3454 non

2424 3476 2626 3542 verba
2670 3476 2782 3543 sed
2829 3478 3197 3543 sententiae
3242 3477 3417 3540 inter
3460 3495 3530 3540 se
3575 3474 3967 3559 discrepant.
4056 3474 4148 3539 Et
4190 3475 4248 3539 81
4292 3495 4377 3540 ex

2424 3564 2533 3630 his
2577 3562 2786 3628 tribus
2820 3561 3465 3645 interpnetationibus
3499 3581 3635 3624 una
3669 3567 3769 3624 est
3806 3579 3985 3636 vera,
4028 3567 4173 3623 tum
4210 3559 4377 3625 aliae

2423 3669 2623 3714 verae
2667 3669 2807 3714 0880
2848 3669 2983 3714 non
3029 3657 3315 3730 possunt.
3404 3647 3497 3710 Et
3540 3645 3808 3727 reliqua.
3894 3646 4095 3727 Atqui
4143 3645 4376 3730 Zuiny-

2424 3736 2551 3801 lz’us
2628 3742 2919 3799 tractans
2993 3733 3197 3799 verba
3252 3732 3446 3798 Pauli
3511 3736 3561 3796 l.
3623 3730 3772 3795 Cor.
3840 3731 3929 3795 X.
3998 3752 4057 3796 v.
4140 3735 4212 3794 17
4281 3732 4375 3798 810

2422 3820 2742 3904 loquitur:
2801 3819 3026 3901 Quum
3081 3819 3423 3885 celebratis
3481 3827 3549 3881 ct
3591 3816 3787 3882 simul
3845 3816 4037 3881 editis
4081 3815 4163 3882 de
4204 3837 4375 3901 pane

2423 3916 2491 3972 et
2552 3906 2774 3971 bibitis
2841 3906 2921 3970 de
2985 3903 3182 3971 calice
3238 3903 3540 3981 Domini,
3607 3903 3994 3984 significatis
4052 3923 4169 3968 vos
4233 3923 4375 3969 0880

2425 4013 2659 4059 verum
2715 4012 2948 4075 corpus
3018 3999 3083 4055 et
3138 4010 3367 4055 verum
3438 4008 3702 4070 panem,
3775 3987 4082 4054 videlicet
4139 4009 4374 4072 corpus

2424 4077 2597 4161 quod
2666 4085 2766 4143 est
2834 4076 3124 4142 ecclesia.
3227 4076 3317 4140 Et
3390 4073 3656 4156 reliqua.
3770 4074 3981 4138 Estne
4050 4075 4376 4140 sententia

2424 4186 2627 4243 nova,
2687 4162 2906 4245 impia,
2967 4162 3297 4227 haeretica
3352 4161 3421 4225 in
3475 4159 3761 4225 ecclesiis
3817 4159 3974 4238 Dei,
4032 4159 4374 4226 ecclesiam

2423 4259 2721 4316 sanctam
2764 4246 3148 4315 catholicam
3195 4247 3327 4313 dici
3369 4267 3604 4329 corpus
3648 4243 3942 4310 Christi?
4026 4247 4165 4310 Aut
4206 4264 4373 4328 pug-

2423 4343 2544 4400 nat
2586 4335 2747 4401 haec
2791 4333 3246 4418 interpretatio
3282 4354 3428 4399 cum
3457 4330 3754 4415 Apostoli
3797 4329 4061 4397 verbis?
4128 4332 4373 4395 Annon

2424 4419 2584 4487 dicit
2623 4419 2969 4503 Apostolus
3027 4417 3253 4485 eodem
3312 4419 3481 4484 loco:
3543 4417 3734 4484 Unus
3794 4417 3984 4499 panis
4041 4423 4109 4480 et
4165 4434 4372 4480 unum

2424 4526 2658 4590 corpus
2698 4505 2894 4571 multi
2927 4527 3174 4584 sumus,
3218 4505 3330 4588 qui
3365 4503 3445 4568 de
3480 4524 3651 4586 pane
3688 4523 3820 4567 uno
3857 4499 4368 4586 participamus?

2425 4595 2671 4659 Annon
2741 4592 3016 4658 ecclesia
3087 4600 3283 4658 vetus
3357 4588 3690 4655 offerendo
3770 4585 4066 4672 symbola
4134 4604 4372 4650 coenae

2425 4676 2739 4744 offerebat
2781 4678 3043 4744 coelesti
3081 4679 3252 4761 patri
3287 4674 3672 4742 ecelesiam?
3740 4672 3996 4750 Recole,
4038 4670 4372 4750 Ioaohinoe,

2425 4785 2553 4848 quo
2597 4764 2851 4848 spiritu,
2896 4783 3024 4848 quo
3064 4762 3349 4842 consilio,
3411 4782 3537 4844 quo
3581 4759 3872 4834 artificio,
3919 4777 4044 4840 quo
4089 4755 4369 4822 candore

2425 4861 2494 4916 et
2534 4849 2664 4915 fide
2706 4850 3144 4932 composueris
3179 4848 3471 4916 tabulam
3517 4853 3581 4910 et
3623 4843 4020 4928 farraginem
4066 4851 4132 4907 et
4175 4841 4373 4909 chaos

2424 4935 2645 5001 istud?
2753 4936 2932 5001 Reco
2979 4936 3071 5000 ita
3152 4955 3346 5018 quam
3414 4933 3573 4997 haec
3650 4929 3925 4996 deceant
3996 4928 4372 4994 ministrum

2423 5022 2734 5174 10013ῗὶ110
2804 5029 2873 5087 et
2929 4956 3198 5089 ghristi.
3312 5018 3680 5101 Resipisce‚
3746 5016 4078 5098 fraterque
4149 5021 4375 5080 noster

2473 5130 2512 5173 a
2557 5127 2593 5173 e
2639 5129 2787 5174 er1s.
4291 5115 4305 5134 ·

2594 5194 2868 5260 Emensi
2932 5193 3065 5259 iam
3126 5212 3383 5270 sumus,
3449 5197 3529 5255 ut
3585 5185 3803 5266 vides,
3867 5185 4040 5251 ultra
4095 5183 4376 5250 mediam

2423 5287 2679 5364 partem
2724 5279 2920 5345 chaos
2954 5277 3131 5345 istud
3174 5285 3382 5354 tuum,
3431 5283 3498 5341 et
3535 5294 3845 5359 prospero
3880 5271 4061 5357 pede,
4107 5270 4378 5336 Domini

2422 5364 2733 5431 videlicet
2789 5365 3024 5449 spiritu
3084 5363 3271 5430 nobis
3331 5374 3432 5429 ter
3489 5362 3824 5445 aperiente
3880 5379 3998 5443 per
4055 5357 4379 5424 obiectum
