4850 6200
471 419 597 482 531

455 624 772 694 *envoyez
813 626 940 692 par
996 607 1178 691 copie
1225 627 1267 671 a
1323 626 1444 672 nez
1502 604 1613 672 Se'
1709 625 1863 671 eurs
1915 611 1984 670 et
2032 605 2437 689 snperieurs:

467 693 651 779 quilz
694 693 877 759 aient
917 715 957 759 a
999 693 1096 759 les
1149 691 1519 758 maintenir.
1680 712 1755 756 ar
1811 690 1907 757 les
1962 690 2301 756 ministres
2357 689 2440 756 de

469 779 710 866 leglise
754 779 836 846 de
871 779 1170 846 Genefve
1214 800 1260 863 y
1295 786 1414 844 ont
1453 773 1783 861 respondu
1818 777 2002 842 selon
2045 776 2182 860 quil
2224 800 2266 842 a
2299 784 2439 843 este

480 865 768 933 declaire
810 876 879 931 et
919 887 1044 948 que
1087 865 1151 931 le
1187 863 1421 930 double
1458 863 1539 929 de
1583 863 1726 929 leur
1759 882 2073 946 response
2107 885 2188 928 en
2225 883 2268 927 a
2301 872 2439 928 este

469 955 586 1105 1³2*
615 950 951 1104 ¹prodnict.
1053 949 1360 1100 Daultrgi
1376 954 1527 1032 part
1566 949 1652 1013 ilz
1679 958 1864 1099 i‹lmtdj
1857 968 2037 1014 seme
2094 961 2162 1014 et
2216 948 2439 1101 ἓξὲξ

473 1060 611 1191 failt¹
639 1037 1320 1190 ffiuuglgltfiziffufle
1364 1055 1641 1206 3³⁸?th
1653 1057 1764 1187 etz
1782 1044 2244 1187 mggtlgbgugus
2306 1056 2441 1186 au'x²

469 1209 869 1294 preschenrs
914 1208 995 1276 de
1038 1208 1338 1276 Genefve
1382 1207 1498 1273 des
1543 1206 1824 1272 blasmes
1868 1226 2186 1273 enormes.

1001 1449 1251 1516 Oontre
1295 1447 1572 1514 Bastian
1620 1445 1920 1514 Fama.

652 1587 896 1655 Betant
935 1585 1122 1652 fuitif
1168 1584 1249 1652 de
1293 1586 1358 1652 18
1414 1584 1569 1652 ville
1625 1583 1707 1652 de
1749 1584 2048 1652 Genefve
2105 1604 2274 1669 pour
2331 1606 2439 1651 ses

475 1674 810 1741 maleficos
852 1695 893 1738 a
935 1672 1136 1738 escrit
1177 1670 1402 1738 lettres
1444 1670 1577 1737 fort
1620 1671 2088 1736 diffamatoires
2145 1690 2184 1734 a
2227 1670 2437 1737 18888-

479 1760 630 1826 sion
672 1759 811 1825 dnn
855 1759 1147 1843 mariage
1189 1757 1328 1839 quil
1373 1756 1746 1840 pretendoit
1788 1777 1950 1823 avec
2004 1778 2136 1821 une
2194 1757 2437 1822 femme

477 1846 592 1929 qui
637 1848 815 1910 avoit
857 1864 1056 1912 encor
1099 1864 1215 1910 son
1262 1864 1452 1928 mary
1495 1844 1734 1909 vivant
1790 1852 1857 1908 et
1911 1841 2140 1908 lesdits
2199 1863 2438 1926 propos

477 1942 630 1996 tant
685 1942 913 1996 contre
963 1929 1028 1993 la
1085 1930 1377 1995 doctrine
1422 1930 1530 2013 qui
1593 1951 1663 1995 88
1721 1928 1995 2013 91888118
2052 1949 2091 1993 8
2135 1928 2436 1995 Genefve

467 2016 838 2101 lappellant
879 2015 1150 2094 11818818,
1197 2035 1324 2099 que
1368 2027 1596 2081 contre
1639 2016 1705 2081 la
1740 2014 1900 2080 ville
1941 2024 2009 2081 et
2050 2015 2113 2079 18
2151 2035 2434 2099 gouver-

472 2114 778 2169 nement:
837 2102 1056 2167 disant
1097 2123 1224 2185 que
1266 2111 1404 2168 cest
1457 2123 1590 2168 une
1633 2101 1919 2168 Sodome
1978 2100 2308 2166 charnelle
2367 2109 2436 2165 et

473 2188 858 2272 spirituelle,
903 2187 1061 2253 ville
1106 2188 1483 2253 trescruclle
1528 2189 1636 2271 qui
1685 2196 2021 2273 persecute
2075 2187 2141 2251 18
2198 2188 2311 2271 foy
2353 2188 2436 2252 de

473 2275 671 2341 Iesus
728 2274 982 2349 Christ,
1050 2293 1208 2339 avec
1262 2273 1591 2359 plusieurs
1662 2274 1906 2340 aultres
1964 2273 2231 2338 villains
2288 2274 2431 2339 oul-

473 2375 717 2512 g‘lages.
819 2361 1027 2510 {tuce
1074 2359 1364 2510 9818118181
1407 2382 1448 2424 8
1490 2381 1611 2443 981·
1654 2379 1735 2445 cy
1780 2379 1900 2443 par
1952 2358 2019 2423 18
2073 2380 2250 2425 seme
2304 2381 2433 2444 que

597 2468 704 2512 vm
747 2467 816 2512 88
889 2469 906 2509 1
983 2467 1076 2511 88
1171 2468 1279 2511 818
1311 2467 1479 2530 ique.

604 2685 849 2751 Contre
895 2687 1239 2752 Hierosme
1278 2685 1529 2752 Boslete
1572 2686 1864 2753 medecin
1912 2687 1993 2751 de
2035 2688 2283 2752 Tenon.

647 2824 905 2907 Depuis
951 2844 1069 2888 son
1131 2834 1352 2889 retour
1418 2824 1497 2890 de
1541 2824 1762 2890 Berne
1827 2836 1964 2890 sest
2032 2836 2226 2889 vante
2292 2825 2429 2908 quil

473 2910 655 2976 avoit
709 2911 815 2996 icy
870 2912 1208 2974 maintenu
1267 2909 1465 2975 ledict
1536 2909 1759 2975 Calvia
1813 2909 2157 2993 heretiqne
2223 2918 2288 2975 et
2344 2932 2428 2976 88

469 3008 799 3080 paravant
843 2997 1021 3061 avoit
1065 2996 1199 3059 dict
1242 3017 1367 3078 que
1421 2997 1650 3062 cestoit
1693 3018 1734 3060 8
1790 2996 1999 3080 grand
2044 2995 2190 3061 tord
2251 3017 2428 3079 quon

475 3082 660 3148 avoit
702 3083 858 3148 faict
900 3084 1147 3148 mourir
1196 3080 1405 3148 Servat
1448 3105 1487 3147 8
1532 3081 1848 3149 Genefve.
1909 3083 2000 3149 Et
2041 3105 2125 3148 ne
2161 3102 2249 3148 se.
2275 3104 2429 3149 con-

469 3181 737 3234 tentant
782 3168 861 3233 de
906 3168 1040 3233 mal
1086 3168 1305 3249 parler
1348 3169 1586 3234 chante
1643 3189 1889 3234 mesme
1946 3191 2066 3252 par
2107 3191 2189 3253 cy
2243 3178 2310 3233 et
2361 3170 2429 3234 18

479 3276 608 3320 888
652 3253 941 3320 chanson
985 3265 1212 3319 contre
1258 3253 1418 3318 ledit
1469 3253 1691 3323 Calvia
1749 3254 1964 3340 pleine
2021 3254 2424 3321 dinfametez.

477 3495 728 3561 Contre
784 3495 1013 3561 Pierre
1076 3495 1184 3559 des
1242 3494 1449 3645 Ρῑαῖἷ
1488 3504 1570 3645 fit
1622 3517 1692 3561 88
1749 3496 1982 3561 femme
2042 3495 2431 3562 dementant

1301 3603 1336 3645 a
1448 3602 1486 3644 o
1538 3601 1592 3646 8.

655 3718 761 3782 En
804 3738 1116 3801 presence
1176 3718 1256 3783 de
1312 3720 1479 3783 seize
1535 3739 1894 3801 personnes
1955 3731 2074 3785 ont
2135 3716 2232 3784 dit
2293 3718 2435 3801 quil

475 3804 709 3868 navoit
751 3815 983 3869 trouve
1024 3824 1109 3868 au
1144 3805 1493 3888 magistrat
1527 3803 1609 3870 de
1653 3804 1951 3871 Genefve
1986 3806 2057 3870 ni
2096 3805 2304 3870 droict
2344 3826 2432 3869 88

462 3888 713 3973 justice
756 3900 823 3953 et
865 3910 990 3973 que
1038 3889 1262 3955 Calvia
1307 3891 1502 3955 estoit
1545 3912 1633 3955 un
1671 3890 2010 3974 heretique
2044 3892 2156 3975 qui
2200 3912 2271 3957 se
2306 3890 2428 3956 fai-

475 3976 606 4040 soit
647 3973 899 4040 adorer.
1005 3976 1257 4059 Depuis
1304 3975 1546 4041 devant
1583 3975 1644 4041 le
1689 3976 2017 4063 Seigneur
2062 3976 2271 4043 Ballif
2317 3974 2429 4042 de-

471 4069 641 4126 vant
682 4069 896 4125 trente
939 4081 1298 4144 personnes
1341 4083 1382 4127 8
1425 4061 1522 4128 dit
1572 4063 1712 4145 quil
1769 4063 2018 4130 vouloit
2073 4064 2432 4129 maintenir

471 4145 637 4213 ledit
685 4145 908 4213 Calvia
947 4147 1301 4231 heretique.

1352 4748 1543 4818 2168.

964 4902 1449 4970 SULZERUS
1487 4904 1924 4972 CALVINO.

648 5075 749 5140 De
810 5095 970 5142 nova
1024 5076 1437 5142 cordroversia
1497 5080 2001 5145 sacramentaria
2063 5083 2120 5143 et
2189 5079 2425 5162 neydio

471 5157 1019 5244 Monbelyardensi
1070 5161 1363 5227 aestimat
1416 5164 1625 5229 omnia
1679 5165 1823 5230 bene
1863 5168 1919 5229 et
1961 5163 2215 5247 placide
2267 5182 2427 5230 88111-

459 5246 937 5329 passimam
989 5247 1052 5312 si
1105 5246 1400 5313 bonorum
1455 5250 1735 5317 virorum
1787 5250 2128 5315 interventu
2182 5251 2424 5317 nimiae

470 5332 684 5396 Μ’
683 5334 1046 5415 quepartis
1089 5334 1361 5397 ammon'
1365 5335 1469 5400 iae
1508 5354 1830 5402 ooeursum
1868 5337 2094 5418 fumet'
2095 5386 2108 5401 .

1992 411 2523 483 EPISTOLAE
2568 417 2901 481 2167—21
2916 421 2949 480 7
2962 421 2989 479 l

4371 418 4498 482 5³2

2545 604 2661 668 (Ex
2694 622 2728 657 8
2960 604 3032 658 118
3066 604 3289 662 Archiv.
3325 602 3504 659 Turio.
3539 604 3686 660 Plnt.
3730 603 3829 660 vl.
3876 602 3995 667 155,
4038 604 4169 660 olim
4215 603 4388 659 Scrin-
4436 605 4500 660 B.

2851 688 2943 743 pp.
2980 672 3135 727 Tem.
3173 671 3261 727 33.
3296 674 3387 727 fol.
3424 670 3550 728 391.
3590 702 3653 713 —
3691 672 3907 729 Simler.
3945 673 4071 728 Vol.
4109 671 4223 733 84.)

2547 843 2702 909 Viro
2746 845 3309 929 praestantissimo
3353 845 3436 910 D.
3476 843 3569 909 Io.
3595 842 3873 912 Calvino
3905 843 4170 911 domino
4213 854 4281 911 et
4310 845 4497 910 fratri

3148 954 3151 959 ·
3197 930 3654 997 colendissimo
3696 952 3831 998 suo.

2717 1102 2788 1169 S.
2870 1101 3132 1182 Habes,
3192 1104 3282 1168 mi
3344 1102 3630 1180 Calvino,
3694 1102 4137 1187 Grynaeuw)
4199 1112 4499 1169 nostrum

2549 1188 2768 1254 vivam
2812 1187 3175 1274 epistolam,
3222 1187 3397 1272 quod
3439 1196 3626 1255 tanto
3670 1189 3882 1275 magis
3924 1185 4178 1273 gaudeo
4234 1208 4361 1272 quo
4414 1187 4498 1253 ad

2545 1273 2955 1340 scribendum
3012 1275 3234 1339 minus
3287 1284 3479 1359 aptus
3535 1296 3684 1340 snm
3741 1286 4010 1359 propter
4075 1274 4499 1360 gravissimos

2544 1380 2622 1427 ca
2666 1361 2776 1426 itis
2819 1360 3475 1445 praecordiorumque
3519 1358 3794 1429 dolores.
3856 1362 3958 1426 De
4000 1359 4337 1510 uagoedia
4378 1379 4501 1444 per

2648 1447 2910 1512 umnias
2953 1468 2993 1511 a
3035 1445 3418 1530 quibusdam
3465 1446 3748 1513 excitata
3792 1447 3911 1513 tibi
3956 1468 4087 1530 apn
4174 1446 4499 1513 Bernates

2545 1532 2921 1599 audivimus
2974 1531 3289 1616 quaedam
3309 1585 3324 1611 ,
3399 1532 3513 1598 sed
3579 1533 3787 1600 obiter
3855 1541 4131 1598 tantum.
4241 1531 4500 1599 Verum

2542 1617 2701 1707 quid
2758 1626 2976 1685 actum
3036 1619 3153 1699 sit,
3212 1628 3331 1685 aut
3387 1620 3534 1703 quis
3588 1619 3789 1685 fuerit
3854 1618 4133 1685 actionis
4200 1628 4498 1698 eventus,

2542 1704 2711 1770 nihil
2755 1705 2999 1772 scimus
3042 1705 3322 1789 penitus.
3428 1703 3651 1786 Quare
3695 1716 3959 1790 gratum
4010 1704 4236 1772 feceris
4281 1705 4337 1769 si
4381 1725 4502 1789 per

2540 1791 2769 1856 literas
2811 1811 2918 1857 me
2960 1789 3317 1857 edocueris.

2712 1875 3063 1942 Caeterum
3084 1929 3098 1957 ‚
3165 1876 3340 1962 quod
3396 1886 3783 1943 renovatum
3846 1876 3927 1942 de
3982 1875 4297 1962 symbolis
4355 1899 4498 1942 cer-

2541 1974 2762 2027 tamen
2784 1967 2840 2037 ²)
2899 1964 3168 2042 attinet,
3230 1962 3661 2029 vehementer
3728 1963 3912 2029 doleo
3973 1983 4119 2029 cum
4177 1965 4371 2041 meis,
4428 1972 4500 2029 et

2539 2047 2709 2113 forte
2764 2049 3237 2134 expedivisset,
3289 2051 3459 2115 sicut
3512 2051 3707 2114 etiam
3767 2048 4102 2134 Myconius
4156 2050 4301 2133 piae
4358 2071 4497 2115 me-

2539 2136 2785 2200 moriae
2821 2136 3148 2215 censebat,
3184 2135 3533 2201 formulam
3569 2136 4019 2201 consensionis
4054 2135 4230 2200 inter
4266 2155 4385 2200 vos
4429 2144 4498 2200 et

2539 2221 2889 2306 Tigurinos
2934 2220 3175 2286 editam
3222 2243 3353 2286 non
3411 2222 3629 2287 fuisse.
3725 2222 3955 2305 Neque
3996 2230 4253 2287 constat
4305 2222 4498 2287 nobis

2538 2307 2691 2390 quid
2738 2307 2837 2372 vel
2886 2308 3220 2392 scripserit
3279 2308 3667 2392 VestphaluS,
3714 2308 3816 2374 vel
3856 2308 4092 2392 quibus
4130 2308 4497 2374 rationibus

2539 2391 2620 2458 ad
2678 2392 3093 2459 scribendum
3150 2402 3488 2478 permotus
3543 2394 3757 2473 fuerit,
3814 2394 4116 2469 maxime,
4182 2402 4251 2458 ut
4307 2404 4495 2459 tuum

2538 2479 2667 2544 scri
2717 2491 2855 2544 tum
2904 2481 3138 2559 innuit,
3186 2488 3320 2543 tam
3381 2480 3843 2546 amarulenter.
3944 2480 4209 2545 Habere
4271 2487 4492 2544 autem

2537 2576 2605 2628 et
2722 2566 2966 2631 efensio
3023 2576 3143 2631 tua
3196 2565 3501 2630 nonnihil
3562 2568 3952 2632 acrimoniae
4016 2565 4302 2643 videtur,
4360 2587 4495 2649 qua

2536 2652 2630 2715 ita
2673 2673 3018 2734 personam
3065 2651 3383 2737 depingis,
3430 2653 3581 2718 licet
3618 2653 3820 2718 tacito
3858 2653 4139 2727 nomine,
4188 2662 4265 2717 ut
4297 2673 4495 2716 nemo

2536 2738 2682 2820 quis
2717 2739 2805 2803 sit
2838 2739 3100 2823 ignoret
3132 2738 3337 2813 facile,
3376 2739 3504 2803 nisi
3549 2740 3761 2803 famae
3794 2738 4090 2821 publicae
4123 2739 4489 2821 imperitus.

2535 2824 2811 2890 Utinam
2887 2845 3043 2889 vero
3104 2824 3414 2907 privatim
3473 2825 4007 2908 familiariterque
4072 2831 4495 2889 tentarentur

2535 2910 2718 2994 91188
2762 2910 3001 2989 881818,
3047 2909 3406 2989 scribendo,
3452 2910 3919 2989 conveniendo,
3970 2930 4163 2993 quam
4209 2909 4288 2974 ad
4335 2931 4493 2975 con-

2534 2997 2751 3062 flictus
2797 2997 3112 3062 eiusmodi
3160 3000 3226 3060 in
3275 3017 3541 3061 arenam
3592 2997 3915 3079 publicam
3962 2996 4489 3073 descenderetur,

2535 3083 2643 3166 qui
2715 3105 2945 3148 vereor
3011 3105 3092 3148 ne
3158 3085 3410 3148 fructus
3477 3085 3823 3149 minimum
3891 3092 3951 3148 et
4034 3081 4491 3148 scandalorum

2534 3167 2681 3252 plus
2724 3171 2884 3235 satis
2931 3169 3221 3234 habituri
3267 3171 3417 3234 sint.
3523 3168 3878 3253 Spectabat
3934 3191 4039 3233 rcs
4099 3168 4177 3234 ad
4240 3189 4485 3252 pacem.

2534 3253 2668 3320 Sed
2729 3255 2796 3319 id
2855 3253 3062 3320 Satan
3125 3256 3363 3319 bonum
3432 3255 3739 3321 ecclesiae
3795 3257 3987 3320 unice
4048 3255 4487 3320 necessarium

2533 3341 2775 3405 invidit
2833 3342 3148 3424 novisque
3208 3341 3527 3406 incendiis
3587 3345 3859 3408 miscere
3915 3349 4191 3407 conatur
4246 3341 4485 3406 omnia.

2534 3427 2618 3491 Ei
2661 3427 3042 3492 resistamus
3087 3425 3232 3505 fide,
3272 3429 3672 3493 orationibus
3717 3440 3783 3492 et·
3827 3427 4245 3513 poenitentia.

2707 3513 2811 3577 De
2869 3513 3168 3596 Montpel
3260 3512 3510 3580 rdensis
3571 3515 3878 3580 ecclesiae
3939 3523 4117 3580 statu
4185 3524 4251 3578 te
4307 3533 4490 3578 acce-

2533 3599 2708 3682 pisse
2741 3599 3021 3664 arbitror
3056 3600 3154 3685 pri
3205 3621 3307 3664 em
3342 3602 3577 3665 omnia.
3653 3601 3813 3665 Fuit
3846 3612 3911 3665 et
3946 3602 4003 3664 is
4037 3609 4211 3664 certe
4243 3600 4491 3683 gravis,

2534 3704 2972 3769 paroxysmus
3017 3685 3072 3750 is
3119 3685 3275 3762 fuit,
3322 3687 3521 3769 inque
3566 3688 3997 3770 suspicionem
4045 3685 4222 3750 haud
4275 3686 4491 3751 levem

2544 3771 2861 3837 Tossanus
2914 3771 3123 3837 venit:
3195 3793 3235 3836 a
3292 3793 3420 3855 qua
3474 3783 3693 3837 tamen
3752 3772 3865 3836 ille
3922 3793 3994 3839 88
4050 3771 4359 3855 lacrymis
4424 3780 4495 3836 et

2536 3857 2792 3940 scriptis
2842 3878 3128 3943 purgare
3185 3857 3538 3924 contendit.
3562 3858 3616 3943 ³)
3729 3862 3829 3923 Ac
3887 3857 4125 3922 molliri
4183 3867 4493 3941 poterant

2536 3945 2789 4021 omnia,
2848 3945 2901 4008 si
2957 3965 2997 4007 a
3049 3945 3365 4028 principio
3423 3945 3661 4009 fuisset
3717 3944 4033 4010 bonorum
4106 3944 4492 4008 interventu

2537 4049 2895 4096 occursum.
3009 4028 3145 4097 Sed
3202 4030 3349 4095 {ieri
3401 4029 3465 4094 id
3531 4032 3755 4114 nequit
3810 4053 4007 4115 quum
4072 4030 4491 4115 ignoraretur

2582 4115 2817 4181 1188888
2855 4115 2963 4181 1118
3001 4114 3196 4200 ignis.
3252 4116 3449 4181 Nunc
3492 4118 3573 4182 ab
3622 4118 3844 4183 eiectis
3888 4116 4212 4182 ministris
4240 4116 4493 4181 frustra

2537 4136 2616 4266 {c
2662 4199 2950 4267 remedio
3007 4203 3347 4287 cogitatur,
3418 4203 3544 4268 nisi
3612 4201 3779 4287 quod
3842 4202 4096 4268 moneri
4169 4200 4498 4267 Tossanus

2535 4295 2755 4370 potest
2796 4295 2870 4353 ut
2912 4287 3226 4354 ecclesiae
3260 4288 3412 4354 advi
3465 4291 3477 4301 '
3509 4301 3593 4366 et,
3638 4310 3722 4354 ne
3766 4286 3921 4373 quid
3956 4286 4227 4372 obrepat
4270 4287 4494 4372 perni-

2536 4372 2696 4438 ciosi
2736 4374 3057 4441 fermenti.
3148 4372 3281 4440 Sed
3330 4397 3370 4440 v
3437 4397 3473 4440 e
3518 4377 3587 4440 in
3631 4376 3933 4441 Domino.
4038 4373 4337 4440 Basileae
4387 4379 4491 4438 28.

2534 4457 2761 4523 Martii
2816 4464 2835 4522 1
2854 4464 2994 4525 555.

3763 4548 3945 4614 Tuus
3979 4544 4314 4613 Sulcerus.

2538 4633 2835 4643 μ--οο--σ-οι
2850 4635 2939 4643 —m

2534 4714 2710 4771 mm·
2738 4716 2801 4850 ἐξ
2835 4714 3125 4852 m
3150 4787 3296 4841 anter
3330 4793 3615 4858 natu-amque
3643 4794 3855 4855 portem
3888 4787 4111 4850 modius,
4158 4786 4345 4842 lubens
4378 4801 4489 4841 ne-

2529 4853 2797 4909 diatorm
2830 4857 3041 4977 esiam,
3075 4858 3327 4910 neutrius
3360 4856 3659 4938 1119811881.
3675 4857 3806 4912 bene
3833 4863 4175 4938 ponpam
4214 4856 4433 4911 heom.

2528 4993 2639 5046 lori
2672 4920 2911 5048 01331κέ
2945 4923 3262 4980 ἀαοιηοκᾱο
3306 4921 3554 4980 Testem
3597 4927 3686 4983 1118
3717 4941 3937 4980 numne
3976 4921 4199 4980 lelo
4234 4924 4485 4995 daupu-
