4850 6200
580 473 697 536 107

572 655 869 741 plerique
913 675 994 720 ex
1041 653 1509 736 antesignanis,
1550 653 1720 717 inter
1751 672 1914 734 quos
1949 661 2016 717 et
2041 651 2365 729 Calvinus,
2411 672 2530 733 pro
2579 682 2586 729 ι
2633 650 3050 716 Genevensis
3127 648 3427 715 doctrina
3449 649 3501 735 ⁸)
3583 650 3934 717 dissentire
4012 662 4272 716 norunt.

573 744 843 808 nomine
887 741 1039 806 Iesu
1097 740 1269 823 passi
1338 738 1473 803 sint
1527 737 2003 803 contumelias?
2077 757 2274 820 qnam
2328 736 2530 802 variis
2578 734 2585 777 ¹
2631 737 2846 819 ipsum
2928 755 3139 819 neque
3211 748 3288 800 tu
3365 735 3911 802 dissimulandum
3989 737 4276 803 voluisti.

574 829 872 895 animose
930 846 1073 892 sese
1138 824 1444 907 periculis
1509 823 1910 890 obiecerint?
2020 822 2115 888 Eo
2182 832 2388 899 certe,
2458 830 2531 887 ιιι

575 915 954 998 plurimum,
1017 932 1120 976 res
1178 908 1435 974 redibat
1496 922 1570 974 ut
1615 930 1925 993 persaepe
1969 919 2383 993 praesentem
2426 907 2530 971 in-

576 1011 914 1066 tentarent
955 998 1176 1062 omnia
1217 1012 1515 1061 mortem.
1584 996 1670 1060 Et
1718 1010 1793 1060 ιιι
1834 997 2036 1061 istaec
2080 994 2160 1059 ab
2204 993 2531 1077 aliquibus

577 1087 848 1153 forsitan
908 1083 1010 1148 his
1070 1084 1137 1147 in
1200 1081 1358 1147 locis
1415 1082 1832 1165 ignorentur,
1889 1082 2032 1163 ipsa
2085 1100 2243 1147 sane
2299 1079 2533 1145 exsilia

577 1172 860 1257 purioris
920 1168 1257 1252 religionis
1315 1188 1386 1231 er
1433 1189 1472 1233 o
1530 1187 1840 1250 perpessa
1862 1170 1898 1203 ⁴*
1950 1168 2283 1232 neminem
2327 1165 2532 1230 latere

574 1266 867 1342 possunt.
983 1255 1270 1319 'l'antum
1348 1275 1388 1317 a
1503 1265 1534 1317 t
1610 1264 1689 1318 ut
1763 1252 2193 1319 delicatorum
2271 1272 2532 1329 nomen,

574 1346 764 1409 euius
817 1352 1043 1406 tamen
1086 1339 1317 1406 crebra
1362 1339 1692 1403 mentione
1735 1341 1900 1403 mire
1945 1338 2064 1403 tibi
2107 1339 2340 1421 places,
2400 1335 2534 1401 illis

576 1429 738 1511 ipsis
782 1425 1163 1510 exprobrari
1207 1427 1443 1489 merito
1489 1424 1711 1508 possit.

752 1514 974 1579 Minus
1017 1512 1214 1576 etiam
1250 1511 1333 1574 iis
1366 1511 1483 1575 abs
1518 1526 1582 1575 te
1640 1512 1832 1577 obiici
1889 1509 2140 1587 debeat,
2192 1509 2363 1593 quod
2401 1510 2534 1573 lato

578 1602 982 1665 moeniorum
1023 1597 1273 1663 ambitu
1325 1597 1794 1662 circumvallati
1851 1596 1933 1661 ab
1981 1596 2267 1661 hostium
2315 1598 2535 1660 furore

579 1687 715 1753 sint
748 1686 1094 1759 immunes,
1131 1683 1417 1765 adeoque
1452 1694 1643 1748 extra
1676 1703 1959 1758 omnem,
2006 1695 2082 1747 ut
2116 1680 2374 1759 dicitur,
2421 1682 2532 1746 teli

578 1774 821 1838 iactum
848 1770 1180 1835 umbratili
1216 1771 1640 1853 perfruantur
1673 1771 1823 1834 otio.
1898 1770 2295 1834 Praesertim
2333 1789 2531 1850 quum

2232 458 2699 529 EPISTOLA
2752 468 2908 526 1939

4472 468 4588 531 108

4392 650 4592 734 Quod

4385 738 4592 819 Atqui

2634 830 2895 888 constat
2937 822 3401 888 Genevensem
3457 823 3797 889 ecclesiam
3862 822 4029 888 nihil
4081 823 4358 903 sentire,
4417 823 4587 888 nihil

2634 927 2881 991 sapere,
2920 907 3090 972 nihil
3124 906 3402 990 denique
3439 908 3617 973 aliud
3654 908 3887 976 docere
3920 928 4117 992 quam
4153 908 4324 993 quod
4360 909 4589 975 eodem

2638 992 2878 1076 spiritu
2957 1008 3352 1077 receperunt
3431 1015 3661 1060 omnes
3738 994 4046 1061 ecclesiae
4125 1015 4291 1079 quae
4353 994 4590 1079 ubique

2637 1091 2968 1145 terrarum
2989 1080 3310 1145 sinceram
3335 1080 3661 1164 evangelii
3686 1079 4053 1146 doctrinam
4075 1080 4588 1166 amplectuntur,

2637 1186 2911 1249 quarum
2957 1165 3241 1248 profecto
3286 1167 3491 1231 mirus
3536 1178 3636 1232 est
3692 1168 3761 1231 in
3807 1166 4175 1250 praecipuis
4215 1164 4368 1233 fidei
4412 1169 4590 1251 capi—

2636 1251 2812 1316 tibus
2857 1271 3229 1316 consensus.
3290 1251 3551 1316 Harum
3595 1254 3791 1317 etiam
3828 1251 4201 1336 pastoribus
4245 1262 4379 1318 tam
4425 1253 4592 1319 bene

2637 1339 2811 1402 inter
2855 1359 2924 1402 se
2966 1337 3304 1416 convenit,
3362 1345 3686 1421 quantum
3747 1336 4005 1421 quidem
4066 1340 4238 1403 inter
4292 1338 4592 1403 homines

2634 1431 2870 1507 potest,
2916 1433 2994 1488 ut
3040 1422 3299 1489 Calvino
3343 1423 3464 1489 hac
3508 1425 3575 1489 in
3624 1434 3808 1508 parte
3853 1424 4094 1489 vulnus
4135 1425 4434 1508 infligere
4477 1444 4593 1490 ne-

2637 1530 2855 1592 queas,
2905 1510 3066 1592 quin
3108 1509 3268 1574 alios
3312 1531 3563 1593 quoque
3608 1509 4036 1586 ecclesiastes,
4097 1510 4393 1576 homines
4437 1530 4594 1575 vere

2640 1596 2804 1677 pios,
2860 1598 3044 1677 quasi
3103 1615 3222 1677 per
3279 1597 3418 1660 eius
3478 1597 3648 1662 latus
3703 1600 3969 1664 saucies.
4063 1598 4204 1661 Iam
4259 1616 4463 1678 quum
4509 1596 4594 1662 ab

2636 1681 2771 1746 illis
2816 1682 3120 1758 ecclesiis,
3167 1685 3236 1746 in
3273 1682 3507 1762 quibus
3543 1703 3705 1765 pure
3742 1680 3951 1748 doceri
3998 1682 4411 1765 evangelium
4457 1702 4596 1747 non

2637 1769 2917 1851 ignorati,
2978 1779 3046 1831 et
3103 1789 3141 1831 a
3196 1769 3433 1849 quibus
3489 1768 3546 1833 si
3604 1768 3760 1850 quid
3820 1771 3972 1834 boni
4030 1768 4230 1835 habes
4289 1768 4594 1847 didicisti,

580 1861 741 1925 satis
782 1878 1104 1939 superque
1164 1861 1415 1921 constet
1468 1875 1661 1937 quam
1722 1875 1849 1920 non
1911 1876 2040 1919 uno
2098 1853 2248 1918 belli
2295 1873 2536 1937 genere
2584 1866 2590 1939 ξ
2638 1865 2930 1935 apertam
2978 1853 3406 1919 defectionem
3467 1855 3772 1919 meditari
3827 1855 4140 1934 videaris,
4201 1856 4329 1920 imo
4394 1857 4598 1920 etiam

580 1945 760 2010 intra
802 1958 937 2007 tam
983 1942 1294 2023 superbas
1340 1962 1677 2005 murorum
1724 1942 2205 2005 exstructiones
2247 1939 2535 2022 quotidie
2585 1946 2590 2015 t
2641 1939 2818 2003 haud
2874 1937 3145 2005 obscure
3202 1941 3272 2003 in
3332 1938 3656 2024 plerisque
3715 1940 4094 2017 dissentias,
4163 1959 4283 2006 nec
4339 1944 4596 2006 romani

582 2044 1028 2095 exerceantur.
1102 2028 1191 2091 Et
1234 2040 1309 2090 ut
1354 2027 1482 2090 illis
1530 2028 1693 2090 nihil
1723 2029 1853 2091 iam
1882 2026 2055 2090 aliud
2102 2026 2260 2091 foris
2304 2044 2533 2107 super·
2585 2050 2591 2101 l
2641 2025 2799 2089 item
2846 2027 3170 2107 pontificis
3216 2028 3554 2109 tyrannidi
3602 2028 4048 2109 patrocineris,
4106 2048 4268 2109 quas
4327 2026 4598 2091 tandem

583 2126 760 2181 esset
802 2116 1048 2197 negotii
1097 2133 1290 2195 quam
1317 2110 1659 2194 quodcum
1710 2113 2017 2194 improbis
2046 2113 2370 2194 plerisque
2417 2111 2535 2174 ho-
2586 2104 2591 2131 ¹
2639 2122 2863 2195 partes
2925 2111 3254 2175 tueberis‘?
3317 2112 3576 2177 cuinam
3640 2124 3705 2177 te
3764 2115 3978 2179 coetui
4039 2112 4400 2197 adiunges?
4497 2116 4598 2178 An

584 2201 872 2266 minibus
918 2199 1091 2264 domi
1140 2200 1413 2263 subinde
1458 2199 1931 2265 conflictantur.
1982 2197 2080 2262 vel
2128 2222 2209 2262 ex
2254 2218 2332 2261 eo
2375 2196 2535 2261 satis

586 2306 855 2371 apparet
911 2306 1020 2349 eos
1081 2286 1261 2366 qnasi
1322 2306 1361 2347 a
1419 2285 1829 2367 gravioribus
1885 2285 2057 2348 curis
2116 2304 2357 2350 vacuos
2418 2283 2534 2346 vix

2642 2197 2856 2261 nescis
2919 2195 3370 2262 Christianum
3429 2219 3570 2262 esse
3627 2220 3819 2282 posse
3876 2202 4235 2277 neminem,
4296 2199 4424 2263 nisi
4482 2201 4599 2282 qui

2642 2303 2789 2348 eam
2833 2284 3128 2366 agnoscit
3161 2284 3522 2361 ecclesiam,
3567 2285 3640 2348 in
3675 2306 3804 2365 qua
3861 2305 3990 2348 vox
4028 2284 4349 2368 evangelii
4388 2294 4597 2361 sonet,

586 2374 919 2438 tantillum
966 2370 1242 2436 feriandi
1301 2370 1513 2437 locum
1574 2369 1828 2434 habere.
1924 2370 2169 2434 Verum
2221 2382 2289 2433 tu
2336 2370 2536 2433 istaec
2586 2398 2593 2441 ι
2642 2370 3080 2434 ministerium
3118 2371 3573 2452 evangelicum
3609 2371 4064 2452 conspiciatur,
4111 2390 4336 2435 sacrae
4370 2390 4600 2453 preces

586 2476 702 2525 aut
759 2459 1077 2524 malitiose
1137 2454 1511 2521 dissimulas
1564 2468 1681 2520 aut
1744 2476 1981 2538 susque
2048 2456 2255 2539 deque
2314 2456 2537 2531 habes,

586 2545 834 2627 tibique
878 2547 1037 2609 satis
1095 2555 1194 2608 est
1238 2541 1430 2607 modo
1475 2564 1556 2607 ex
1605 2542 1961 2625 proborum
2020 2542 2314 2606 virorum
2364 2541 2536 2605 vitu-

584 2633 922 2717 peratione
969 2654 1005 2694 a
1050 2629 1387 2694 nonnullis
1444 2628 1655 2710 iisque
1700 2629 1938 2709 partim
1984 2628 2259 2693 rudibus
2305 2640 2370 2692 et
2413 2629 2534 2691 im-

584 2718 845 2802 peritis,
925 2718 1162 2799 partim
1243 2715 1322 2778 de
1394 2724 1572 2779 statu
1655 2714 1834 2779 illius
1899 2716 2208 2781 ecclesiae
2274 2737 2349 2780 ac
2415 2713 2539 2777 mi-

585 2805 943 2870 nistrorum
1012 2801 1194 2866 verbi
1264 2820 1495 2883 parum
1566 2803 1792 2877 certis,
1876 2813 1944 2864 et
2013 2801 2246 2883 quibus
2317 2801 2400 2863 ob
2471 2797 2538 2862 id

582 2891 861 2955 minimo
928 2889 1189 2970 negotio
1256 2888 1500 2968 imponi
1572 2889 1808 2967 possit,
1890 2887 2155 2950 inanem
2237 2887 2535 2969 plausum

586 2997 665 3042 08
711 2990 822 3039 tes.

665 2997 706 3056 p
758 3064 978 3142 Atque
1038 3072 1111 3122 ut
1155 3072 1340 3121 tuum
1396 3056 1891 3123 maledicentiae
1949 3058 2317 3140 catalogum
2362 3058 2538 3123 locu-

589 3148 933 3231 pletiorem
949 3145 1169 3220 facias,
1185 3142 1597 3208 Theodorum
1613 3145 1810 3208 etiam
1829 3143 2147 3221 Bezamfi)
2169 3145 2381 3209 virum
2399 3145 2541 3208 sine

589 3232 1039 3298 controversia
1054 3239 1121 3294 et
1136 3229 1317 3311 pium
1336 3241 1401 3292 et
1423 3228 1770 3304 eruditum,
1800 3230 1953 3293 huic
1974 3231 2099 3312 ipsi
2117 3229 2540 3295 inserendum

588 3318 868 3386 voluisti.
958 3316 1166 3381 Porro
1208 3315 1367 3379 dum
1415 3315 1588 3380 viros
1632 3319 1864 3380 merito
1920 3315 2281 3382 laudandos
2324 3329 2389 3380 et
2432 3316 2541 3397 qui

588 3425 709 3490 pro
743 3403 917 3470 virili
955 3403 1286 3485 negotium
1316 3420 1699 3483 promovere
1722 3402 2178 3486 evangelicum
2213 3411 2541 3485 satagunt,

584 3488 970 3572 nullumque
1014 3509 1093 3553 ea
1136 3509 1333 3553 causa
1376 3487 1664 3552 laborem
1724 3487 2120 3565 detrectant,
2186 3509 2317 3552 una
2359 3486 2543 3552 velut

588 3575 935 3660 aspergine
991 3573 1329 3657 denigras,
1397 3574 1552 3654 quid
1608 3574 1785 3640 aliud
1842 3572 1925 3638 ab
1976 3576 2056 3639 iis
2115 3577 2229 3657 qui
2290 3573 2542 3638 Christi

585 3663 836 3748 gloriae
871 3682 954 3725 ex
990 3660 1207 3724 animo
1229 3662 1471 3735 favent,
1514 3681 1629 3742 pro
1666 3661 1963 3724 mercede
1998 3662 2244 3724 referre
2278 3659 2541 3744 poteris,

588 3769 786 3831 quam
834 3745 1006 3828 quod
1051 3746 1162 3809 alii
1212 3756 1275 3810 te
1330 3747 1691 3830 malignum
1753 3768 1827 3811 ac
1882 3746 2178 3828 iniquum
2225 3745 2542 3810 bonarum

586 3853 807 3898 rerum
845 3833 1330 3896 aestimatorem
1366 3832 1602 3908 dicent,
1642 3833 1749 3896 alii
1782 3834 1998 3897 nescio
2033 3833 2188 3914 quid
2224 3832 2545 3915 gravioris

587 3921 876 3985 offensae
919 3918 1070 3994 illic,
1118 3917 1295 3982 nnde
1337 3938 1546 3998 nuper
1589 3917 1901 3999 prodiisti,
1949 3933 2357 3999 perpetrasse
2401 3939 2543 3982 sus-

633 4003 1019 4071 icabuntur?
1124 4005 1332 4068 Pauci
1386 4011 1564 4068 certe
1619 4005 1885 4069 omnino
1943 4016 2167 4078 erunt,
2239 4007 2349 4086 qui
2408 4020 2541 4068 tam

584 4082 817 4159 infelix
865 4097 1326 4172 argumentum
1372 4097 1438 4152 te
1485 4099 1749 4154 nactum
1806 4111 1950 4155 esse
1994 4111 2127 4153 non
2171 4090 2544 4172 opinentur,

584 4197 716 4263 quo
762 4176 865 4242 vel
909 4178 1002 4241 sic
1047 4176 1282 4258 aliquis
1325 4196 1468 4239 esse
1511 4174 1794 4250 videare,
1839 4197 2043 4258 quum
2089 4184 2311 4240 tamen
2359 4196 2545 4257 prae-

585 4266 859 4332 stitisset
901 4262 1181 4345 culpam,
1228 4262 1284 4325 si
1328 4283 1521 4344 quam
1570 4262 1633 4325 in
1684 4275 1745 4326 te
1790 4262 2131 4338 admisisti,
2188 4260 2543 4344 deprecari,

584 4351 875 4434 adeoque
918 4350 1097 4412 intra
1140 4361 1320 4412 tuam
1362 4356 1429 4411 te
1463 4348 1800 4413 continere
1833 4346 2203 4422 cuticulam,
2248 4349 2547 4430 interque

590 4437 605 4452 ⁰
706 4451 847 4501 otos
880 4433 1230 4517 ignobilem
1268 4447 1584 4516 perpetuo
1616 4436 1846 4510 iacere,
1893 4454 2088 4516 qnam
2134 4454 2333 4516 quum
2376 4433 2546 4497 male

584 4523 703 4588 tibi
766 4521 930 4586 forte
987 4519 1283 4585 conscius
1339 4521 1449 4594 sis,
1511 4519 1897 4584 insolentius
1955 4519 2289 4586 exsultare
2346 4531 2545 4603 atque

584 4610 787 4676 etiam
832 4627 981 4672 cum
1036 4609 1228 4689 gravi
1285 4606 1696 4670 infirmarum
1756 4606 2309 4671 conscientiarum
2370 4608 2544 4688 peri-

585 4695 752 4770 culo,
798 4694 931 4758 imo
975 4711 1124 4757 cum
1169 4690 1479 4757 eeclesiae
1516 4689 1873 4774 dispendio,
1921 4691 2309 4774 quibusdam
2354 4693 2544 4757 inno·

586 4778 880 4847 tescere?
970 4776 1328 4860 Equidem,
1402 4787 1555 4842 utut
1610 4789 1761 4843 tuae
1816 4799 1887 4843 se
1938 4799 2044 4842 res
2100 4776 2415 4852 habeant,
2476 4788 2546 4842 te

586 4886 994 4950 quacumque
1053 4865 1387 4929 occasione
1455 4862 1742 4928 schisma
1807 4867 2016 4930 facere
2076 4885 2205 4928 non
2263 4884 2543 4946 aequum

586 4973 731 5019 esse
770 4971 1016 5017 censeo.
1108 4949 1303 5030 Quod
1360 4950 1416 5014 si
1463 4961 1525 5014 te
1586 4950 1821 5015 fecisse
1865 4950 2229 5034 negaveriS,
2286 4959 2546 5032 praesto

587 5048 785 5106 erunt,
820 5036 1123 5119 permulti
1161 5037 1270 5117 qui
1320 5047 1385 5100 te
1421 5059 1457 5098 a
1499 5034 1753 5101 Calvini
1787 5037 2078 5119 adeoque
2114 5036 2197 5101 ab
2232 5035 2544 5102 ecclesiae

802 5325 864 5390 ⁷)
902 5327 1069 5380 Hune
1101 5330 1374 5395 apodatio-
1412 5329 1787 5395 innamma-
1820 5329 2080 5390 fm‘nseab
2103 5330 2288 5398 almo
2322 5344 2383 5383 eo
2419 5335 2542 5381 een·-

590 5415 725 5471 pore
758 5397 896 5451 alibi
925 5411 1037 5450 non
1073 5396 1314 5464 legimus.

2642 2455 3077 2521 communiter
3120 2455 3588 2537 concipiantur,
3644 2456 3925 2538 denique
3979 2459 4046 2519 in
4090 2476 4221 2538 qua
4263 2476 4350 2521 ex
4393 2458 4601 2540 ipsius

2644 2539 2886 2605 domini
2960 2542 3260 2605 instituto
3332 2553 3741 2607 sacramenta
3815 2542 3940 2607 rite
4004 2541 4598 2608 administrentur?

2643 2627 2789 2693 Nisi
2872 2629 3039 2692 forte
3121 2627 3581 2710 imaginariam
3656 2627 3982 2710 quandam
4047 2629 4232 2710 quasi
4297 2628 4604 2695 Platonis

2642 2711 2892 2786 ideam,
2964 2727 3078 2777 aut
3135 2735 3217 2778 ex
3276 2713 3447 2779 Mori
3508 2713 3744 2796 Utopia
3805 2714 4214 2795 desumptam
4257 2715 4604 2781 eeclesiam

2642 2802 2945 2877 somnies,
2982 2820 3146 2882 quae
3174 2802 3317 2882 ipsa
3351 2822 3551 2882 quum
3587 2802 3977 2877 nominetur,
4015 2820 4340 2882 nusquam
4373 2812 4604 2866 tamen

2642 2886 2927 2951 locorum
2972 2900 3300 2968 appareat.

2817 2972 3003 3037 Haec
3047 2993 3246 3054 quum
3294 2973 3386 3036 ita
3409 2975 3558 3047 sint,
3609 2990 3810 3057 tuque
3849 2974 4312 3055 praedicatoris
4355 2994 4602 3039 munus

2644 3058 2753 3122 hic
2815 3078 3140 3131 assumas,
3203 3057 3536 3141 quodnam
3603 3058 3684 3124 de
3751 3071 3817 3123 te
3884 3062 4213 3144 specimen
4279 3058 4418 3126 edis
4484 3069 4605 3126 aut

2644 3143 2885 3225 quoda
2929 3144 3216 3226 probatis
3262 3145 3634 3211 hominibus
3659 3147 4108 3212 testimonium
4153 3147 4426 3231 profers,
4470 3166 4605 3229 quo

2644 3231 2716 3294 in
2759 3229 2842 3293 iis
2884 3230 3058 3303 locis,
3101 3232 3167 3294 in
3213 3231 3446 3311 quibus
3492 3253 3703 3315 nuper
3759 3232 4017 3315 agebas,
4072 3234 4408 3315 inculpate
4450 3241 4606 3297 tum

2644 3317 2714 3379 in
2759 3315 3047 3380 moribus
3091 3327 3234 3380 tum
3276 3316 3351 3379 in
3405 3316 3703 3382 doctrina
3757 3327 3823 3383 te
3881 3330 4215 3384 versatum
4256 3318 4456 3383 fuisse
4497 3319 4604 3383 in-

2646 3399 3062 3482 telligamus?
3151 3400 3326 3481 Quid
3371 3403 3586 3480 affers,
3630 3424 3749 3471 cur
3794 3403 3971 3470 viros
4014 3419 4081 3470 et
4123 3403 4491 3471 eruditione
4535 3415 4606 3468 et

2646 3488 2995 3552 sanctitate
3039 3488 3248 3553 claros
3293 3488 3410 3552 tibi
3455 3497 3595 3553 tam
3653 3492 3960 3555 atrociter
4003 3487 4450 3573 proscindenti
4496 3490 4604 3555 in-

2648 3573 2912 3639 dubiam
2938 3572 3129 3638 fldem
3155 3572 3558 3641 habeamus?
3621 3577 4019 3659 Scripturas,
4055 3578 4329 3661 inquies.
4388 3575 4606 3656 Quasi

2649 3680 2806 3725 vero
2865 3659 3503 3743 pseudoprophetae,
3562 3673 3728 3728 teste
3781 3662 4081 3740 Ieremia,
4140 3682 4273 3727 non
4316 3662 4608 3746 prophe-

2649 3747 2858 3811 tarint
2925 3744 3332 3811 mendacium
3405 3750 3472 3813 in
3542 3750 3804 3814 nomine
3861 3749 4159 3827 Domini,
4234 3761 4350 3815 aut
4411 3748 4607 3832 quasi

2649 3831 2990 3915 scripturis
3058 3853 3398 3915 perperam
3466 3834 3738 3899 detortis
3818 3854 3949 3899 non
4029 3857 4151 3901 sua
4230 3843 4609 3900 commenta

2649 3931 2959 3982 tueantur
3006 3918 3333 3998 baeretici,
3379 3931 3449 3984 et
3488 3921 3628 4004 ipse
3673 3920 3881 3986 Satan
3929 3921 4156 3985 iisdem
4204 3919 4360 3986 olim
4397 3921 4606 3987 armis

2652 4003 3011 4069 Dominum
3083 4025 3215 4068 non
3285 4005 3371 4071 sit
3436 4007 3733 4071 adortus:
3807 4008 3994 4088 quasi
4057 4008 4255 4072 etiam
4310 4007 4424 4089 qui
4480 4027 4608 4089 per

3795 4104 3870 4157 ut
3949 4091 4152 4157 tradit
4223 4092 4604 4176 Apostolus,

3658 4177 3832 4243 idem
3920 4199 4054 4243 non
4132 4179 4606 4262 praestiterint.

2649 4260 2948 4343 Quorum
3006 4260 3351 4345 plerosque
3407 4263 3682 4343 similes,
3756 4264 3888 4329 imo
3955 4265 4163 4330 multo
4223 4261 4606 4338 deteriores,

2649 4349 2905 4412 utinam
2977 4346 3171 4414 hodie
3242 4369 3481 4432 magno
3548 4371 3667 4415 suo
3739 4350 3913 4416 malo
3983 4372 4120 4416 non
4188 4350 4612 4433 experiretur

2649 4435 2949 4510 ecclesia,
3024 4444 3094 4499 et
3150 4457 3232 4498 ex
3291 4434 3370 4500 iis
3427 4436 3842 4517 potissimum
3902 4438 4014 4521 qui
4072 4436 4410 4503 occasione
4465 4455 4609 4502 non

2650 4521 2819 4584 bona
2871 4520 3054 4585 illinc
3104 4532 3530 4585 revertuntur
3582 4522 3759 4587 unde
3818 4522 3991 4588 haud
4044 4525 4139 4588 ita
4182 4522 4295 4588 diu
4339 4530 4407 4588 te
4449 4543 4610 4606 pro-

2649 4606 2891 4671 fectum
2954 4606 3159 4671 aiunt.
3185 4610 3237 4683 ⁹)
3333 4607 3441 4671 Ex
3500 4608 3733 4691 quibus
3789 4608 4092 4674 nonnulli
4150 4609 4334 4674 velut
4401 4627 4608 4675 canes

2648 4689 2732 4756 ad
2795 4692 3114 4757 vomitum
3196 4690 3497 4770 redeunt,
3586 4695 3784 4777 inque
3860 4716 4048 4760 suam
4128 4699 4364 4760 misere
4429 4693 4610 4759 rela-

2649 4778 2897 4844 buntur
2942 4781 3359 4861 Aegyptum,
3417 4779 3485 4844 id
3530 4792 3631 4845 est
3694 4781 3766 4845 in
3823 4799 4097 4846 coenum
4160 4783 4608 4847 monasticum

2647 4864 3035 4948 praecipites
3110 4885 3182 4929 se
3261 4885 3485 4931 rursus
3567 4865 3842 4931 dedunt:
3926 4866 4069 4944 alii,
4145 4865 4304 4932 dum
4392 4885 4613 4950 neque

2649 4951 2888 5016 harum
2944 4969 3154 5032 neque
3211 4950 3473 5016 illarum
3533 4952 3820 5034 partium
3882 4973 4024 5018 esse
4083 4951 4310 5018 volunt
4369 4951 4611 5029 videri,

2650 4092 3129 4155 contentionem
3210 4101 3278 4154 et
3353 4090 3706 4170 invidiam,

2650 4175 2992 4241 Christum
3081 4175 3570 4258 praedicabant,

2849 5189 2908 5258 8)
2959 5191 3061 5243 Vix
3099 5190 3165 5244 de
3201 5191 3316 5245 alia
3351 5206 3513 5260 quam
3550 5188 3615 5243 de
3657 5192 4157 5259 praedestinatione
4203 5195 4441 5263 eoqimre
4469 5208 4619 5261 poe·

2647 5274 2912 5390 ⁸”“⁸'9)
2953 5327 3108 5383 110oe
3142 5329 3464 5383 mmm-⁸
3495 5328 3974 5386 moveamur.
4011 5329 4159 5399 quoa
4191 5331 4243 5385 a
4277 5330 4618 5397 msam-u

2646 5405 2926 5469 ΟΜ
