4850 6200
397 392 522 456 429

401 600 525 665 quo
584 579 721 647 illic
784 600 1119 681 emergere
1182 581 1395 664 eoepit
1454 580 1572 646 lux
1637 581 1919 664 purioris
1982 577 2335 662 doctrinae,

400 666 645 732 laetum
676 664 800 732 hoc
840 667 1103 733 initium
1144 686 1295 732 cum
1336 687 1452 750 spe
1485 665 1770 733 melioris
1803 686 2190 751 progressus
2225 666 2336 733 de·

402 750 714 818 cidarim
770 752 965 818 simul
1019 751 1330 818 accendit.
1418 752 1624 818 Porro
1680 752 1736 818 si
1789 759 2051 817 tantum
2093 753 2336 818 autori·

401 844 533 903 tate
573 835 877 922 polleres,
923 848 998 902 ut
1038 837 1230 914 facis,
1276 837 1358 904 ad
1447 837 1921 903 removendum
1962 857 2160 903 verae
2202 838 2334 921 pie-

401 923 559 988 tatis
601 930 876 1002 statum,
935 922 1100 988 mihi
1155 924 1330 989 iusta
1433 923 1692 988 ortandi
1747 924 1849 987 tui
1892 923 2337 1007 imitandique

402 1009 567 1073 ratio
610 1016 801 1089 esset,
855 1028 940 1074 ne
994 1016 1109 1074 tua
1150 1008 1364 1075 officia
1405 1009 1693 1074 Domino
1737 1006 2105 1075 subducens
2151 1029 2334 1092 prae·

401 1093 612 1160 claras
654 1093 797 1160 eius
839 1095 1162 1161 vocationi
1204 1094 1479 1161 deesses.
1548 1093 1684 1161 Sed
1718 1116 1921 1178 quum
1964 1093 2165 1177 probe
2208 1095 2336 1161 iam

404 1180 485 1245 ad
546 1179 860 1246 tuendam
922 1182 1230 1265 pietatem
1297 1180 1625 1246 animatus
1689 1181 1782 1245 sis
1798 1232 1815 1259 ,
1880 1181 2014 1245 imo
2075 1180 2338 1246 heroica

402 1265 603 1330 animi
636 1265 1088 1352 magnitudine
1120 1265 1444 1346 ostendas,
1490 1287 1682 1349 quam
1729 1267 1897 1332 serio
1940 1287 2015 1333 ac
2058 1264 2340 1331 fideliter

402 1350 578 1416 illius
618 1351 734 1417 abs
775 1360 843 1417 te
877 1360 1250 1435 susceptum
1295 1353 1382 1418 sit
1413 1353 1864 1436 patrocinium,
1908 1352 2142 1417 merito
2177 1352 2337 1419 haec

404 1444 516 1502 tua
558 1437 773 1503 virtus
817 1444 886 1504 et
925 1437 1008 1503 ad
1052 1439 1299 1524 gratias
1343 1439 1457 1504 tibi
1502 1436 1790 1522 agendas
1832 1459 1938 1503 me
1980 1438 2229 1503 animat
2271 1447 2338 1502 et

403 1523 744 1588 materiam
777 1522 946 1589 mihi
980 1523 1356 1609 suppeditat
1378 1523 1712 1607 amplioris
1745 1522 2037 1590 fiduciae.
2112 1520 2336 1604 Quare

401 1628 531 1673 non
575 1618 644 1673 te
686 1609 1069 1692 simpliciter
1110 1610 1396 1675 obtestor
1448 1617 1528 1674 ut
1579 1608 1812 1674 similis
1865 1610 1960 1673 tui
2004 1630 2143 1675 esse
2187 1630 2334 1693 per-

400 1715 550 1780 gas:
596 1695 712 1762 sed
756 1696 955 1761 etiam
991 1705 1066 1760 ut
1107 1703 1319 1760 tecum
1356 1694 1665 1761 certando
1701 1693 1783 1760 ad
1818 1696 2152 1760 victoriam
2196 1715 2333 1759 om-

401 1782 580 1845 nium
637 1781 1272 1865 praestantissimam
1332 1780 1705 1848 contendas.
1791 1779 2027 1845 Multis
2078 1780 2333 1864 experi-

399 1867 638 1932 mentis
680 1886 813 1932 non
850 1865 1091 1945 dubito,
1135 1875 1202 1932 te
1235 1867 1521 1950 quotidie
1555 1867 1694 1931 fieri
1732 1867 2090 1945 certiorem,
2135 1885 2334 1949 quam

398 1974 530 2017 non
595 1972 999 2036 supervacua
1062 1954 1149 2017 sit
1213 1952 1373 2018 haec
1436 1972 1586 2017 mea
1650 1951 2022 2016 admonitio.
2127 1950 2334 2017 Vides

398 2038 624 2187 procul
669 2037 881 2118 dubio,
939 2057 1128 2120 quam
1187 2038 1540 2104 immensae
1590 2039 1677 2102 sit
1718 2037 1907 2102 molis
1951 2057 2132 2121 opus,
2188 2056 2332 2101 coe-

425 2131 559 2189 este
602 2121 731 2188 Dei
773 2143 1057 2209 regnum
1098 2124 1167 2188 in
1223 2131 1397 2188 terra
1440 2123 1852 2190 constituere.
1939 2123 2144 2188 Vides
2185 2144 2333 2187 rur·

402 2230 540 2275 sum
584 2229 782 2292 quam
804 2208 1034 2275 multis
1077 2208 1430 2274 obstaculis
1474 2218 1747 2275 conetur
1768 2207 1971 2275 Satan
2017 2207 2332 2308 impedire

400 2316 472 2360 ac
513 2295 774 2372 morari,
817 2294 951 2359 imo
997 2315 1191 2378 quam
1236 2294 1467 2360 multis
1512 2293 1790 2360 subinde
1846 2295 2167 2360 8186111818
2224 2292 2333 2360 vel

399 2380 561 2446 clam
611 2381 1002 2447 labefactare
1062 2389 1287 2459 tentet,
1348 2380 1454 2446 vel
1512 2381 1726 2463 palam
1781 2390 2093 2459 evertere,
2151 2378 2335 2462 quid-

398 2465 549 2550 quid
591 2466 663 2530 in
707 2466 831 2531 hoc
873 2487 1056 2532 sacro
1099 2465 1388 2531 aedificio
1432 2466 1806 2533 inchoatum
1853 2465 2068 2531 fuerit.
2127 2463 2331 2531 Vides

400 2551 676 2634 denique
717 2572 914 2635 quam
959 2549 1192 2635 frigide
1234 2562 1500 2617 curetur
1543 2552 1668 2617 ista
1712 2571 1925 2630 causa,
2029 2571 2151 2616 uae
2196 2572 2328 2615 non

397 2637 583 2702 modo
625 2638 976 2721 primatum
1020 2639 1090 2701 in
1137 2638 1374 2703 nostris
1417 2639 1595 2703 curis
1637 2646 1889 2715 tenere,
1932 2657 2002 2703 se
2101 2657 2328 2702 omnes

398 2744 624 2787 sensus
669 2743 985 2806 occupare
1037 2722 1360 2788 debuerat.
1461 2723 1608 2788 Hoc
1652 2730 2051 2806 postremum
2094 2722 2330 2787 vitium

397 2808 543 2873 inde
607 2809 930 2887 nascitur,
996 2808 1166 2891 quod
1233 2831 1455 2873 omnes
1518 2808 1687 2886 fere,
1754 2808 1908 2873 dum
1974 2808 2328 2893 gratuitam

398 2914 658 2977 operam
726 2914 796 2958 se
862 2893 1127 2960 Christo
1193 2915 1434 2959 navare
1487 2902 1743 2978 putant,
1811 2894 1937 2958 alio
2003 2916 2073 2958 86
2113 2894 2327 2976 magis

398 2988 800 3059 convertunt,
845 2978 1017 3045 unde
1061 2979 1169 3044 vel
1214 3001 1362 3063 spes
1405 2978 1567 3045 lucri
1625 2979 1727 3044 vel
1783 2979 2024 3044 laboris
2078 2998 2327 3044 merces

394 3085 466 3131 86
506 3066 791 3150 pretium
843 3064 1222 3133 ostenditur.
1321 3066 1500 3131 Tuae
1558 3085 1712 3131 vero
1771 3065 2154 3148 prudentiae
2209 3076 2327 3142 est,

392 3152 843 3218 Illustrissime
894 3153 1242 3235 Princeps,
1308 3154 1594 3236 primum
1650 3154 1964 3235 cogitare,
2030 3150 2194 3216 nihil
2263 3159 2327 3215 te

391 3246 719 3321 praestare
764 3239 925 3317 Deo,
969 3237 1138 3321 quod
1201 3260 1329 3301 non
1373 3239 1511 3302 iure
1574 3247 1647 3302 ut
1705 3238 1828 3303 sibi
1886 3237 2177 3303 debitum
2222 3257 2325 3300 re-

391 3335 645 3407 poscat:
693 3345 812 3389 nec
857 3323 1064 3388 solum
1112 3325 1269 3407 quia
1313 3334 1486 3388 totus
1523 3345 1593 3389 es
1636 3324 1704 3387 in
1753 3346 1899 3388 aere
1944 3324 2166 3406 ipsius,
2211 3322 2326 3389 sed

393 3410 558 3492 quod
601 3430 679 3475 eo
725 3418 788 3474 te
833 3408 954 3474 sibi
978 3411 1189 3493 magis
1234 3408 1550 3487 devinxit,
1596 3431 1721 3493 quo
1766 3410 1834 3473 in
1868 3409 2163 3473 altiorem
2211 3431 2326 3474 ex-

393 3496 536 3560 tulit
591 3495 934 3580 dignitatis
992 3494 1298 3579 gradum:
1361 3495 1594 3560 deinde
1652 3495 2013 3579 praemium
2069 3493 2188 3559 tibi
2244 3495 2325 3559 ab

391 3601 463 3645 eo
505 3601 637 3646 non
684 3581 955 3665 vulgare
996 3582 1268 3664 proponi
1326 3603 1528 3665 quum
1569 3581 1758 3647 dicit:
1816 3578 1946 3662 Qui
2001 3579 2161 3644 mihi
2209 3579 2326 3644 ho-

389 3687 616 3732 norem
663 3666 1036 3743 detulerint,
1084 3687 1193 3732 eos
1228 3687 1349 3751 ego
1374 3667 1659 3732 vicissim
1682 3666 1926 3731 honore
1952 3686 2322 3748 prosequar.

389 3753 564 3838 Ergo
611 3761 684 3817 ut
724 3752 1115 3818 incolumem
1162 3763 1227 3817 et
1270 3751 1654 3817 diuturnum
1698 3752 1930 3816 domus
1983 3760 2134 3815 tuae
2194 3759 2323 3815 sta-

387 3850 526 3903 tum
572 3847 933 3914 conservet,
979 3838 1190 3920 quoad
1233 3839 1479 3920 poteris
1538 3835 1620 3903 ad
1663 3836 2126 3902 illustrandum
2182 3837 2324 3902 eius

385 3945 661 4009 regnum
718 3925 982 3989 enitere.
1087 3921 1482 4007 Quanquam
1537 3931 1756 3987 autem
1817 3921 2321 3988 serenissimum

385 4009 636 4094 Regem
682 4009 979 4093 intelligo
1036 4010 1195 4073 satis
1252 4031 1393 4074 esse
1448 4007 1915 4087 voluntarium,
1972 4015 2048 4072 ut
2102 4015 2323 4072 tamen

386 4094 569 4160 vides
626 4095 695 4159 in
749 4094 946 4161 rebus
992 4095 1316 4178 perplexis
1363 4115 1496 4159 non
1553 4093 1712 4159 adeo
1766 4114 2143 4178 properare,
2201 4093 2323 4158 1106

385 4180 505 4247 tibi
548 4181 768 4246 oneris
810 4177 1127 4245 divinitus
1170 4180 1543 4263 impositum
1602 4199 1743 4244 esse
1801 4179 2194 4256 memineris,
2251 4184 2325 4241 ut

385 4288 518 4332 non
561 4285 781 4333 comes
825 4266 1033 4331 solum
1080 4274 1147 4331 et
1189 4265 1448 4331 adiutor
1494 4266 1585 4331 sis
1628 4266 1767 4331 cius
1812 4264 2162 4338 Maiestati,
2210 4263 2323 4328 sed

388 4354 584 4418 etiam
651 4358 1064 4417 cunctantem
1131 4351 1429 4417 stimules
1447 4402 1461 4428 ,
1536 4359 1729 4433 atque
1795 4351 1988 4415 etiam
2057 4347 2165 4414 ubi
2233 4349 2325 4414 ita

389 4438 715 4524 flagitabit
755 4438 1108 4503 necessitas
1151 4456 1548 4520 praecurras.
1617 4437 1841 4520 Neque
1885 4437 2056 4501 enim
2102 4435 2324 4517 inique

387 4524 569 4605 feret,
635 4523 891 4606 opinor,
959 4522 1041 4588 ad
1105 4543 1302 4605 quam
1365 4520 1482 4588 ads
1529 4523 1658 4588 irat
1719 4533 1980 4600 metam,
2045 4520 2323 4585 aliorum

387 4609 644 4675 fervore
689 4607 967 4674 incitari.
1026 4607 1211 4687 Vale,
1249 4606 1705 4674 Illustrlssime
1746 4609 2084 4690 Princeps,
2128 4605 2322 4670 mihi·

389 4715 513 4777 que
553 4715 716 4761 vera
770 4693 1181 4760 observantia
1241 4691 1528 4759 colende.
1631 4693 1957 4760 Dominus
2011 4700 2079 4757 te
2135 4697 2327 4775 regat

469 4782 483 4795 ‘
528 4780 543 4795 '
676 4799 814 4859 suo,
869 4779 1117 4845 virtute
1169 4780 1522 4858 sustineat,
1575 4787 1885 4863 tuamque
1937 4778 2325 4862 dignitatem

458 4888 503 4931 u
544 4874 764 4935 servet
805 4864 1214 4932 incolumem.
1315 4865 1645 4946 Genevae,
1687 4864 1915 4930 Idibus
1956 4861 2321 4928 Februarii.

1105 5089 1386 5155 Ioannes
1422 5088 1744 5157 Oalvinus
1785 5096 1940 5152 tuae
1981 5085 2239 5169 Ampli-

1250 5191 1502 5258 tudinis
1543 5190 2074 5258 studiosissimus.

2060 396 2222 456 155⁵
2267 380 2720 460 FEBRUAR.

4246 394 4373 464 43⁰

3307 578 3493 653 2114.

2480 734 2659 802 Lus
2702 722 3811 905 MINISTREISJEDgEffiNEEVE
3856 738 3984 806 Au
4026 723 4333 806 SENA‘P

2610 1008 2715 1075 11⁸
2754 1029 2820 1075 se
2855 1008 3181 1093 plaiymmt
3224 1009 3301 1074 de
3341 1030 3623 1075 nouveau
3664 1009 3773 1077 des
3812 1011 4143 1078 calomm'es
4184 1018 4239 1079 d
4280 1019 4375 1080 at-

2437 1100 2653 1178 taques
2694 1096 2771 1161 de
2809 1094 2875 1160 la
2906 1100 3059 1177 part
3100 1095 3174 1162 de
3213 1097 3484 1161 oertains
3524 1097 3839 1162 ministres
3879 1095 4169 1163 Ber-nois.

2438 1264 2647 1336 (Cupie.
2683 1265 2984 1321 collection
3019 1265 3087 1318 de
3105 1266 3178 1321 Μ.
3216 1268 3268 1320 16
3303 1267 3511 1321 60101161
3531 1266 3705 1321 Henri
3725 1265 4015 1330 Troncbiu,
4052 1267 4085 1320 a
4110 1266 4372 1341 Larigny.

2722 1335 2940 1390 Lettres
2972 1333 3040 1386 fr.
3075 1335 3145 1389 n.
3182 1333 3230 1390 7.
3265 1336 3595 1392 Traduction
3628 1338 3771 1406 angl.
3809 1336 3907 1391 ΙΙΙ.
3943 1334 4088 1401 1116.)

2606 1524 3079 1610 Magnifieques
3132 1526 3435 1609 puissans
3479 1532 3548 1588 et
3604 1532 3740 1589 tres
3796 1523 4143 1589 redoubtez
4197 1526 4367 1610 seig-

2436 1630 2655 1688 neurs,
2716 1631 2755 1675 8
2801 1632 2906 1678 168
2948 1632 3109 1677 vous
3167 1611 3350 1675 avoir
3404 1618 3708 1693 presente
3759 1630 3877 1674 nos
3921 1608 4221 1676 humbles
4264 1632 4365 1677 re·

2436 1716 2736 1761 comman
2782 1699 2991 1763 atione
3049 1707 3116 1762 et
3170 1697 3476 1775 services,
3550 1715 3713 1759 nous
3766 1714 3934 1759 vous
4004 1695 4228 1778 prions
4284 1692 4365 1763 de

2436 1802 2603 1847 nous
2646 1802 2920 1848 excuser
2962 1782 3022 1848 si
3079 1780 3385 1847 dereehef
3410 1784 3459 1857 ¹)
3503 1800 3669 1845 nous
3713 1800 3992 1846 sommes
4035 1783 4366 1847 contraius

2436 1889 2476 1932 a
2519 1868 2812 1932 recourir
2855 1889 3003 1934 vers
3043 1887 3225 1944 vous,
3280 1888 3320 1932 a
3373 1886 3446 1932 ce
3491 1865 3626 1948 quil
3672 1884 3837 1930 vous
3892 1865 4097 1948 plaise
4141 1865 4220 1932 de
4262 1888 4366 1933 re-

2433 1952 2683 2018 medier
2744 1953 3082 2019 tellement
3147 1976 3278 2018 aux
3352 1949 3687 2018 scandales
3750 1950 3912 2016 dont
3976 1972 4141 2018 nous
4206 1970 4367 2018 vous

2434 2058 2638 2104 avons
2662 2039 2859 2105 escrit
2890 2061 3012 2124 par
3046 2037 3388 2123 cydevant,
3430 2058 3557 2121 que
3590 2057 3755 2102 nous
3787 2038 4114 2120 puissions
4156 2038 4366 2103 servir

2434 2146 2474 2189 a
2515 2124 2689 2190 Dieu
2735 2146 2817 2190 en
2862 2126 3071 2192 bonne
3129 2123 3442 2191 concorde
3493 2143 3650 2188 avec
3703 2121 3800 2187 les
3855 2122 4238 2207 presoheurs
4283 2123 4365 2190 de

2433 2220 2651 2275 vostre
2694 2232 2890 2295 pays,
2956 2222 3023 2277 et
3065 2233 3187 2293 que
3245 2231 3359 2275 vos
3416 2209 3694 2274 subiects
3751 2229 3835 2272 ne
3891 2218 4124 2293 soyent
4179 2209 4366 2293 point

2432 2297 2564 2360 mal
2609 2295 2859 2362 ediffiez
2904 2318 3023 2380 par
3065 2297 3160 2362 168
3202 2295 3499 2361 mauvais
3555 2294 3801 2359 bruiets
3845 2295 3956 2378 qui
4001 2316 4070 2361 se
4113 2305 4366 2361 sement

2434 2401 2587 2447 sans
2630 2383 2811 2447 nulle
2864 2384 3111 2460 raison,
3168 2404 3250 2447 ne
3293 2380 3576 2446 couleur.
3664 2378 3853 2464 Vray
3893 2386 3993 2446 est
4032 2402 4155 2464 que
4197 2401 4365 2465 pour

2435 2489 2572 2552 ung
2615 2477 2828 2552 temps
2871 2489 3036 2534 nous
3077 2489 3282 2532 avons
3326 2487 3549 2550 espere
3584 2487 3709 2549 que
3750 2465 3813 2530 le
3847 2466 3976 2530 mal
4020 2487 4137 2530 sen
4182 2465 4366 2531 alloit

2434 2553 2743 2636 aesoupir‚
2801 2555 2965 2619 mais
3007 2574 3173 2619 nous
3216 2572 3423 2618 avons
3481 2561 3723 2616 tantost
3777 2562 3911 2615 este
3963 2553 4239 2616 frustrer.
4283 2551 4363 2618 de

2433 2648 2651 2704 nostre
2710 2648 2987 2717 attente,
3046 2659 3158 2706 car
3212 2638 3259 2702 11
3317 2638 3561 2719 empire
3619 2635 3765 2720 plus
3806 2658 3930 2719 que
3986 2638 4234 2715 iamais,
4278 2659 4363 2702 en

2432 2734 2606 2789 sorte
2641 2734 2912 2807 quentre
2954 2724 3049 2790 les
3090 2725 3375 2808 papistes
3410 2744 3576 2788 nous
3609 2744 3694 2787 ne
3735 2742 4015 2788 sommes
4056 2742 4174 2805 pas
4217 2733 4364 2786 tant

2432 2810 2728 2875 diffamez
2786 2832 2953 2893 quen
2998 2811 3329 2894 beaucoup
3386 2807 3466 2873 de
3527 2809 3704 2873 lieux
3764 2807 3843 2873 de
3909 2818 4123 2873 vostre
4180 2829 4360 2892 pays.

2435 2895 2528 2960 De
2569 2906 2791 2961 nostre
2835 2907 3029 2974 coste,
3090 2917 3259 2960 nous
3318 2896 3566 2960 serious
3623 2902 3834 2976 preste
3877 2916 3915 2957 8
3972 2904 4190 2977 porter
4244 2913 4360 2977 pa-

2431 2982 2773 3047 tiemment
2816 2981 3001 3048 telles
3042 2983 3308 3060 iniures,
3360 2981 3551 3045 sinon
3595 3000 3719 3062 que
3761 2979 3824 3044 le
3865 3000 4017 3045 nom
4064 2979 4143 3044 de
4188 2976 4359 3043 Dieu

2431 3089 2515 3132 en
2560 3077 2659 3133 est
2700 3088 2822 3152 par
2865 3079 3008 3151 trop
3051 3068 3459 3151 blaspheme,
3518 3064 3895 3149 lEvangille
3954 3072 4053 3131 est
4110 3086 4192 3129 en
4246 3086 4361 3148 op-

2428 3155 2682 3237 probre,
2748 3154 2844 3220 les
2900 3174 3136 3238 povres
3194 3155 3487 3218 infirmes
3545 3174 3626 3216 en
3685 3162 3836 3218 sont
3891 3151 4198 3226 troubles,
4266 3151 4361 3215 les

2431 3239 2685 3318 malins,
2730 3241 2923 3305 soubs
2966 3240 3198 3305 umbre
3242 3238 3323 3304 de
3357 3237 3637 3303 mesdire
3681 3236 3793 3302 des
3827 3257 4200 3321 personnes,
4248 3249 4362 3300 ont

2429 3326 2670 3391 licence
2716 3326 2795 3392 de
2837 3326 3164 3410 pervertit
3219 3333 3397 3389 toute
3452 3323 3517 3388 18
3558 3321 3850 3406 religion.
3944 3322 4153 3406 Ainsy
4197 3342 4362 3385 nous

2428 3433 2510 3476 ne
2554 3431 2854 3494 pouvons
2890 3410 3274 3489 dissimuler,
3322 3430 3473 3474 88118
3515 3417 3687 3474 estre
3731 3407 3983 3473 18861168
4026 3419 4093 3471 et
4135 3405 4362 3472 (161811-

2425 3496 2574 3561 lans
2619 3518 2659 3560 8
2700 3506 2920 3563 nostre
2956 3495 3239 3561 debvoir.
3327 3493 3427 3560 Or
3469 3515 3635 3558 80118
3690 3516 3774 3557 ne
3816 3491 4134 3557 doubtons
4176 3493 4362 3574 point

2470 3604 2553 3646 116
2598 3580 2691 3647 168
2736 3581 3141 3647 malveillans
3183 3582 3295 3663 qui
3338 3579 3667 3645 troublent
3715 3581 3903 3663 ainsy
3944 3578 4214 3661 lEglise,
4277 3598 4360 3642 en

2473 3676 2793 3732 etractant
2848 3668 2926 3732 de
2989 3689 3154 3732 nous
3215 3667 3670 3740 iniustement,
3736 3685 3821 3728 ne
3886 3673 4118 3748 soyent
4182 3684 4361 3728 assez

2428 3751 2652 3818 hardis
2686 3773 2850 3835 pour
2894 3753 3253 3818 abbreuver
3290 3772 3404 3817 vos
3440 3750 3740 3815 aureilles
3777 3750 3856 3813 de
3898 3751 4071 3814 leurs
4114 3749 4358 3814 calum-

2427 3841 2587 3917 nies,
2632 3837 2974 3922 lesquelles
3020 3847 3167 3902 sont
3212 3838 3266 3900 si
3310 3835 3618 3911 frivolles,
3674 3857 3797 3918 que
3841 3834 4061 3918 quand
4105 3836 4149 3899 il
4199 3855 4360 3908 vous
4418 3843 4423 3848 ’

2425 3925 2634 4007 plaira
2678 3924 2805 3989 den
2849 3925 3213 4009 cogneistre
3258 3944 3408 3987 8888
3451 3921 3607 4006 long
3647 3921 3896 3998 circuit,
3942 3942 4101 3992 vous
4136 3940 4360 3985 verrez

2427 4031 2468 4075 a
2510 4010 2657 4075 loeil
2702 4010 2765 4075 le
2823 4020 2952 4075 tort
2994 4031 3169 4092 quon
3212 4030 3377 4088 nous
3420 4008 3563 4084 fait,
3614 4016 3681 4073 et
3739 4023 3916 4072 serez
3976 4006 4235 4071 esbahis
4279 4004 4360 4069 de

2425 4095 2693 4163 laudace
2753 4095 2830 4160 de
2886 4096 3071 4161 telles
3126 4115 3317 4178 gens:
3383 4105 3449 4157 et
3512 4113 3740 4158 encore
3802 4092 3884 4158 ils
3949 4100 4114 4157 nont
4176 4091 4357 4174 point

2426 4183 2627 4246 honte
2671 4181 2751 4247 de
2794 4190 3184 4247 controuver
3232 4176 3786 4262 imprudemment
3827 4199 3901 4243 66
3943 4180 4053 4260 qui
4097 4198 4182 4243 ne
4223 4177 4361 4241 fust

2425 4267 2657 4332 iamais
2713 4288 2929 4349 pense.
3021 4264 3408 4349 Oependant
3463 4285 3631 4330 nous
3688 4284 3773 4327 ne
3825 4262 4118 4328 desirons
4173 4262 4359 4344 point

2424 4375 2599 4435 quon
2654 4372 2823 4417 nous
2876 4361 3187 4435 supporte
3229 4371 3310 4415 en
3353 4360 3675 4415 couvrant
3717 4371 3836 4415 nos
3886 4349 4111 4413 fautes.
4195 4346 4358 4411 Plus

2423 4446 2558 4502 tost
2612 4459 2779 4504 nous
2834 4458 3185 4521 requerons
3226 4457 3354 4519 que
3411 4437 3465 4500 si
3522 4456 3687 4500 nous
3743 4455 4020 4500 sommes
4074 4452 4359 4514 cogneus

2424 4522 2785 4606 coupables,
2829 4545 3003 4606 quon
3037 4542 3403 4606 nespargne
3438 4522 3623 4604 point
3655 4530 3876 4584 nostre
3921 4519 4231 4594 honneur,
4273 4537 4358 4580 ne

2423 4629 2671 4674 mesme
2729 4617 2947 4675 nostre
3000 4609 3122 4674 vie.
3211 4607 3302 4672 Et
3355 4608 3487 4672 afin
3544 4626 3669 4689 que
3726 4626 3886 4670 vous
3944 4625 4018 4669 co
4109 4602 4354 4677 oissiez,

2427 4694 2889 4779 magnificques
2934 4696 3293 4779 seigneurs,
3353 4713 3477 4774 que
3536 4712 3700 4757 nous
3745 4711 3829 4755 ne
3884 4710 4028 4755 cere
4077 4708 4197 4752 ons
4239 4686 4357 4751 nul

2426 4781 2836 4865 subterfuge,
2893 4781 3187 4846 combien
3245 4800 3371 4862 que
3428 4798 3592 4843 nous
3647 4797 3849 4858 ayons
3907 4797 3947 4840 a
4004 4770 4363 4856 respondre·

2426 4863 2507 4929 de
2550 4881 2770 4931 nostre
2823 4867 2931 4931 vie
2974 4874 3042 4931 et
3099 4864 3389 4930 doctrine
3441 4863 3683 4928 devant
3737 4880 3857 4925 nos
3915 4861 4250 4942 seigneurs
4290 4865 4367 4921 et*

2427 4953 2827 5035 superieurs,
2888 4950 3226 5017 toutesfois
3283 4949 3552 5014 suivant
3608 4966 3679 5011 ce
3736 4965 3861 5029 que
3927 4965 4090 5009 nous
4154 4963 4361 5008 avons

2427 5171 2599 5227 2114.
2627 5173 2681 5240 1)
2730 5169 2903 5245 Voyes
2942 5171 3014 5228 N.
3047 5170 3203 5226 2020.
3246 5166 3600 5252 205.1.,2073.
3680 5167 3764 5222 Le
3806 5165 3876 5220 14
3913 5165 4117 5235 [ἐνῆεν
4166 5161 4359 5221 Calvisi
4428 5187 4447 5206 ι

2427 5241 2706 5379 &aaa
2746 5242 3023 5378 8111
3063 5241 3528 5374 amm
3543 5233 3883 5375 w...
3929 5236 4176 5305 a...
4209 5233 4361 5290 ²²2²*
