4850 6200
500 446 624 507 151
2011 428 2533 504 EPISTOLAE
2585 437 3000 500 laea—1964
4382 436 4499 496 152

480 628 681 715 apud
726 629 1160 707 adversarios,
1218 638 1283 693 et
1325 623 1601 693 viderim
1644 628 1924 693 alterum
1968 624 2260 691 libellum
2305 624 2453 689 Ioa-
2499 668 2506 743 Ι

482 716 709 782 -chimi
744 774 751 781 .
781 714 1178 797 Wastpkaz-ii,
1235 715 1304 778 in
1376 733 1507 796 quo
1562 714 1799 778 nititur
1853 713 2028 797 piam
2084 711 2451 777 doctrinam

500 823 702 886 quam
741 800 1123 885 profitemur
1156 798 1363 864 modis
1398 798 1704 865 omnibus
1741 808 2055 876 evertere,
2100 798 2453 879 fucumque

504 888 702 955 faciat
741 907 950 971 paene
993 887 1061 950 in
1104 884 1427 963 omnibus,
1474 894 1552 949 ut
1596 885 1804 969 magis
1848 893 1913 949 et
1945 884 2157 967 magis
2201 889 2456 948 avertat

500 993 544 1039 a
630 974 695 1038 ia
739 972 1037 1039 doctrina
1094 978 1162 1036 et
1203 970 1421 1036 firmet
1472 971 1543 1035 in
1602 990 1821 1036 errore
1872 969 2185 1053 nobisque
2229 988 2456 1033 omnes

623 1058 737 1124 dat
778 1057 1176 1137 infensiores,
1221 1054 1513 1140 specioso
1548 1058 1813 1121 nomine
1859 1054 2040 1122 verbi
2077 1064 2144 1121 et
2186 1053 2340 1118 fidei
2382 1054 2453 1117 in

502 1146 776 1212 verbum
821 1144 1011 1226 plene
1056 1142 1396 1221 creditum,
1455 1151 1532 1207 ut
1587 1162 1817 1207 verum
1877 1151 2005 1207 est:
2068 1141 2280 1206 visum
2324 1138 2455 1203 fuit

502 1231 759 1308 iterum,
819 1238 1140 1312 quantum
1186 1228 1436 1313 colligo,
1492 1228 1932 1294 necessarium
1989 1249 2159 1305 esse,
2224 1236 2288 1290 te
2347 1246 2452 1290 ro-

584 1337 681 1395 re,
750 1328 824 1380 ut
881 1313 1054 1398 quod
1123 1316 1334 1398 primo
1393 1314 1723 1398 petebam,
1797 1311 2153 1379 contendas
2211 1322 2278 1376 et
2335 1333 2454 1396 per

608 1402 861 1466 minum
907 1401 1167 1469 efficias.
1236 1398 1479 1466 Literis
1516 1402 1621 1485 agi
1667 1408 1897 1484 potest.
1962 1399 2205 1464 Fateor
2241 1397 2452 1463 multa

496 1486 703 1552 literis
741 1487 1059 1572 praestari
1094 1507 1303 1571 posse,
1348 1496 1422 1551 ut
1456 1496 1781 1551 testantur
1804 1485 2103 1568 Apostoli
2137 1482 2451 1568 epistolae

496 1594 631 1638 non
679 1573 877 1638 unius
920 1581 1202 1648 tantum,
1260 1593 1488 1638 verum
1548 1573 1748 1638 etiam
1790 1570 2081 1636 aliorum.
2173 1568 2311 1637 Sed
2351 1569 2449 1635 vi-

500 1659 757 1737 demus,
820 1666 1067 1742 quanto
1126 1657 1312 1723 duxit
1368 1658 1583 1742 potius
1640 1658 1889 1724 Paulus
1953 1679 2171 1722 coram
2230 1656 2451 1722 verbis

498 1764 711 1831 agere,
749 1765 945 1828 quam
988 1743 1188 1809 literis
1211 1765 1328 1827 pro
1364 1743 1707 1809 concordia
1728 1754 1793 1809 et
1817 1765 1971 1826 pace
2007 1744 2450 1819 ecclesiarum,

498 1842 568 1897 et
626 1830 775 1896 licet
831 1829 1184 1895 multitudo
1242 1851 1323 1895 ex
1393 1829 1790 1913 praeiudicio
1858 1828 2020 1912 legis
2088 1828 2447 1906 damnaret,

498 1917 708 1983 Paulo
765 1924 987 1981 tamen
1048 1925 1113 1981 et
1164 1916 1307 1981 aliis
1372 1917 1669 1981 veritatis
1740 1915 2170 1980 assertoribus
2224 1913 2450 1979 datum

496 2004 621 2069 fuit
663 2022 735 2067 os
780 2012 848 2068 et
890 2001 1231 2086 sapientia,
1288 2022 1415 2085 quo
1459 2001 1761 2067 obturata
1804 2010 1960 2067 sunt
1996 2000 2270 2065 aliorum
2315 2020 2448 2077 ora,

500 2096 567 2154 et
607 2108 726 2171 pro
770 2089 1049 2153 veritate
1108 2088 1615 2171 pronunciatum
1672 2088 1826 2163 fuit,
1887 2087 2034 2171 quis
2088 2085 2337 2151 dubitet
2380 2085 2447 2150 id

498 2173 668 2257 quod
714 2174 997 2258 petimus
1042 2174 1400 2238 Dominum
1446 2172 1780 2251 daturum,
1840 2172 2013 2256 quod
2055 2173 2127 2236 in
2171 2172 2447 2257 gloriam

498 2261 601 2326 sui
646 2261 927 2325 nominis
967 2260 1180 2337 faciet,
1225 2270 1293 2324 et
1328 2257 1504 2324 unde
1554 2261 1773 2325 hostes
1821 2260 2149 2342 potentius
2198 2279 2449 2342 expug-

494 2347 643 2411 nari
687 2352 1027 2429 poterunt,
1087 2356 1154 2410 et
1212 2346 1468 2410 interea
1510 2345 1666 2410 dum
1710 2343 1849 2411 dies
1894 2345 2069 2412 dicta
2115 2352 2451 2428 exspecta-
2496 2384 2502 2419 1

499 2429 693 2510 bitur,
755 2441 825 2496 tu
866 2442 934 2496 et
976 2432 1089 2514 qui
1132 2431 1354 2498 valent
1396 2431 1584 2497 donis
1624 2431 1754 2496 Dei
1798 2432 1869 2496 in
1913 2431 2279 2509 scribend0,
2340 2450 2450 2512 po-

502 2518 711 2582 teritis
756 2517 1078 2603 colligere,
1126 2538 1293 2600 quae
1338 2517 1594 2601 plenius
1639 2539 1873 2583 causae
1919 2519 2225 2583 servient.
2314 2519 2447 2582 Ar·

498 2605 703 2670 bitror
752 2602 1083 2672 Calvinum
1126 2603 1196 2666 in
1241 2624 1424 2668 mora
1466 2625 1596 2669 non
1642 2603 1956 2669 futurum.
2042 2604 2137 2669 Ut
2176 2612 2448 2688 paratus

500 2697 598 2756 est
641 2691 839 2755 etiam
884 2688 1008 2755 sibi
1055 2690 1188 2755 vim
1234 2690 1465 2765 facere,
1521 2702 1586 2755 et
1631 2688 1957 2755 interdum
2002 2690 2445 2775 importunius

498 2774 796 2860 urgendo
840 2775 1013 2858 quod
1051 2776 1351 2859 petebam
1388 2777 1468 2842 ab
1517 2776 1725 2840 invito
1778 2777 2054 2853 extorsi,
2113 2776 2266 2843 licet
2309 2797 2444 2840 non

496 2862 688 2927 aliter
731 2862 1021 2940 cesserit,
1081 2881 1274 2944 quam
1332 2862 1388 2926 is
1445 2863 1625 2944 prius
1681 2861 1940 2927 dixerat
1994 2862 2320 2941 futurum,
2378 2870 2446 2926 et
2493 2880 2500 2927 ἐ

492 2948 559 3013 id
603 2969 724 3032 ego
768 2947 1070 3023 dicerem,
1131 2967 1265 3011 non
1309 2969 1495 3013 secus
1539 2954 1958 3025 eventurum,
2020 2956 2241 3012 tamen
2285 2967 2446 3013 neu·
2495 2930 2500 3017 ξ

498 3042 674 3098 trum
718 3033 1042 3117 poenituit
1085 3034 1313 3116 egisse,
1369 3042 1444 3097 ut
1486 3033 1555 3096 in
1601 3032 1975 3100 Genevensi
2022 3034 2304 3117 negotiO,
2360 3054 2446 3098 ne
2496 3022 2501 3075 ¹

500 3120 630 3185 alia
697 3139 1217 3186 commemorem.
1322 3119 1423 3183 Tu
1496 3120 1701 3203 igitur
1769 3129 2033 3204 proptor
2106 3118 2447 3186 Christum
2496 3092 2503 3174 ff

498 3204 834 3271 incumbe:
881 3215 982 3270 sat
1026 3205 1159 3270 scio
1197 3212 1267 3269 te
1310 3224 1445 3269 non
1490 3203 1842 3287 poenitebit
1887 3225 2141 3289 operae.
2211 3205 2287 3271 Si
2333 3204 2447 3270 alii

499 3290 749 3359 vellent
789 3288 1018 3370 adniti,
1079 3298 1195 3354 aut
1230 3311 1465 3374 parum
1511 3291 1873 3368 efficerent,
1934 3302 2048 3356 aut
2095 3291 2280 3369 nihil,
2338 3288 2448 3355 vel

498 3378 714 3461 potius
759 3375 1168 3461 impedirent.
1250 3377 1352 3442 'ru
1394 3383 1597 3461 potes,
1644 3385 1901 3443 tantum
1946 3378 2151 3443 utaris
2194 3375 2448 3453 mediis,
2496 3369 2504 3428 Ι

492 3484 664 3547 quae
687 3463 1009 3528 Dominus
1032 3463 1421 3546 suppeditat.
1492 3462 1963 3530 Praesentibus
2008 3473 2267 3545 praesta
2310 3471 2446 3527 tam
2495 3465 2502 3548 ξ

494 3550 931 3616 necessariam
1011 3570 1279 3633 operam
1343 3557 1410 3615 et
1474 3550 1754 3633 posteris
1819 3551 2103 3615 consule.
2215 3548 2447 3614 Facies
2494 3557 2501 3624 j

495 3656 659 3718 opus
705 3644 770 3700 te
815 3634 1120 3718 dignum:
1182 3635 1294 3701 sed
1358 3634 1531 3719 quod
1587 3636 1870 3719 primum
1912 3646 1979 3701 et
2021 3636 2445 3720 praecipuum
2495 3657 2501 3728 Ι

496 3733 612 3798 est,
660 3720 927 3786 Christo
969 3731 1230 3806 gratum
1291 3733 1357 3787 et
1411 3722 1698 3787 ecclesiis
1742 3721 1929 3786 valde
1973 3722 2148 3787 utile.
2240 3725 2446 3788 Acce-

496 3807 654 3872 dent
697 3807 901 3871 animi
939 3821 1006 3872 ct
1041 3807 1453 3891 augebuntur
1492 3807 1619 3891 piis
1655 3810 1765 3889 qui
1803 3806 2142 3874 nobiscum
2176 3810 2444 3876 faciunt.
2493 3859 2500 3920 ι

494 3891 888 3958 Domabitur
926 3893 1167 3958 ferocia
1207 3892 1747 3972 adversariorum,
1835 3896 1903 3960 ui
1947 3894 2078 3960 iam
2114 3896 2448 3961 exsultant
2493 3923 2500 3976 ς

492 3977 702 4044 veluti
746 3979 1060 4056 victores,
1120 3988 1187 4044 et
1237 3979 1565 4062 principes
1621 3979 1703 4046 ab
1835 3981 2142 4046 versariis
2185 3990 2446 4047 tantum

496 4086 630 4130 non
692 4063 1049 4130 dementati
1100 4074 1518 4149 praepostere
1586 4066 1799 4131 multa
1867 4065 2289 4133 decernentes
2361 4067 2445 4132 ad

494 4150 849 4227 meliorem,
899 4150 1157 4216 volente
1182 4152 1484 4229 Domino,
1531 4151 1842 4218 redibunt
1883 4161 2193 4220 mentem.
2263 4153 2444 4220 Sane

491 4237 548 4302 si
592 4237 937 4319 quisquam
984 4240 1173 4301 novit
1215 4238 1308 4303 ita
1350 4236 1678 4322 expedire,
1725 4247 1795 4302 tu
1840 4239 1980 4322 ipse
2023 4240 2208 4306 nosti.
2300 4242 2445 4305 'l‘ua

492 4323 849 4389 Germania
891 4322 1074 4388 nulla
1129 4342 1325 4390 causa
1376 4326 1471 4389 ita
1519 4325 1826 4390 turbatur
1879 4346 2073 4409 quam
2130 4326 2274 4392 ista.
2365 4323 2443 4391 Si

486 4430 643 4474 cara
684 4408 877 4476 debet
918 4408 1223 4477 omnibus
1259 4410 1659 4477 Germaniae
1702 4410 1881 4478 salus
1922 4412 2003 4477 ob
2042 4411 2255 4479 lucem
2301 4433 2445 4479 esse

488 4493 845 4581 evangelii,
919 4493 1075 4578 quid
1133 4496 1254 4562 tibi
1312 4517 1457 4563 esse
1513 4494 1731 4572 debet,
1804 4498 1910 4564 cui
1969 4499 2441 4582 propemodum

488 4584 672 4665 prius
705 4582 982 4666 contigit
1014 4583 1086 4646 in
1122 4602 1201 4648 ea
1326 4592 1502 4648 stare
1530 4583 1969 4668 evangelium,
2006 4605 2203 4667 quam
2241 4584 2440 4651 nasci.

488 4668 582 4733 Et
626 4678 879 4733 tantum
926 4688 1061 4733 non
1106 4603 1489 4736 adufficens
1533 4679 1864 4736 assumtus
1904 4692 1974 4736 es
2018 4671 2084 4734 in
2145 4681 2281 4736 tam
2326 4691 2441 4735 au-

488 4765 756 4838 gustum
800 4773 1063 4819 munus.
1153 4753 1347 4820 Foris
1390 4754 1524 4834 tibi,
1569 4767 1646 4821 ut
1688 4755 1854 4834 aliis,
1897 4777 2032 4822 non
2074 4757 2201 4821 fuit
2244 4776 2442 4840 quae-

488 4838 782 4905 rendum.
865 4837 1008 4905 Tibi
1053 4840 1229 4907 domi
1274 4841 1550 4927 largitus
1594 4853 1695 4908 est
1738 4842 2046 4909 Christus
2088 4842 2260 4925 quod
2306 4851 2442 4906 tam

483 4925 712 4988 multis
747 4925 974 5007 procul
1019 4926 1141 4991 fuit
1173 4927 1723 5014 investigandum.
1791 4927 2015 4994 Gallia
2047 4935 2148 4992 ter
2179 4928 2442 5005 misera,

486 5031 690 5093 quum
742 5012 1103 5077 innumeris
1146 5023 1482 5095 prematur
1541 5013 1735 5081 malis
1792 5014 1973 5079 nullo
2016 5014 2111 5078 ita
2154 5013 2444 5080 afficitur

484 5105 565 5161 ut
607 5097 957 5162 iactatione
1002 5109 1069 5163 et
1111 5101 1588 5167 conflictatione
1631 5110 1769 5166 tam
1807 5099 2139 5167 contraria
2181 5109 2444 5166 senten-

486 5183 730 5246 tiarum
778 5202 975 5265 super
1018 5202 1217 5250 coena
1258 5187 1546 5266 Domini,
1606 5207 1938 5270 quumque
1983 5185 2257 5268 improbi
2302 5205 2440 5250 non

482 5277 747 5333 tantum
790 5268 1128 5353 pontificii,
1172 5270 1284 5338 sed
1328 5272 1442 5339 alii
1486 5274 1684 5338 etiam
1726 5293 1890 5356 quos
1934 5269 2256 5337 vellemus
2299 5292 2441 5337 am-

480 5353 734 5438 plexari
782 5365 856 5419 ut
899 5354 1148 5434 fratres,
1194 5369 1258 5422 et
1292 5360 1485 5443 plene
1520 5359 1893 5424 satisfacere
1928 5377 2126 5441 super
2158 5358 2241 5422 iis
2274 5378 2441 5440 quae

2553 621 2878 692 credimus
2923 634 2989 688 et
3032 623 3336 691 docemus
3351 677 3366 703 ,
3423 634 3496 690 ut
3538 625 3783 691 rectius
3826 626 4163 704 sentirent,
4220 632 4358 689 tam
4403 621 4503 688 di-

2553 729 2746 775 versa
2801 730 2922 775 nos
2980 711 3225 777 sentire
3283 709 3576 793 improbe
3634 710 3993 789 affirment,
4049 719 4116 775 et
4165 709 4262 776 ita
4312 710 4504 774 innu-

2552 815 2770 861 meros
2812 794 3110 880 perdant,
3156 795 3352 862 aliam
3395 817 3527 862 non
3573 805 3730 879 puto
3772 797 3948 862 viam
3993 814 4123 880 qua
4164 792 4504 862 commode

2554 888 2743 947 tanto
2772 882 2947 947 malo
2981 891 3377 960 occurratur,
3424 903 3622 966 quam
3656 894 3880 949 sancto
3916 890 4258 953 conventu,
4305 889 4504 965 quem

2554 988 2671 1051 per
2711 966 2912 1033 alium
2956 968 3296 1052 impetrari
3339 989 3528 1052 posse
3581 989 3715 1034 non
3759 969 3981 1048 video,
4038 988 4232 1052 quam
4276 986 4394 1050 per
4437 972 4502 1031 te

2553 1074 2775 1119 unum.
2843 1054 3001 1120 Ideo
3045 1066 3111 1119 te
3153 1074 3272 1138 per
3315 1055 3659 1121 Christum
3704 1076 3835 1134 oro,
3881 1066 3956 1120 ut
3997 1054 4283 1121 ecclesiis
4327 1053 4504 1120 adsis

2554 1141 2624 1205 in
2682 1159 2756 1205 re
2813 1148 2951 1205 tam
3009 1141 3402 1219 necessaria,
3456 1150 3525 1207 et
3581 1161 3918 1207 succurras
3981 1141 4166 1205 iuxta
4222 1140 4503 1224 gratiam

2554 1225 2674 1291 tibi
2718 1247 2757 1290 a
2797 1226 3086 1292 Domino
3130 1227 3349 1292 datam
3394 1228 3589 1293 rebus
3629 1226 3909 1293 afflictis.
3990 1227 4171 1291 Tuae
4212 1224 4502 1309 pruden-

2555 1312 2685 1378 tiae
2739 1313 2991 1395 praeire
3045 1313 3214 1378 nolo.
3304 1313 3453 1378 Non
3507 1314 3686 1378 enim
3741 1312 3982 1397 aliquid
4041 1311 4205 1376 mihi
4249 1328 4502 1395 arrogo.

2553 1396 2688 1464 Sed
2732 1418 2996 1481 pressus
3041 1399 3261 1464 animo
3318 1419 3515 1485 cogor
3569 1399 3843 1465 amicam
3900 1418 4167 1463 manum
4212 1414 4498 1482 poscere.

2553 1484 2722 1550 Novi
2777 1495 2846 1549 et
2901 1484 3073 1550 hanc
3136 1505 3366 1550 curam
3423 1493 3488 1550 te
3553 1484 3855 1551 mordere
3918 1493 3986 1550 et
4039 1496 4103 1549 te
4163 1484 4296 1551 scio
4361 1490 4500 1549 808

2550 1572 3057 1653 praeteriturum
3114 1570 3286 1655 quod
3344 1569 3425 1636 ad
3503 1592 3643 1636 rem
3711 1570 3941 1637 fecerit
4006 1568 4496 1636 restituendam.

2552 1657 2805 1722 Verum
2846 1655 2915 1722 id
2958 1679 3064 1721 me
3108 1680 3236 1723 non
3283 1669 3529 1736 avocat,
3586 1659 3743 1741 quin
3787 1658 3989 1724 libere
4030 1666 4242 1723 tecum
4287 1676 4502 1740 agam,

2552 1749 2619 1807 et
2673 1743 3026 1810 instantius
3097 1752 3336 1828 petam,
3415 1743 3583 1827 quod
3651 1744 3861 1809 sentio
3918 1743 4068 1809 usui
4133 1764 4292 1809 8888.
4396 1742 4503 1808 'ru

2551 1829 2771 1894 omnia
2812 1829 2964 1894 boni
3008 1830 3331 1908 consules,
3388 1840 3453 1895 et
3508 1851 3627 1914 per
3685 1829 3814 1896 alia
3870 1850 4039 1913 quae
4083 1830 4336 1914 agenda
4381 1826 4503 1895 tibi

2553 1926 2708 1979 sunt
2754 1915 2874 1981 hoc
2917 1936 3050 1980 non
3095 1915 3407 2001 negliges,
3454 1928 3530 1981 ut
3553 1916 3879 1982 Dominus
3922 1917 4040 1982 tibi
4078 1914 4256 1981 dedit
4291 1936 4503 1999 posse,

2553 2000 2850 2084 expediri
2918 2023 3107 2068 nosse
3182 2010 3250 2067 et
3317 2024 3520 2086 posse.
3627 2003 3717 2067 Et
3774 2014 4019 2087 quanto
4083 2003 4302 2068 minus
4357 2003 4502 2087 spei

2551 2108 2692 2153 esse
2750 2084 3037 2165 videtur,
3098 2096 3281 2153 tanto
3333 2090 3545 2172 magis
3604 2109 3718 2173 spe
3773 2088 3898 2153 niti
3940 2110 4060 2154 nos
4103 2096 4372 2172 oportet,
4435 2104 4504 2153 et

2551 2173 2771 2239 omnia
2827 2181 3114 2253 tentare,
3185 2175 3373 2240 iuxta
3438 2175 3677 2240 bonam
3746 2174 4150 2241 voluntatem
4204 2173 4497 2249 Domini,

2549 2260 2663 2343 qui
2699 2278 3064 2325 successum
3102 2259 3300 2326 dabit.
3367 2260 3554 2339 Vale,
3599 2260 3702 2325 vir
3737 2262 3876 2326 inte
3924 2262 4180 2338 errime,
4225 2270 4291 2325 et
4324 2258 4500 2344 quod

2549 2344 2707 2411 facis
2750 2346 3008 2430 perfice,
3069 2368 3186 2430 pro
3244 2346 3452 2431 gloria
3495 2346 3763 2411 Domini
3822 2347 3885 2411 la
3930 2365 4061 2411 ora.
4151 2346 4391 2412 Servat
4432 2353 4502 2411 te

2551 2430 2665 2496 diu
2709 2431 3016 2498 Christus
3060 2453 3216 2499 suae
3261 2432 3568 2498 ecclesiae
3613 2443 3679 2497 et
3712 2434 4006 2498 omnium
4045 2426 4498 2498 aedificationi.

2553 2515 2760 2602 Cupio
2804 2517 3084 2603 collegas
3141 2529 3286 2583 tuos
3345 2518 3561 2584 salvos
3619 2530 3687 2583 et
3739 2520 3920 2603 pium
3965 2539 4182 2583 senem
4234 2517 4501 2585 Pollion-

2550 2623 2721 2683 num,
2762 2625 2847 2669 ne
2936 2613 3298 2671 taeteream
3344 2603 3642 2681 Habium,
3687 2614 3828 2670 tum
3873 2614 4147 2689 patrem,
4192 2618 4335 2670 tum
4382 2604 4496 2669 Ia-

2550 2688 2776 2755 cobum.
2927 2691 3139 2775 ollega
3178 2692 3361 2756 iubet
3401 2700 3465 2753 te
3510 2689 3780 2757 salvum.
3874 2692 4179 2756 Neocomi
4225 2696 4280 2755 8.
4320 2688 4504 2756 Iunii

3785 2866 3966 2931 Tuus
4010 2863 4324 2929 Farellus.

3431 3415 3622 3490 1964.

3033 3571 3527 3640 FARELLUS
3578 3570 4011 3639 CALVINO.

2721 3746 2927 3810 Auton-
2960 3755 3049 3811 est
3084 3747 3144 3810 ei
3176 3751 3246 3809 ut
3284 3742 3808 3812 Commentarium
3840 3747 3912 3809 in
3950 3742 4218 3809 Genesin
4254 3743 4502 3809 senatui

2548 3829 2862 3898 Ber-nenas?
2904 3831 3290 3898 dedicatione
3331 3839 3653 3914 nuncupet,
3697 3833 3878 3897 cuius
3923 3830 4142 3895 laudes
4179 3830 4296 3896 hac
4331 3843 4501 3893 occa-

2545 3917 2717 3983 sione
2759 3937 2881 3983 non
2926 3919 3231 3984 immerito
3263 3919 3618 3999 praedicat.
3715 3917 3875 3982 Tum
3929 3917 4176 3998 attinyit
4217 3914 4496 3980 libellum

2545 4004 2737 4069 istum
2782 4007 3077 4087 anonymi
3117 4006 3608 4080 calumniatoris,
3657 4002 4022 4086 Raymundi
4079 4003 4341 4076 vincula,
4391 4001 4504 4064 La·-

2546 4088 2756 4156 berteti
2801 4091 3133 4158 consilium
3183 4091 3501 4158 Genavam
3543 4089 3817 4157 adeundi
3859 4094 3956 4154 eto.

2856 4265 2961 4332 (Ex
2999 4266 3335 4336 autographo
3365 4264 3492 4318 Cod.
3529 4262 3728 4318 Genev.
3767 4264 3884 4330 115,
3920 4263 4010 4316 fol.
4049 4260 4190 4326 109.)

2719 4438 2962 4522 Magno
3006 4447 3072 4504 et
3114 4440 3361 4523 insigni
3406 4458 3596 4505 servo
3639 4437 3889 4504 Christi
3922 4436 4164 4503 Ioanni
4207 4436 4491 4502 Calvino

2543 4525 2792 4608 pastori
2838 4524 3144 4591 ecclesiae
3190 4524 3598 4591 Geneveusis
3643 4543 3840 4609 quam
3881 4523 4385 4608 vigilantissimo
4427 4535 4496 4588 et

2544 4609 3016 4711 studiosissimo
3087 4611 3350 4694 pietatis
3421 4610 3612 4676 fratri
3684 4620 3751 4675 et
3820 4617 4224 4696 symmystae
4294 4630 4492 4692 quam

2542 4717 2895 4763 carissimo.

3991 4782 4321 4850 Genavae.

2716 4922 2784 4989 S.
2853 4921 3077 5004 Quum
3135 4944 3255 5007 per
3297 4924 3621 4989 Bernates
3679 4923 3988 4989 Christus
4041 4923 4333 5005 primum
4387 4939 4493 4985 eo-

2542 5008 2774 5075 clesias
2834 5010 2901 5074 in
2961 5008 3043 5074 iis
3098 5010 3212 5093 qui
3256 5008 3488 5094 gallice
3541 5008 3900 5093 loquuntur
3965 5007 4366 5088 reformarit,
4425 5016 4496 5072 et

2542 5096 2659 5160 vix
2716 5105 2873 5179 puto
2929 5095 3209 5160 inveniri
3278 5095 3390 5179 qui
3452 5096 3694 5162 rectius
3752 5094 4118 5179 coeperint,
4190 5094 4494 5194 quamvis

2543 5180 2837 5247 nonnulli
2903 5189 3138 5266 putent
3207 5180 3356 5248 ideo
3425 5202 3764 5248 assensum
3835 5180 4033 5247 fuisse
4101 5179 4357 5246 facilius
4422 5180 4493 5244 in

2543 5267 3050 5353 disputationem
3110 5290 3278 5352 quae
3321 5269 3581 5334 Bernae
3636 5266 3859 5333 habita
3911 5267 4065 5345 fuit,
4124 5266 4276 5350 quia
4333 5275 4491 5332 tunc

2541 5356 2866 5422 contentio
2912 5354 2992 5420 de
3035 5353 3429 5420 eucharistia
3472 5351 3743 5419 ardebat
3784 5367 3851 5419 et
3889 5363 4236 5437 sperarunt
4277 5353 4496 5435 ponti·
