4850 6200
472 453 605 518 503

451 663 689 731 *ayons
722 641 909 708 loisir
940 640 1070 709 den
1102 640 1395 708 advertit
1431 661 1550 705 noz
1582 640 1924 724 seigneurs
1958 642 2026 702 et
2058 634 2432 719 superieurs

473 750 564 795 611
642 727 788 795 uelz
852 746 1024 792 nous
1102 746 1450 793 reservem
1515 724 1645 791 den
1710 722 2029 809 signiffier
2092 720 2239 785 leur
2300 719 2433 784 bon

477 836 566 882 vo
662 813 793 881 oir:
857 812 1198 879 toutesfois
1256 812 1313 878 si
1368 811 1615 878 dedans
1659 832 1823 876 unze
1871 809 2059 894 jours
2117 825 2433 890 assavoyr

479 899 565 967 de
609 897 879 986 samedy
913 919 996 963 en
1034 898 1217 965 huict
1251 901 1439 983 jours
1472 896 1559 963 ilz
1594 902 1933 980 navoyent
1965 891 2432 959 contremande

477 1006 609 1069 666
652 984 815 1052 66116
856 1006 1003 1050 6616
1046 1004 1213 1068 pour
1255 983 1441 1070 signe
1486 981 1565 1048 de
1602 982 1751 1046 leur
1793 978 2025 1048 accord
2068 979 2149 1043 ad
2192 996 2264 1044 ce
2305 999 2432 1061 666

477 1070 731 1155 parties
772 1071 1078 1154 puissent
1118 1079 1289 1137 estre
1334 1088 1738 1151 esvocquees.

655 1155 882 1239 Quant
938 1178 1068 1221 aux
1125 1176 1317 1222 noms
1374 1152 1693 1221 desdictes
1745 1153 1990 1237 parties
2045 1151 2095 1216 il
2148 1174 2194 1237 y
2237 1173 2279 1215 a
2333 1150 2429 1215 les

479 1242 874 1326 preseheurs
931 1241 1012 1307 de
1054 1241 1230 1307 Nion
1285 1249 1353 1305 et
1397 1240 1671 1306 Boursin
1726 1240 1837 1322 qui
1893 1245 2043 1305 sont
2102 1238 2431 1320 exprimes

481 1350 566 1395 en
609 1349 735 1394 666
777 1327 1225 1407 166116611666,
1279 1326 1451 1392 Item
1495 1326 1822 1392 Hiero-ame
1879 1324 1940 1390 le
1994 1321 2292 1389 medecin
2349 1319 2431 1387 de

483 1413 726 1480 Donon
794 1421 862 1480 et
921 1412 1192 1479 Bastien
1263 1412 1543 1479 Foncelet
1606 1410 1906 1476 habitant
1970 1408 2048 1474 de
2113 1409 2352 1488 Benin‚
2376 1412 2428 1484 ¹)

483 1501 785 1566 anmoins
837 1519 1089 1565 comme
1146 1500 1196 1563 il
1251 1499 1416 1579 dict,
1480 1519 1592 1564 car
1650 1518 1814 1562 nous
1859 1518 1941 1561 ne
1995 1515 2268 1562 scavons
2314 1513 2429 1577 pas

482 1606 650 1670 pour
692 1584 938 1653 certain
995 1606 1071 1651 sa
1111 1583 1496 1651 Residanee.
1585 1582 1649 1648 N
1650 1590 1826 1648 estre
1886 1580 2300 1648 commission
2345 1601 2429 1644 66

484 1669 753 1738 sestand
796 1691 913 1755 pas
955 1669 1104 1754 plus
1145 1670 1304 1755 long
1346 1691 1472 1754 que
1515 1670 1599 1735 de
1641 1688 1749 1736 ces
1791 1677 2047 1751 quatre:
2093 1666 2429 1731 toutesfois

483 1756 568 1823 sil
609 1757 808 1841 plaist
851 1777 982 1821 aux
1022 1757 1492 1840 magnificques
1548 1755 1885 1839 seigneurs
1928 1775 2048 1819 noz
2092 1751 2429 1819 combour-

483 1843 665 1928 geois
720 1849 965 1909 mectre
1025 1841 1217 1908 ordre
1272 1864 1396 1926 par
1447 1848 1591 1906 tout
1633 1861 1719 1905 en
1771 1860 1878 1907 ces
1936 1838 2221 1904 troubles
2266 1858 2431 1903 nous

484 1927 831 1995 adioutons
873 1948 1121 1994 comme
1179 1926 1260 1994 de
1312 1925 1841 2011 superabondant
1883 1948 1922 1991 a
1965 1931 2185 1990 nostre
2229 1923 2432 2006 parti-

483 2013 714 2081 cullier
756 2034 883 2098 que
925 2034 1065 2098 ung
1107 2014 1359 2080 certain
1381 2013 1726 2078 Hammier
1769 2032 2032 2077 nomme
2059 2008 2432 2075 Pierrechon

484 2099 875 2166 demourant
926 2121 966 2164 a
1009 2100 1235 2165 Rolles
1291 2120 1449 2166 avec
1508 2120 1581 2164 sa
1638 2099 1877 2163 femme
1932 2119 1972 2162 a
2027 2116 2287 2162 nomme
2344 2116 2429 2160 66

526 2186 659 2251 1616
696 2188 1042 2271 jugement
1084 2206 1124 2250 a
1166 2186 1432 2270 Morges
1478 2184 1723 2249 devant
1775 2184 1838 2248 le
1883 2183 2116 2266 peuple
2161 2182 2428 2246 maistre

481 2207 693 2338 fehan
720 2271 940 2422 Οἷιῑυίη
975 2272 1346 2353 hereticque
1382 2271 1601 2336 disant
1636 2268 1773 2353 quil
1815 2269 1878 2334 le
1912 2267 2191 2336 voulloit
2223 2267 2429 2332 main·

483 2360 657 2423 tenir
698 2366 763 2422 te
791 2407 806 2420 .

651 2440 1041 2526 Cependant
1082 2464 1246 2508 nous
1282 2463 1638 2524 requerons
1673 2440 1921 2506 ausdits
1957 2441 2429 2524 magnificques

479 2529 821 2614 seigneurs
867 2530 1023 2593 affin
1068 2550 1193 2611 que
1238 2550 1320 2592 en
1367 2529 1431 2592 la
1467 2530 1742 2611 journee
1785 2526 1881 2592 les
1926 2528 2154 2591 choses
2198 2534 2432 2608 soyent

480 2615 725 2679 mieulx
763 2630 1012 2698 prestes
1048 2636 1216 2698 pour
1250 2636 1333 2680 en
1369 2614 1783 2697 congnoistre
1819 2621 1885 2677 et
1919 2614 2115 2696 juger
2160 2611 2431 2677 suivant

479 2701 546 2765 la
604 2710 835 2766 teneur
891 2699 970 2764 (16
1026 2722 1147 2765 nez
1200 2700 1635 2784 justructions
1692 2698 1747 2781 jl
1804 2698 1950 2764 leur
2003 2698 2208 2780 plaise
2267 2697 2429 2762 faire

480 2790 820 2851 examiner
862 2786 957 2851 les
993 2788 1373 2871 tesmoings,
1411 2785 1712 2868 desquelz
1756 2785 1822 2849 la
1842 2785 2051 2849 verite
2087 2804 2157 2847 se
2193 2804 2432 2866 pourra

478 2874 750 2939 scavoir.
840 2871 999 2936 Oest
1041 2884 1267 2937 contre
1312 2872 1372 2936 16
1415 2871 1767 2955 prescheur
1810 2870 1890 2934 de
1933 2870 2126 2952 Nyon
2174 2868 2429 2933 donner

481 2958 722 3042 charge
768 2980 807 3023 a
850 2956 994 3023 leur
1051 2958 1357 3041 seigneur
1399 2955 1636 3021 Baillif
1682 2953 1761 3020 de
1814 2956 2156 3036 seuquerir
2212 2977 2324 3019 sur
2366 2954 2429 3019 16

478 3044 610 3110 1166
652 3043 733 3109 (16
779 3043 843 3108 16
889 3042 1287 3126 predication
1326 3043 1458 3126 quil
1495 3044 1573 3107 fit
1607 3062 1764 3108 avec
1805 3041 1901 3107 166
1939 3039 2429 3123 deppendences

481 3143 706 3196 contre
752 3130 812 3193 le
857 3130 1209 3212 prescheur
1254 3129 1333 3193 de
1357 3129 1664 3204 Boni-sin,
1709 3128 1773 3192 la
1816 3127 2020 3192 classe
2057 3127 2138 3191 de
2161 3128 2429 3211 Morges

484 3229 550 3280 et
614 3215 694 3279 de
761 3216 1339 3297 supperabondant
1403 3214 1463 3277 16
1519 3214 1844 3297 Seigneur
1910 3213 1988 3276 dc
2050 3213 2307 3277 Perroir
2365 3222 2433 3277 et

481 3302 670 3366 ceulx
715 3301 827 3383 qui
872 3301 1151 3365 estoient
1203 3323 1286 3364 au
1332 3301 1618 3366 batesme
1664 3301 1742 3364 de
1788 3321 1903 3363 son
1952 3299 2207 3378 enfant,
2267 3299 2426 3362 item

480 3387 545 3450 16
590 3385 917 3469 Seigueur
966 3385 1245 3452 Mar-tine
1298 3397 1363 3450 et
1417 3386 1604 3451 ceulx
1665 3386 1833 3467 quilz
1885 3395 2201 3467 pourront
2245 3406 2426 3449 nom-

480 3493 641 3537 mer.
729 3470 956 3552 Quant
1013 3495 1052 3536 6
1113 3473 1438 3536 Hierosme
1500 3474 1596 3536 les
1655 3471 1828 3536 deux
1895 3471 2282 3554 prescheurs
2348 3469 2429 3534 de

481 3559 756 3630 Donon,
824 3557 886 3620 16
943 3560 1178 3623 maitre
1235 3559 1539 3636 descolle,
1607 3558 1666 3621 16
1713 3558 2066 3640 prescheur
2111 3557 2423 3641 dArmoy.

485 3644 589 3709 De
635 3642 918 3708 Fonoezet
959 3665 1073 3708 666
1120 3665 1227 3708 666
1273 3655 1372 3710 661
1417 3651 1558 3709 1661
1600 3664 1852 3726 prouve
1895 3665 2013 3726 par
2056 3644 2321 3725 escript:
2371 3642 2427 3707 si

483 3729 755 3813 besoing
790 3732 982 3794 estoit
1018 3751 1281 3795 encores
1315 3730 1584 3795 baillera
1620 3752 1703 3794 66
1748 3729 1842 3795 166
1879 3729 2426 3794 advertissemens

482 3837 603 3897 par
663 3814 923 3880 articles
989 3838 1101 3880 sur
1157 3838 1326 3900 quoy
1395 3815 1617 3882 lesdits
1685 3815 2039 3899 tesmoings
2106 3814 2429 3880 debvront

483 3913 658 3965 estre
699 3900 1127 3985 interroguez.

1370 4562 1560 4633 2150.

970 4718 1442 4785 OALVINUS
1486 4718 1946 4785 FARELLO.

663 4893 947 4958 Breviter
1002 4891 1189 4972 refert
1245 4909 1365 4971 quo
1423 4891 1492 4955 in
1548 4895 1718 4956 statu
1784 4909 1978 4956 causa
2035 4893 2206 4976 apud
2263 4891 2427 4958 Ber-

485 4999 707 5044 uenses
737 4978 1018 5061 pendens
1060 4977 1144 5039 sit
1177 4994 1300 5056 pro
1341 4978 1605 5059 tempore
1645 4975 1985 5060 laudatque
2023 4977 2428 5042 1166666666-

486 5065 658 5128 sim
701 5068 757 5126 et
802 5061 1005 5128 Fabri
1042 5061 1464 5125 assistentiam
1506 5068 1562 5125 et
1592 5064 2034 5144 patrocinium.

487 5318 758 5442 8³45m1a)
796 5317 1041 5385 Beqm'm
1089 5318 1217 5385 pres
1269 5316 1336 5371 de
1379 5317 1644 5385 Barsine,
1700 5333 1798 5372 sur
1847 5318 1904 5374 la
1954 5324 2107 5374 route
2152 5318 2217 5374 dc
2261 5316 2433 5390 Nym·

481 5404 524 5443 6
750 5425 764 5439 .

2004 444 2531 515 ΕΡῙΒΤΟΒΔΕ
2577 446 2998 509 2149—2152

4349 446 4474 509 1104

2536 631 2647 700 (Ex
2683 632 3019 703 autographo
3053 630 3184 687 00⁶.
3221 631 3425 688 Gener.
3463 629 3607 699 10⁷⁸,
3650 631 3742 685 fol.
3785 628 3870 685 97.
3912 658 3973 671 --
4008 630 4183 687 Exem
4221 629 4358 685 lari·
4391 642 4477 684 re-

2532 701 2779 757 centiora
2821 706 2952 756 sunt
2982 700 3259 835 Turrgtig'i
3281 698 3587 824 gogigffi
3622 698 4168 836 {5’2‘1‚434’‚)B⁰¹'¹¹⁰⁰⁸⁰
4184 646 4341 770 gipp-
4376 698 4477 754 VI.

2533 942 2799 1007 Eximio
2843 941 3093 1008 Christi
3138 963 3327 1009 servo
3371 951 3441 1007 et
3481 942 3670 1007 fratri
3720 942 4146 1027 integerrimo
4185 940 4481 1022 mihique

2534 1028 2927 1094 amicissimo
2963 1027 3640 1199 Gumelmgffiassfflss'o
3641 1027 4118 1179 1,1Ξ1666611166616
4167 1027 4481 1095 ecclesiae

2706 1250 2776 1317 S.
2844 1251 2995 1318 Non
3037 1251 3246 1317 habeo
3280 1252 3451 1334 quod
3495 1253 3772 1318 scribam
3820 1253 3892 1317 in
3924 1250 4310 1335 praesentia,
4353 1250 4486 1317 nisi

2534 1336 2708 1420 quod
2763 1337 2970 1404 literis
3016 1338 3302 1404 breviter
3358 1346 3668 1404 testatum
3726 1358 3869 1405 esse
3927 1338 4074 1404 volo
4130 1336 4303 1421 quod
4358 1336 4485 1402 tibi

2534 1422 2759 1489 retulit
2787 1423 3270 1507 Clwietophorus
3303 1426 3354 1498 ι)
3397 1435 3638 1502 666161,
3683 1445 3802 1507 pro
3845 1434 3962 1489 tuo
3996 1444 4154 1508 erga
4186 1443 4305 1488 nos
4347 1429 4483 1488 stu·

2535 1508 2641 1574 dio
2685 1529 2791 1573 me
2836 1508 2982 1593 plus
3024 1511 3276 1594 gratiae
3321 1510 3562 1576 habere
3607 1531 3806 1593 quam
3860 1511 4067 1577 literis
4110 1509 4489 1592 exprimere

2534 1615 2788 1678 queam.
2868 1596 3017 1661 Etsi
3053 1598 3232 1661 enim
3275 1596 3358 1661 ad
3404 1595 3716 1662 tuendam
3759 1617 4173 1663 communem
4217 1615 4483 1661 causam

2534 1681 2717 1746 fuisti
2761 1680 3121 1762 animatus,
3179 1679 3461 1747 libenter
3520 1694 3738 1748 tamen
3781 1682 3944 1747 mihi
3999 1680 4358 1765 persuadeo
4414 1690 4483 1747 te

2534 1766 2779 1853 aliquid
2814 1768 2979 1832 mihi
3021 1768 3326 1850 privatim
3374 1765 3648 1835 dedisse.
3739 1768 3966 1851 Neque
4011 1769 4184 1834 enim
4233 1767 4483 1845 dubito,

2532 1854 2645 1919 ubi
2684 1875 2791 1919 me
2834 1853 3058 1920 vidisti
3103 1864 3237 1918 tam
3282 1853 3552 1938 indigne
3595 1854 3844 1932 vexari,
3892 1855 4051 1937 quin
4094 1875 4210 1937 pro
4254 1854 4481 1936 singu-

2531 1938 2653 2004 lari
2714 1952 2825 2004 tuo
2866 1961 3026 2024 erga
3068 1960 3175 2004 me
3227 1960 3448 2005 amore
3506 1940 3791 2023 aliquam
3835 1940 4170 2006 molestiae
4224 1949 4481 2022 partem

2534 2027 2835 2090 senseris.
2937 2025 3290 2091 Caeterum
3357 2026 3522 2091 bene
3585 2024 3786 2092 habet
3849 2030 4019 2109 quod
4079 2026 4310 2091 iuvare
4374 2045 4485 2090 me

2533 2132 2667 2175 non
2702 2124 2906 2194 potes,
2951 2111 3106 2194 quin
3143 2132 3407 2194 operam
3442 2114 3773 2178 communi
3798 2112 4079 2177 Domino
4121 2110 4486 2194 impendas,

2535 2207 2731 2279 atque
2796 2197 2891 2262 ita
2956 2195 3146 2262 ambo
3212 2197 3495 2263 fideliter
3552 2199 3763 2263 officio
3817 2210 4041 2264 nostro
4108 2199 4483 2280 fungamur.

2552 2282 2803 2348 Viretus
2828 2284 2886 2360 2)
2933 2282 3157 2349 eadem
3199 2303 3326 2367 qua
3383 2284 3549 2349 solet
3605 2284 4013 2364 dexteritate,
4070 2304 4190 2349 nec
4229 2285 4484 2348 minore

2534 2369 2907 2435 sinceritate
2986 2380 3053 2434 et
3129 2370 3494 2435 constantia
3570 2370 3758 2435 nobis
3844 2371 4285 2455 patrocinatus
4361 2379 4480 2435 est.

2533 2455 2822 2539 Egregia
2865 2456 3060 2521 totius
3107 2454 3329 2520 classis
3372 2455 3872 2521 Lausannensis
3916 2456 4128 2521 virtus
4182 2457 4249 2519 in
4294 2475 4483 2519 man-

2535 2539 2706 2606 datis
2750 2541 3004 2606 enituit.
3073 2539 3359 2607 Strenue
3402 2544 3597 2606 etiam
3644 2563 3714 2607 se
3759 2544 3962 2626 gessit
3988 2540 4482 2622 Cleristophoms.

2534 2625 2862 2691 Dominus
2906 2636 3123 2693 autem
3168 2626 3353 2693 nobis
3412 2650 3596 2711 spem
3640 2627 3797 2694 fecit
3840 2629 4068 2711 optimi
4124 2648 4479 2693 successus.

2532 2712 2729 2778 Nunc
2788 2734 3139 2796 suspensus
3198 2713 3413 2780 adhuc
3467 2737 3609 2778 sum
3667 2715 3948 2793 consilii,
4013 2714 4213 2779 donec
4281 2713 4485 2779 Vireti

2534 2798 2744 2863 literis
2787 2801 2939 2864 fiam
2985 2802 3238 2878 certior,
3299 2821 3493 2883 quam
3537 2802 3855 2866 rationem
3912 2815 4132 2866 tenere
4177 2800 4483 2866 decreve-

2535 2884 2671 2949 rint
2712 2883 2959 2951 Ursini.
2986 2889 3041 2959 3)
3109 2887 3293 2964 Cras,
3340 2896 3413 2950 ut
3455 2908 3662 2970 spero,
3706 2886 3949 2970 aliquid
3994 2886 4211 2951 sciam.
4303 2884 4487 2951 Satis

2536 2969 2835 3035 videmur
2901 2972 3110 3056 egisse
3190 2974 3402 3055 prima
3466 2971 3913 3054 expeditione,
3987 2971 4155 3055 quod
4229 2973 4487 3036 animos

2534 3058 2908 3140 paravimus
2954 3058 3035 3123 ad
3088 3057 3599 3143 cognoscendam
3645 3080 3928 3125 causam.
4015 3058 4309 3141 Impetus
4354 3057 4483 3124 sal-

2534 3151 2666 3208 tem
2711 3142 2826 3220 illi,
2872 3146 2983 3226 qui
3030 3145 3245 3210 aditus
3286 3166 3513 3211 omnes
3556 3147 3817 3210 veritati
3867 3145 4292 3220 occluserant,
4337 3145 4480 3209 fue-

2534 3239 2697 3294 runt
2754 3230 3130 3314 mitigati.⁴)
3237 3231 3365 3295 Sed
3429 3232 3585 3314 quia
3640 3241 3787 3314 post
3844 3253 4061 3296 meum
4122 3231 4481 3297 discessum

2534 3314 2741 3379 multa
2778 3315 2984 3381 Vireto
3004 3319 3330 3399 patefacta
3373 3339 3513 3381 esse
3549 3318 3847 3396 arbitror,
3894 3317 4044 3382 inde
4090 3316 4475 3401 capiendum

2536 3401 2664 3465 erit
2727 3401 3088 3466 consilium.
3201 3404 3363 3468 Dies
3444 3403 3778 3469 condictus
3843 3413 3941 3468 est
4006 3403 4085 3468 ad
4154 3400 4479 3468 Calendas

2532 3485 2799 3568 Aprilis.
2827 3486 2881 3572 ⁶)
2959 3486 3248 3554 Senatus
3286 3498 3508 3554 noster
3542 3489 3716 3572 quod
3765 3511 3804 3555 a
3846 3490 4031 3554 nobis
4077 3507 4293 3554 actum
4337 3500 4483 3553 erat

2533 3570 2851 3653 probavit.
2942 3571 3020 3639 Si
3080 3575 3294 3640 exitus
3359 3575 3557 3640 fuerit
3614 3598 3695 3641 ex
3753 3587 3936 3655 voto,
4005 3575 4215 3640 laetus
4273 3573 4354 3638 ad
4414 3583 4480 3639 te

2530 3658 2825 3722 veniam:
2888 3659 2991 3724 sin
3036 3662 3273 3739 minus,
3337 3672 3409 3724 ut
3453 3674 3704 3745 partem
3752 3662 3993 3727 doloris
4038 3660 4207 3745 apud
4253 3673 4318 3725 te
4362 3681 4479 3724 ex-

2532 3764 2812 3810 onerem.
2879 3745 3064 3825 Vale,
3111 3748 3353 3829 optime
3396 3758 3459 3813 et
3506 3749 3922 3832 integerrime
3957 3748 4177 3813 frater.
4246 3746 4484 3810 Domi-

2532 3850 2660 3980 ffiis
2706 3851 2961 3913 semper
3006 3832 3122 3896 tibi
3169 3832 3354 3911 adsit,
3412 3843 3477 3899 te
3523 3835 3842 3919 gubernet
3886 3855 3960 3898 ac
4006 3843 4283 3898 tueatur.
4383 3837 4479 3896 19.

2610 3918 2759 3981 artii
2812 3921 2990 3981 1555.

3371 4057 3653 4122 Ioannes
3696 4056 4016 4121 Calvinus
4059 4071 4227 4121 tuus.
4255 4060 4306 4132 ⁸)

2534 4240 2714 4297 2150.
2745 4243 2800 4306 1)
2840 4240 2917 4296 N.
2950 4239 3090 4295 2144
3123 4249 3231 4298 not.
3276 4245 3319 4298 1.

2740 4308 2801 4374 2)
2838 4310 2957 4364 ibid

2636 4451 2646 4461 ι
2724 4376 2804 4459 ,3)
2841 4352 2992 4433 Beea
3042 4382 3257 4434 nomini
3320 4383 3379 4434 in
3432 4382 3773 4450 autographo
3826 4382 4119 4436 cancellato
4172 4383 4242 4435 N.
4292 4399 4483 4451 super-

2532 4453 2802 4581 wnpmd)
2838 4516 2968 4598 ibid
3004 4524 3113 4571 not.
3148 4515 3201 4570 9..
3277 4517 3599 4597 Raetextue
3641 4525 3819 4572 tamen
3850 4535 3960 4600 guo
4007 4521 4195 4574 consta
4227 4521 4485 4576 utebatur

2531 4587 2697 4654 plane
2731 4584 2921 4653 leualu
2956 4592 3075 4641 erat
3108 4602 3207 4641 nee
3238 4585 3532 4655 quidquam
3569 4593 3759 4641 contra
3796 4588 3910 4642 diet
3939 4595 4167 4656 poterat.

2737 4651 2797 4722 5)
2833 4651 3108 4709 Calendae
3124 4657 3345 4723 Apriles
3378 4657 3439 4708 in
3477 4655 3614 4708 diem
3640 4655 3835 4712 Lunae
3870 4657 4196 4722 incidebant,
4232 4659 4329 4728 qui
4360 4660 4483 4713 dieu

2535 4737 2683 4804 sane·
2703 4725 3030 4806 commodior
3064 4730 3184 4778 erat
3223 4740 3382 4794 quam
3425 4740 3580 4793 quem
3626 4740 3694 4778 ex
3731 4724 3804 4778 N.
3841 4724 3995 4788 2147,
4043 4733 4151 4780 not.
4187 4725 4223 4779 3
4263 4727 4485 4793 efficies,

2532 4792 2914 4985 ἷωίξῖεὶκ
2948 4862 3289 4931 αυωρναρήο
3323 4862 3568 4916 abscissa
3603 4864 3928 4932 subscriptio
3962 4879 3999 4916 a
4048 4864 4333 4920 farreum
4366 4880 4480 4942 ser-

2628 4946 2665 4983 a
2699 4946 2755 4984 es
2778 4971 2791 4984 .
