4850 6200
350 454 462 517 313

348 638 422 704 de
463 637 623 704 suist
674 639 960 723 pumiles
1010 648 1078 704 et
1129 639 1388 723 esoript,
1431 638 1608 705 Aius
1649 658 1852 724 aveeq
1895 662 2017 708 vos
2073 643 2278 710 freres

345 724 738 803 Chrestiens,
801 726 1161 792 serviteurs
1223 734 1292 791 et
1353 725 1694 792 ministres
1755 726 1839 791 de
1901 726 1969 793 16
2029 729 2281 797 sainote

343 809 580 894 puelle
640 809 725 876 de
779 810 958 879 Dien
1018 815 1208 877 vivre
1272 812 1635 877 entretenir
1700 811 2163 895 paisiblement
2213 826 2284 881 et

342 895 835 962 unanimement
886 919 973 963 en
1014 897 1169 963 Iesu
1210 895 1442 963 Christ
1480 906 1709 962 nostre
1761 898 1908 964 seul
1949 896 2283 966 Saulvenr

343 990 453 1047 ete.
519 980 740 1065 lequel
803 984 1029 1066 prions
1091 1004 1134 1049 a
1203 1001 1280 1048 ee
1341 1003 1507 1049 vous
1585 981 1840 1049 donner
1915 1006 1990 1050 66
2065 1006 2280 1071 grase.

341 1064 586 1132 Datum
638 1074 735 1131 17.
778 1068 1151 1136 Novembre
1201 1073 1380 1135 1554.

1121 1358 1518 1373 mou——

1192 1598 1387 1671 2047.

526 1751 655 1819 LE
699 1736 1010 1819 61111111
1053 1753 1180 1820 DE
1224 1753 1540 1820 BERNE
1587 1753 1714 1821 Au
1757 1738 2065 1823 samm

387 1873 396 1883 ·
1014 1856 1143 1923 1111
1187 1841 1594 1925 aunam.

494 2025 2280 2113 Ilprotesoedesondesirdeoonsmorlapaioe

326 2111 947 2197 maleam,
1017 2114 2279 2198 declarequ’ilapmdoemoeures

318 2198 1266 2286 ponorl’assurerdesonedte
1320 2200 2278 2285 ctissimqu’aameveon

325 2288 412 2351 ait
454 2286 498 2350 ὰ
541 2307 620 2352 en
656 2285 826 2367 faire
867 2291 1106 2352 auctam.

328 2457 621 2521 (Λα-,1111166
674 2458 743 2510 de
790 2457 988 2512 Ber-ne.
1037 2456 1251 2513 Welsoh
1297 2457 1735 2512 Missiven-Bneh
1781 2458 1846 2512 D.
1893 2459 1985 2514 sol.
2032 2456 2102 2513 29
2145 2475 2278 2513 aveo

347 2534 488 2581 cette
525 2527 878 2596 inscription:
920 2524 1141 2596 Genu-ff.
1196 2525 1461 2582 Calvinus
1495 2527 1802 2597 66161πὺ6119
1831 2528 2242 2596 predicat-ten.)

489 2698 742 2766 Nobles
818 2708 941 2765 eto.
1050 2698 1237 2765 Nous
1315 2719 1519 2765 avons
1598 2699 2016 2785 aujourdhuy
2092 2699 2276 2783 prins

329 2785 573 2852 devant
638 2806 803 2850 nous
846 2782 1050 2869 yeulx
1095 2805 1258 2851 vous
1321 2784 1549 2850 lettres
1606 2784 1858 2852 dattees
1913 2786 1975 2851 16
2033 2786 2276 2853 6666611

326 2891 518 2956 aussy
565 2869 733 2938 66116
767 2868 883 2937 des
923 2871 1261 2937 ministres
1303 2869 1386 2936 de
1431 2880 1649 2937 vostre
1689 2871 1921 2956 Eglise
1964 2870 2045 2936 de
2086 2882 2277 2955 quat-

323 2959 595 3024 triesme
659 2954 963 3023 deetobre
1026 2956 1514 3023 dernierement
1537 2961 1590 3036 ¹)
1659 2977 1850 3041 passe
1864 3008 1882 3037 ,
1959 2957 2278 3024 touchant

324 3043 418 3110 les
457 3042 786 3128 plaintiffz
826 3062 955 3127 que
996 3042 1228 3110 faiotes
1271 3041 1585 3110 (1611161166
1618 3063 1788 3110 116116
1830 3043 2165 3110 ministres
2208 3055 2279 3109 et

324 3131 651 3214 soubjeetz
692 3127 1025 3196 blasmans
1079 3140 1149 3195 et
1188 3129 1538 3195 diffamans
1578 3129 1677 3197 les
1718 3141 1991 3209 vostros,
2048 3131 2275 3215 singu-

322 3215 672 3283 lierement
711 3217 980 3282 maistre
1019 3214 1230 3281 Iehan
1277 3214 1500 3282 Calvia
1540 3217 1738 3283 611666
1788 3215 2191 3283 redundante
2234 3237 2276 3282 a

321 3300 532 3387 grand
568 3299 876 3368 seandalo
911 3308 978 3366 et
1010 3301 1315 3385 vitupere
1350 3300 1431 3369 de
1463 3302 1809 3388 levangile‚
1845 3323 2014 3369 nous
2047 3302 2275 3385 prians

321 3410 364 3472 y
406 3385 737 3454 remedier
779 3399 847 3452 et
886 3397 1130 3454 mettre
1172 3386 1367 3453 ordre
1411 3390 1774 3454 neeessaire
1815 3397 1884 3455 et
1926 3410 2011 3454 en
2053 3402 2273 3454 seurte

319 3474 675 3557 pom-venir
730 3494 856 3558 que
910 3473 1003 3538 tel
1060 3472 1368 3540 desordre
1424 3496 1509 3540 ne
1553 3494 1755 3559 regne
1798 3496 1883 3541 en
1925 3496 2047 3541 nez
2173 3496 2271 3561 ys.

322 3558 417 3626 Or
483 3568 728 3646 ayants
794 3560 944 3626 bien
1009 3558 1335 3626 entenduz
1400 3560 1496 3626 les
1559 3569 1882 3626 oontenuz
1952 3559 1995 3626 d
2117 3563 2274 3627 'etes

321 3645 551 3712 lettres
608 3653 679 3711 et
717 3644 785 3709 la
828 3647 1103 3712 matiere
1138 3644 1494 3731 eonsydere
1631 3668 1712 3712 ur
1754 3666 2066 3730 responee
2107 3667 2275 3714 vous

321 3732 697 3817 signiffions
720 3751 849 3814 que
883 3752 1169 3798 summes
1204 3741 1340 3798 tres
1376 3667 1812 3816 despffisants
1847 3739 1914 3798 et
1947 3752 2029 3796 66
2067 3753 2275 3799 avons

319 3839 396 3902 sy
435 3816 668 3903 'grand
723 3827 943 3902 regret
992 3839 1118 3901 que
1175 3839 1310 3883 666
1365 3816 1542 3901 plus,
1607 3839 1776 3903 pour
1832 3818 2088 3884 aultant
2146 3839 2274 3902 que

318 3905 649 3970 tonsiours
705 3925 908 3970 avons
963 3903 1189 3970 taehez
1233 3911 1299 3968 et
1341 3904 1676 3990 employez
1729 3911 1911 3969 toute
1953 3904 2276 3988 diligenee

319 3989 732 4056 dentretenir
787 3991 943 4074 paix
992 3990 1196 4056 union
1252 3987 1690 4055 Chrestienne
1743 3990 2151 4074 tranquillite
2207 3997 2277 4055 et

315 4095 509 4160 repes
566 4075 653 4142 de
708 4075 937 4160 leglise
990 4075 1072 4141 de
1115 4083 1339 4142 nostre
1381 4078 1709 4161 seigneur,
1768 4085 1837 4141 et
1881 4096 1921 4140 a
1964 4095 2037 4141 66
2080 4078 2275 4143 effeot

318 4163 647 4245 reprimes
691 4169 761 4226 et
793 4158 1139 4227 deffenduz
1174 4182 1295 4244 par
1329 4161 1534 4228 ediotz
1569 4171 1636 4227 et
1669 4161 2273 4229 eommandemeuts

317 4268 559 4332 expres
604 4255 854 4313 touttes
896 4245 1332 4331 disputatione
1376 4269 1578 4332 agnes
1622 4246 2079 4316 seandaleuses
2123 4247 2273 4315 doe·

316 4335 525 4401 trines
566 4333 813 4399 faulses
853 4354 1198 4418 pel-verses
1252 4340 1319 4399 et
1372 4334 1695 4414 novelles,
1755 4354 1946 4420 aussy
2008 4334 2106 4400 les
2153 4355 2271 4417 pa-

317 4421 518 4486 rolles
581 4419 787 4484 livres
850 4431 918 4486 et
979 4421 1144 4487 esori
1193 4430 1255 4484 ts
1320 4418 1816 4498 diffamatoires,
1882 4422 2273 4487 suscitantes

319 4507 676 4588 questions,
719 4506 956 4585 noises,
1000 4513 1148 4571 trou
1193 4506 1307 4586 les,
1363 4504 1692 4585 differens,
1736 4507 2162 4583 contentione,
2206 4513 2274 4572 et

318 4612 390 4657 66
432 4612 606 4676 pour
648 4601 1084 4658 avaneement
1124 4603 1193 4657 et
1234 4601 1673 4658 entretement
1693 4594 1729 4628 ⁵
1770 4589 1852 4657 de
1893 4592 1962 4657 la
2001 4612 2165 4676 pure
2205 4604 2273 4658 et

317 4677 556 4761 simple
612 4676 907 4744 doctrine
962 4674 1044 4742 de
1085 4676 1286 4744 Ihesu
1332 4676 1562 4744 Christ
1617 4689 1840 4744 nostre
1897 4679 2037 4744 seul
2092 4678 2271 4745 saul-

318 4784 508 4830 16111.
595 4763 691 4828 Et
731 4761 934 4828 devez
977 4772 1152 4829 estre
1194 4783 1494 4828 asseurez
1546 4784 1676 4848 qne
1720 4785 1760 4829 a
1800 4762 1998 4848 layde
2040 4773 2108 4829 et
2151 4786 2273 4848 par

317 4848 381 4912 la
423 4870 626 4935 grace
659 4847 740 4914 de
775 4848 949 4914 Dieu
991 4850 1321 4916 tousiours
1365 4848 1830 4916 demourerons
1872 4870 1955 4915 en
2000 4871 2073 4917 66
2117 4872 2273 4917 6611-

318 4943 507 5002 stans
560 4957 728 5002 vous
780 4936 1499 5003 tresaffeetueusement
1549 4937 1775 5019 prians
1840 4956 1924 5002 66
1987 4937 2272 5004 eharitte

318 5019 764 5088 Chrestienne
809 5042 976 5088 vous
1031 5020 1493 5088 admonestans
1534 5043 1662 5105 que
1705 5021 1787 5087 de
1829 5035 2052 5089 vostre
2094 5032 2270 5090 ooste

321 5312 598 5379 26411)
640 5313 719 5368 N.
752 5310 906 5366 2020.
947 5341 1011 5351 -
1049 5312 1210 5367 Nous
1242 5329 1416 5369 avons
1447 5310 1573 5380 ddja
1619 5315 1703 5368 dit
1746 5331 1850 5385 que
1881 5314 2007 5370 aelle
2037 5314 2114 5368 da
2147 5331 2274 5370 con·

318 5383 421 5438 6611
452 5397 526 5436 ne
557 5383 683 5438 e’est
709 5397 819 5452 pas
849 5382 1140 5438 retrouvee.

2041 458 2206 519 1554
2237 450 2659 541 Novssmffl.
2722 504 2729 513 .

4202 456 4329 523 su

2383 659 2549 707 vous
2589 662 2639 724 y
2682 647 2921 707 mettez
2967 638 3094 705 bon
3137 639 3330 706 ordre
3344 640 3406 722 ²)
3449 660 3818 724 pourvoyes
3850 648 3919 705 et
3950 661 3992 706 a
4037 661 4108 706 es
4141 639 4330 707 advis

2382 747 2510 810 que
2551 746 2719 792 vous
2760 733 2828 792 et
2858 745 3027 792 vous
3069 725 3404 792 ministres
3438 746 3560 810 par
3592 726 3768 791 leurs
3801 746 3960 810 paro
4011 746 4083 792 es
4126 724 4330 792 livres

2382 811 3327 981 wissemffffsffssfflfflss
3370 819 3949 964 3316166
3975 811 4332 964 ...m

2382 983 2697 1067 Esglises,
2736 1004 2819 1048 ne
2854 982 3126 1050 auleuns
3160 982 3242 1048 de
3274 1003 3442 1051 nous
3476 983 3818 1062 soubieotz,
3854 983 4002 1048 6166
4035 984 4336 1050 tiennent

2383 1077 2453 1134 et
2495 1069 2902 1135 embrassent
2954 1090 3208 1135 oomme
3269 1071 3592 1135 membres
3635 1068 3718 1134 de
3751 1067 3957 1136 Ihesu
3997 1067 4228 1136 Ohrist
4266 1080 4337 1135 et

2383 1154 2595 1221 frems
2647 1154 3051 1222 Chrestiens.
3152 1154 3259 1220 En
3331 1175 3505 1239 quoy
3563 1153 3646 1220 de
3703 1162 3928 1221 nostre
3968 1165 4179 1221 eostez
4239 1175 4335 1239 ny

2383 1260 2548 1306 aura
2593 1242 2795 1308 faulte
2830 1242 3003 1307 Dieu
3045 1241 3313 1325 aydant,
3370 1239 3585 1324 lequel
3641 1241 3866 1323 prions
3921 1260 4048 1321 que
4092 1261 4210 1323 par
4253 1261 4327 1306 sa

2432 1347 2581 1393 raee
2638 1349 2720 1394 en
2779 1347 2855 1394 66
2913 1348 2956 1392 6
3008 1348 3172 1393 vous
3215 1335 3284 1392 et
3327 1347 3368 1391 a
3419 1347 3584 1393 66116
3627 1325 3929 1392 venilliez
3950 1328 3986 1362 ⁶
4041 1326 4322 1393 assister.

2492 1420 2632 1478 tum
2688 1416 2779 1477 17.
2826 1411 3214 1478 Novembris
3260 1417 3439 1477 1564.

3086 1548 3425 1636 Ladvoyer
3466 1556 3533 1616 et
3576 1546 3838 1615 Oonseil
3884 1549 3965 1616 de
4006 1549 4239 1616 Berne.

3136 1843 3543 1853 ...ψη-

3252 2097 3453 2171 2⁰48.

2756 2250 3260 2321 HALLERUS
3306 2251 3941 2321 BULLINGERO.

2553 2424 2771 2491 Novae
2829 2428 2885 2489 et
2936 2425 3157 2492 variae
3224 2445 3305 2490 ex
3356 2444 3482 2490 saa
3536 2425 3799 2507 Africa,
3869 2446 4061 2509 quam
4134 2434 4323 2509 vocat,

2378 2509 2713 2579 molestiae.
2816 2509 3112 2575 Primam
3169 2509 3652 2576 Lausannenses
3712 2511 3912 2576 denuo
3955 2533 4077 2595 pro
4133 2513 4327 2582 disci-

2369 2595 2563 2679 plina
2621 2598 2921 2662 instantes
2977 2600 3034 2661 61
3084 2596 3284 2661 denuo
3337 2595 3657 2677 repulsam
3712 2597 3987 2678 ferentes
4074 2598 4323 2669 Deinde

2384 2680 2844 2763 Sampaalinas
2899 2701 3039 2747 eam
3096 2701 3249 2747 novo
3303 2685 3572 2749 tractatu
3627 2681 3705 2747 de
3735 2683 4320 2764 praedestinatione.

2386 2768 2551 2833 Tum
2622 2766 2873 2833 Calvini
2944 2767 3228 2850 querelae
3300 2768 3378 2833 de
3450 2768 3591 2833 suis
3653 2766 4204 2836 calumniatoribus
4267 2778 4324 2838 d

2380 2853 2631 2920 Bolseoi
2683 2851 3183 2919 maehinationes.
3285 2853 3433 2918 Iam
3485 2858 3542 2918 et
3595 2872 3673 2917 ex
3725 2852 4107 2936 Defensione
4166 2855 4323 2923 Gon-

2379 2959 2601 3006 361666
2650 2940 3015 3005 Turicensis
3055 2958 3250 3006 novae
3292 2939 3579 3024 ambayes
3620 2940 3893 3006 oriturae
3934 2940 4236 3008 videntur.

2378 3111 2493 3180 (Ex
2540 3111 2878 3182 autographo
2911 3111 3073 3166 Aroh.
3119 3110 3297 3166 Turio.
3336 3111 3480 3165 Plut.
3520 3111 3611 3166 VI.
3648 3111 3769 3167 Vol.
3804 3109 3931 3178 154,
3979 3113 4109 3167 olim
4152 3115 4323 3170 86116.

2607 3180 2669 3234 Β.
2706 3180 2846 3251 Epp.
2881 3179 3035 3235 Tom.
3070 3177 3155 3248 32,
3192 3180 3284 3236 fol.
3317 3178 3436 3234 204.
3476 3207 3537 3218 —
3576 3180 3792 3236 Simler.
3830 3181 3955 3235 Vol.
3986 3178 4121 3248 83.)¹

2551 3350 2933 3420 Clarissimo
2974 3355 3121 3420 viro
3161 3352 3244 3419 D.
3268 3353 3658 3439 Heinryeho
3695 3352 4080 3439 Bullingero
4124 3356 4326 3442 'Pigu-

2375 3439 2563 3505 rinae
2617 3438 2926 3506 eeclesiae
2977 3442 3227 3524 pastori
3281 3438 3658 3506 fidelissimo
3717 3439 3979 3506 domino
4033 3461 4110 3507 ae
4149 3461 4327 3509 eom-

2374 3526 2547 3608 patri
2588 3527 2925 3593 carissimo
2968 3546 3104 3592 suo.

3906 3611 4154 3697 Tiguri.

2547 3745 2618 3814 S.
2685 3747 2855 3815 Novi
2893 3746 3061 3813 nihil
3094 3746 3415 3814 habemus
3436 3748 3564 3813 nisi
3598 3747 3771 3833 quod
3806 3756 4034 3816 nostra
4067 3771 4325 3836 semper

2374 3830 2564 3899 nobis
2622 3835 2777 3899 novi
2820 3833 3062 3918 aliquid
3108 3834 3302 3900 affert
3346 3834 3584 3899 Africa.
3684 3834 3904 3902 Fuere
3959 3834 4066 3902 1116
4121 3837 4325 3922 legati

2374 3919 2602 3987 elassis
2644 3919 3137 3986 Lausannensis
3178 3920 3456 3986 Iacobus
3513 3919 3810 3987 Valerius
3851 3929 3918 3986 et
3939 3920 4321 3988 Theodorus

2375 4004 2556 4072 Besa
2579 4004 2632 4092 ¹)
2691 4008 2800 4090 qui
2856 4007 3245 4090 gravissime
3309 4002 3429 4090 pro
3486 4006 3832 4090 disciplina
3887 4006 4323 4075 eoelesiastioa

2374 4091 2728 4159 obtinenda
2792 4102 2859 4157 et
2922 4092 3327 4157 instituenda
3383 4090 3785 4158 laborarunt.
3875 4091 4010 4158 Sed
4053 4094 4319 4175 frustra,

2375 4187 2454 4243 ut
2495 4188 2688 4243 antea
2728 4199 2937 4261 saepe.
3020 4179 3392 4244 'Pentarunt
3431 4178 3634 4258 varia,
3681 4198 3959 4263 quorum
4005 4180 4320 4262 quaedam

2373 4264 2531 4329 boni
2595 4265 2874 4347 speeiem
2942 4264 3187 4331 habent
3251 4265 3592 4348 optimam,
3661 4273 3729 4328 et
3791 4264 4016 4329 eximii
4071 4266 4321 4332 fi-uetus

2374 4372 2406 4416 s
2454 4369 2557 4414 em
2602 4370 2759 4433 prae
2802 4371 2872 4416 se
2916 4350 3153 4415 ferunt.
3246 4350 3397 4415 Alia
3439 4370 3625 4430 vero,
3682 4369 3827 4415 meo
3872 4349 4127 4429 iudioio,
4185 4371 4320 4416 non

2373 4457 2412 4501 6
2530 4456 2647 4501 1116
2707 4436 3130 4521 tyrannidem
3185 4456 3413 4519 sapere
3455 4433 3783 4501 videntur.
3873 4436 3962 4500 Et
4019 4437 4318 4519 quamvis

2374 4519 2455 4588 de
2509 4520 2698 4588 bonis
2750 4522 2878 4587 illis
2920 4522 3084 4588 viris
3139 4522 3380 4605 optime
3437 4542 3712 4603 sperem,
3773 4530 3993 4587 tamen
4043 4523 4320 4606 posteri-

2374 4616 2577 4674 tatem
2636 4606 2912 4674 subinde
2966 4609 3152 4673 bonis
3210 4607 3532 4674 institutis
3596 4606 3973 4673 abutentem
4036 4608 4318 4691 pessime

2372 4694 2776 4777 pertimesco.
2843 4692 3043 4770 Nihil,
3089 4701 3168 4759 ut
3199 4692 3359 4773 dixi,
3401 4693 3855 4776 impetrarunt.
3922 4692 4324 4759 minitantur

2373 4800 2568 4858 61166,
2629 4779 2939 4863 quoniam
2983 4779 3419 4864 legationibus
3474 4779 3642 4845 nihil
3684 4779 4044 4864 proficiant,
4100 4800 4170 4845 se
4222 4780 4318 4846 sio

2370 4865 2763 4931 liberaturos
2807 4886 2959 4932 suas
3013 4868 3463 4946 conscientias,
3520 4876 3597 4932 ut
3653 4864 3921 4931 tandem
3961 4885 4082 4950 pro
4125 4886 4321 4933 eausa

2373 4950 2650 5017 dioenda
2708 4952 3003 5018 accersiti
3069 4952 3453 5032 audiantur,
3521 4954 3632 5035 qui
3688 4973 3863 5018 61166
3917 4950 4131 5018 audiri
4182 4972 4316 5018 666

2580 5245 2640 5312 2)
2675 5245 2814 5299 Avis
2847 5261 2922 5299 au
2954 5245 3164 5300 leam.

2374 5313 2648 5379 2048.ss
2686 5312 2778 5367 De
2821 5314 2926 5368 hae
2965 5314 3233 5384 leyatione
3280 5313 3432 5366 Besa
3467 5312 3538 5365 N.
3562 5308 3718 5364 2040.
3802 5310 4063 5366 Halteras
4105 5313 4223 5380 ipse
4254 5313 4317 5365 in

2376 5383 2604 5452 Ephem.
2642 5383 2708 5437 de
2741 5384 2831 5437 his
2862 5383 3017 5438 siha.
