4850 6200
417 419 542 484 65⁷

1290 602 1493 672 22³0.

835 754 1371 825 GALLAsms
1402 760 1453 841 ¹)
1499 752 1939 822 cALvmo,

592 931 670 997 Si
708 931 867 1013 forte
894 927 1198 997 Calvi-uas
1239 930 1311 993 in
1360 927 1649 993 Psalmos
1669 926 2175 994 commentarium
2195 925 2370 990 edere

414 1019 693 1097 voluer-it,
736 1017 798 1083 ei
839 1036 999 1098 quae
1040 1017 1178 1097 ipse
1218 1036 1294 1080 ex
1328 1014 1844 1096 moremepit
1883 1012 2084 1078 tradet
2124 1015 2194 1075 ut
2234 1009 2369 1076 illis

416 1105 1037 1188 wasiani-rutatum
1084 1096 2365 1182 Invitateumadbaptismmpumsui.

708 1273 819 1340 (Ex
856 1271 1193 1342 autographo
1226 1270 1355 1326 Ood.
1393 1271 1631 1326 Gothani
1664 1269 1787 1338 405,
1822 1270 1913 1324 fol.
1949 1266 2062 1335 28.)

588 1445 969 1513 Clarissimo
1015 1444 1161 1509 viro
1196 1445 1281 1510 D.
1303 1444 1539 1510 Ioanni
1563 1441 1844 1509 Calvino
1887 1440 2197 1507 ecclesiae
2239 1439 2369 1504 Dei

417 1532 923 1617 vigilantissimo
959 1531 1205 1613 pastori
1237 1531 1408 1614 patri
1453 1550 1528 1595 ac
1573 1527 1975 1611 praeceptori
2018 1527 2369 1593 observan-

420 1618 705 1685 dissimo.

1865 1699 2196 1765 Genevae.

589 1873 661 1941 S.
740 1872 1118 1940 Statueram
1164 1873 1338 1955 apud
1383 1885 1448 1938 te
1501 1872 1867 1954 relinquere
1902 1891 2069 1953 quae
2112 1892 2195 1935 ex
2240 1868 2372 1934 tuis

420 1961 809 2027 lectionibus
853 1961 1084 2042 excepi
1127 1960 1195 2024 in
1230 1959 1532 2025 Psalmos
1554 1955 1849 2023 Davidis.
1870 1958 1926 2035 ²)
1991 1953 2127 2022 Sed
2173 1954 2375 2020 variis

422 2044 699 2113 subinde
746 2045 1023 2130 negotiis
1067 2044 1398 2112 districtus
1416 2066 1549 2109 non
1593 2044 1880 2107 memini.
1962 2042 2023 2107 N
2027 2063 2155 2107 unc
2197 2060 2373 2117 vero,

423 2131 595 2217 quod
629 2152 843 2215 nuper
862 2130 947 2196 ad
968 2130 1286 2213 spondam
1305 2131 1458 2197 lecti
1491 2132 1561 2194 in
1582 2127 1893 2194 cathedra
1926 2136 2040 2193 tua
2063 2126 2376 2192 vidissem

421 2218 741 2285 nonnulla
782 2237 948 2302 quae
1003 2217 1158 2282 olim
1216 2218 1286 2281 in
1341 2214 1602 2283 eosdem
1647 2214 1947 2281 Psalmos
2003 2214 2374 2295 scripseras,

423 2303 585 2370 181111
625 2305 696 2369 18
717 2316 1008 2370 mentem
1050 2303 1236 2369 venit
1278 2312 1342 2368 te
1362 2322 1633 2368 manum
1670 2301 1823 2365 huic
1843 2300 2026 2383 operi
2067 2298 2378 2364 adhibere

422 2390 609 2457 velle.
693 2389 1136 2471 Quamobrem
1181 2388 1443 2454 differre
1490 2387 1667 2453 nolui
1712 2386 1872 2469 quin
1914 2407 2062 2450 mea
2103 2405 2376 2468 quoque,

423 2487 539 2542 aut
600 2477 814 2559 potius
876 2496 1044 2560 quae
1098 2476 1214 2542 abs
1271 2486 1334 2539 te
1391 2474 1618 2549 habac,
1677 2472 1759 2537 ad
1815 2488 1881 2536 te
1924 2472 2273 2547 mitterem,
2319 2469 2377 2534 si

423 2564 526 2627 cui
549 2561 666 2627 tibi
690 2562 840 2627 usui
879 2582 1024 2626 esse
1060 2572 1173 2625 aut
1196 2561 1485 2626 laborem
1513 2570 1703 2624 tuum
1733 2557 2077 2623 sublevare
2100 2556 2370 2639 possint.

593 2648 979 2731 Baptismus
1043 2647 1253 2730 pueri,
1319 2666 1449 2729 quo
1502 2667 1606 2710 me
1663 2643 1984 2709 Dominus
2043 2643 2247 2719 auxit,
2292 2640 2374 2706 ob

424 2732 863 2799 valetudinem
910 2732 986 2797 D.
1034 2732 1289 2798 Budaei
1332 2753 1541 2815 usque
1583 2732 1654 2795 in
1699 2729 1869 2795 diem
1912 2728 2091 2794 Iovis
2136 2725 2376 2791 dilatus

426 2827 542 2885 est.
627 2819 779 2901 Quo
824 2818 928 2884 die
971 2840 1093 2903 ego
1137 2828 1204 2884 te
1255 2817 1500 2895 adesse,
1559 2814 1730 2900 quod
1774 2816 1917 2880 8188
1969 2810 2377 2878 incommodo

425 2916 535 2971 tuo
578 2908 713 2983 fiat,
758 2924 1154 2989 magnopere
1202 2905 1456 2969 vellem.
1495 2903 1577 2967 D.
1607 2900 1677 2966 F
1668 2901 1950 2977 arellam,
1975 2920 2170 2982 quem
2202 2899 2375 2964 istuc

427 3012 564 3057 esse
606 2989 819 3071 audio,
843 2994 897 3075 ⁸)
944 3012 1088 3056 meo
1122 2991 1383 3056 nomine
1427 3008 1665 3072 quaeso
1708 2986 1939 3053 saluta.
1985 2986 2171 3051 Bene
2206 2983 2371 3050 vale.

436 3081 526 3142 16.
570 3077 747 3144 Iunii
801 3081 978 3142 1555.

1566 3159 1713 3225 Tibi
1760 3157 2203 3225 deditissimus

1533 3246 1844 3311 Nicolaus
1889 3243 2242 3310 Gallasius.

1198 3539 1605 3550 -----

1304 3757 1494 3828 2281.

890 3894 1364 3964 GAJNINUS
1411 3893 1920 3961 GARNERIO.

599 4069 675 4134 Si
717 4091 819 4136 res
848 4069 1267 4169 ‘Aryentorati
1311 4070 1475 4134 male
1515 4070 1827 4133 cesserunt
1868 4065 2080 4148 ipsum
2129 4065 2372 4130 Game-

427 4157 592 4222 rimn
634 4177 758 4223 non
799 4176 940 4222 eme
980 4154 1167 4237 culpa
1206 4155 1409 4237 fuisse
1449 4154 1629 4219 docet.
1719 4150 1939 4216 Etiam
1975 4150 2052 4217 ab
2097 4151 2375 4217 Alexan-

424 4242 537 4308 dro
577 4243 704 4308 sibi
743 4262 955 4309 cavere
1011 4261 1137 4307 non
1169 4240 1282 4307 abs
1322 4260 1392 4305 re
1434 4240 1567 4304 erit.

2234 414 2395 477 1555
2437 410 2623 478 IUN.

2419 633 2425 719 l

2420 1306 2427 1321 >
2471 1286 2594 1351 tibi
2638 1293 2811 1352 esset
2871 1284 3149 1369 gradum
3206 1284 3510 1367 recipere.

4293 414 4422 479 658

2470 600 2667 664 tionis
2689 600 3084 681 flagitarent.
3125 599 3251 664 etsi
3291 601 3362 663 in
3401 620 3478 664 eo
3513 600 3770 682 culpam
3806 600 4244 685 negligentiae
4287 620 4424 666 8011

2468 706 2739 768 prorsus
2779 683 3090 767 deprecor
3133 685 3238 750 vel
3274 705 3531 760 excuso,
3560 696 3782 751 tamen
3824 694 4000 752 certe
4042 707 4428 770 persuasum

2469 770 2590 835 tibi
2634 791 2778 836 esse
2822 769 3038 847 velim,
3083 791 3159 835 88
3204 771 3373 836 bona
3429 771 3555 835 fide
3614 780 3835 848 testor,
3884 774 4168 855 quadam
4203 773 4422 855 potius

2467 856 2713 923 doloris
2779 857 3086 921 societate
3163 877 3361 938 quam
3427 857 3730 940 neglectu
3807 878 3912 922 me
3977 878 4018 922 a
4080 859 4422 924 scribendo

2469 944 2673 1008 fuisse
2714 952 3063 1007 retentum.
3155 942 3325 1007 Nam
3384 943 3506 1007 etsi
3563 944 3853 1026 graviter
3893 944 4288 1029 indigneque
4329 945 4424 1009 fe-

2471 1027 2695 1094 rebam
2761 1038 2827 1093 te
2891 1029 2962 1092 iu
3021 1028 3207 1093 Petri
3279 1027 3639 1093 Almandri
3695 1050 3889 1094 causa
3943 1030 4424 1096 inconsiderate

2471 1115 2699 1197 egisse,
2727 1120 2774 1188 ¹)
2817 1134 2951 1178 non
2997 1123 3217 1177 tamen
3262 1114 3453 1178 aliter
3495 1113 3617 1179 tibi
3658 1135 3855 1196 quam
3899 1116 4066 1180 mihi
4118 1117 4186 1180 in
4237 1116 4251 1129 “

2471 1200 2608 1265 bar.
2717 1198 3041 1265 Videbam
3100 1220 3176 1264 eo
3247 1211 3313 1262 te
3375 1200 3748 1282 prolapsum
3805 1200 3977 1266 unde
4032 1222 4166 1267 non
4231 1202 4422 1268 facile

3598 1286 3915 1361 Libenter
3959 1307 4108 1352 cum
4153 1287 4424 1371 reliquis

2471 1372 2701 1437 amicis
2743 1380 3018 1435 conatus
3061 1391 3270 1435 essem
3315 1370 3470 1436 huic
3527 1372 3729 1435 errori
3771 1370 4036 1450 mederi,
4082 1372 4193 1439 sed
4239 1373 4425 1439 nulla

2471 1458 2639 1522 ratio
2703 1457 2890 1523 nobis
2951 1456 3307 1522 constabat.
3379 1456 3665 1520 Fueram
3734 1466 3956 1522 autem
4014 1458 4094 1523 de
4137 1459 4425 1541 periculo

2472 1542 2644 1626 quod
2687 1541 3108 1625 impendebat
3160 1540 3496 1626 aliquanto
3540 1552 3694 1608 ante
3736 1542 4123 1609 admonitus.
4213 1545 4425 1610 Porro

2470 1651 2670 1712 quum
2715 1649 2835 1712 ego
2879 1640 3094 1693 tecum
3129 1627 3298 1692 mihi
3319 1627 3634 1711 quidquid
3667 1629 3826 1694 mali
3867 1629 4035 1695 foret
4077 1651 4422 1696 commune

2473 1736 2616 1779 esse
2682 1714 2985 1779 ducerem
3003 1765 3017 1791 ‚
3082 1734 3211 1778 808
3278 1733 3508 1795 8811118
3575 1715 3909 1781 8188181181
3976 1738 4220 1782 novam
4283 1739 4423 1782 mo-

2474 1802 2732 1865 lestiam
2774 1808 2894 1864 tua
2956 1799 3150 1883 culpa
3213 1799 3330 1864 tibi
3396 1801 3744 1865 conflatam
3789 1821 3947 1867 esse.
4027 1803 4198 1867 Nam
4248 1803 4424 1886 quod

2477 1907 2688 1969 nuper
2709 1884 3015 1972 accidit‘2)
3060 1907 3191 1950 non
3235 1886 3628 1967 interpretor
3665 1887 3734 1950 in
3769 1894 4047 1969 quatuor
4084 1887 4186 1954 vel
4233 1890 4423 1972 quin-

2478 1994 2603 2055 que
2648 1970 3044 2037 nebulonum
3087 1971 3371 2055 gratiam
3414 1970 3661 2036 factum
3695 1994 3855 2051 esse,
3901 1971 4015 2038 sed
4058 1994 4166 2039 eos
4207 1975 4317 2057 qui
4353 1976 4425 2040 in

2479 2057 2840 2123 Alexandri
2868 2077 3147 2139 persona
3171 2057 3380 2122 laesos
3402 2057 3517 2122 abs
3554 2066 3617 2121 te
3651 2078 3721 2122 se
3741 2058 4062 2140 putabant
4094 2061 4426 2143 propriam

2478 2144 2790 2208 iniuriam
2825 2143 2995 2208 ultos
3032 2164 3189 2207 8888.
3260 2141 3451 2223 Quod
3488 2153 3706 2207 aut-em
3742 2143 4103 2222 sinistrum,
4139 2145 4311 2229 quod
4346 2144 4427 2211 de

2480 2229 2593 2295 illo
2655 2228 2912 2306 dedisti,
2969 2230 3414 2293 testimonium
3469 2240 3802 2308 extenuas,
3859 2231 4113 2294 utinam
4166 2232 4260 2297 818
4321 2252 4428 2297 res

2484 2326 2556 2380 ut
2599 2313 2760 2378 dicis
2805 2315 3049 2379 fuisset.
3122 2312 3257 2379 Sed
3300 2335 3498 2397 quum
3545 2315 3899 2397 scripseris,
3947 2315 4138 2381 malis
4176 2315 4427 2382 artibus

2480 2401 2668 2466 illum
2715 2421 2785 2465 se
2840 2401 3210 2464 insinuasse
3231 2400 3283 2482 ³)
3341 2409 3417 2463 ut
3461 2406 3528 2463 18
3575 2399 3784 2463 locum
3832 2410 4020 2464 tuum
4065 2400 4426 2485 obreperet,

2483 2486 2608 2551 hac
2649 2488 2716 2550 in
2743 2497 2926 2569 parte
2947 2485 3369 2567 magistratus
3411 2506 3481 2549 se
3503 2487 3856 2567 perstringi
3903 2488 4123 2551 sensit.
4205 2487 4426 2568 Quum

2481 2574 2714 2638 scirem
2761 2571 2915 2636 11188
2973 2571 3090 2635 tibi
3147 2591 3351 2654 grave
3395 2570 3617 2634 odium
3660 2573 4011 2636 conflatum
4056 2593 4217 2649 esse,
4261 2573 4428 2637 mihi

2482 2657 2908 2723 vehementer
2965 2655 3172 2721 doluit
3220 2656 3489 2720 Tossani
3528 2656 3851 2721 illecebris
3894 2657 4185 2724 elicitum
4228 2659 4429 2724 fuisse

2482 2743 2651 2825 quod
2713 2742 2828 2808 abs
2894 2758 2958 2807 te
3019 2742 3203 2807 exire
3266 2762 3397 2805 non
3462 2742 3769 2824 oportuit.
3866 2744 4174 2826 Angebar
4229 2746 4430 2808 etiam

2482 2829 2654 2912 quod
2697 2829 2927 2894 saltem
2986 2848 3114 2892 non
3170 2827 3500 2902 olfaceres,
3557 2828 3730 2893 unde
3773 2828 3882 2892 vel
3924 2849 4051 2912 qua
4092 2831 4431 2895 occasione

2480 2915 2775 2981 infensus
2829 2914 2949 2979 tibi
3006 2921 3179 2979 esset
3240 2921 3522 2979 senatus.
3633 2914 3745 2980 Me
3789 2915 3966 2979 enim
4008 2934 4141 2980 non
4183 2915 4432 2982 latebat

2481 3001 2704 3085 quales
2769 2999 2992 3066 comiti
3058 3000 3322 3083 Georyio
3382 3000 3607 3063 literas
3668 3000 4050 3083 scripsisset.
4078 3004 4133 3079 ⁴)
4234 2999 4432 3082 Quod

2481 3088 2678 3152 etiam
2721 3088 2796 3152 in
2854 3085 3106 3152 crimen
3161 3084 3437 3150 vocabas
3493 3084 3809 3169 quaedam
3854 3093 3923 3151 et
3964 3086 4036 3152 in
4080 3085 4325 3169 Anglia
4361 3094 4432 3153 et

2481 3174 2760 3238 Weselii
2782 3173 2865 3237 ab
2889 3192 2965 3237 80
2987 3172 3177 3248 facta,
3205 3183 3503 3254 suspecta
3537 3173 3604 3236 in
3630 3194 3706 3237 80
3740 3173 3862 3238 fuit
3894 3172 4218 3240 vindictae
4253 3176 4434 3257 cupi-

2477 3258 2663 3325 ditas.
2695 3259 2893 3325 Certe
2914 3257 3339 3341 qualisqualis
3361 3269 3527 3323 esset
3538 3258 3918 3337 Alexander,
3935 3260 4090 3342 quia
4112 3267 4270 3326 tunc
4291 3279 4430 3324 non

2479 3345 2734 3412 occulta
2753 3345 2881 3409 fuit
2899 3345 3166 3409 Tne-sani
3179 3345 3250 3407 in
3265 3343 3501 3408 fratres
3522 3365 3674 3410 suos
3687 3344 4057 3424 crudelitas,
4071 3344 4275 3409 literis
4296 3345 4431 3410 tuis

2480 3433 2723 3496 armari
2767 3430 3100 3495 hominem
3145 3431 3487 3512 tyrannice
3521 3431 3919 3495 saevientem
3946 3453 4078 3496 808
4122 3433 4428 3513 oportuit.

2479 3517 2698 3601 Negas
2745 3525 2810 3581 te
2849 3516 3133 3580 scivisse.
3223 3515 3424 3597 Atqui
3483 3536 3685 3598 quum
3744 3516 3994 3581 sinistri
4055 3517 4134 3582 de
4194 3538 4270 3582 eo
4315 3538 4430 3581 vo-

2478 3604 2747 3667 litarent
2791 3621 3088 3666 rumores
3126 3602 3502 3682 praestabat
3545 3621 3691 3665 meo
3736 3602 4038 3685 exemplo
4074 3603 4428 3685 quiescere.

2482 3688 2648 3752 Nam
2694 3708 2834 3770 ego,
2892 3684 3101 3769 quoad
3148 3686 3350 3763 licuit,
3403 3708 3549 3750 eum
3612 3687 3892 3754 retinere
3946 3699 4217 3753 conatus
4260 3710 4427 3755 sum.

2479 3773 2614 3839 Sed
2667 3773 2951 3846 interim,
3019 3772 3072 3836 si
3135 3772 3341 3837 hostis
3404 3772 3592 3836 bonis
3648 3793 3789 3838 8888
3854 3783 4173 3858 pergeret,
4218 3795 4323 3839 me
4367 3776 4430 3839 ei

2477 3881 2608 3924 non
2659 3859 2792 3923 fore
2836 3858 3118 3923 amicum
3141 3859 3430 3940 ingenue
3454 3859 3779 3940 professus
3813 3880 3977 3924 sum.
4072 3860 4269 3925 Oerte
4312 3868 4429 3925 tua

2475 3943 2921 4028 imprudentia
2965 3944 3168 4008 bonae
3190 3963 3421 4008 causae
3443 3943 3905 4027 opprimendae
3950 3955 4241 4029 apertam
4287 3967 4430 4011 esse

2476 4033 2743 4095 ianuam
2787 4038 2854 4095 et
2887 4028 3053 4093 mihi
3075 4029 3379 4093 acerbum
3440 4027 3565 4093 fuit
3623 4041 3689 4095 et
3732 4032 3904 4096 veris
3928 4030 4176 4096 Christi
4220 4033 4429 4096 servis

2476 4116 2792 4182 odiosum.
2882 4115 3013 4180 Hic
3069 4122 3135 4178 te
3191 4115 3460 4181 liberius
3503 4114 3796 4200 cbiurgo,
3842 4139 3976 4181 808
4018 4138 4207 4183 888118
4252 4138 4326 4181 88
4369 4118 4430 4182 81

2475 4213 2660 4267 tuam
2703 4221 3048 4285 personam
3085 4201 3416 4267 sustinens
3449 4221 3706 4266 mecum
3750 4203 3890 4285 1888
3925 4204 4428 4285 expostularem.

428 4412 689 4477 (Praebet
722 4412 851 4468 Ood.
873 4413 1078 4468 Genev.
1119 4410 1262 4477 107⁸,
1299 4411 1389 4464 fol.
1430 4409 1528 4464 113
1580 4409 1864 4462 lonvillaei
1898 4425 2061 4461 mauu
2096 4409 2372 4477 scriptam.
2495 4398 2504 4401 ’
2581 4396 2598 4399 k
2721 4395 2730 4398 ”
2839 4394 2868 4399 ’”

423 4482 744 4536 Turretinus
777 4483 945 4535 habet
979 4479 1110 4535 Ood.
1148 4479 1265 4546 108,
1302 4481 1394 4534 fol.
1432 4477 1514 4545 25,
1550 4479 1689 4547 Epp.
1725 4478 1889 4530 Bern.
1928 4476 2080 4532 Tom.
2117 4477 2214 4530 VI.
2251 4494 2371 4547 pag.

1003 4549 1110 4604 478
1143 4557 1202 4604 et
1235 4550 1496 4604 simlerus
1532 4547 1648 4600 Vol.
1684 4544 1795 4613 85.)

593 4721 665 4787 S.
756 4720 949 4803 Quod
989 4721 1159 4787 nihil
1192 4722 1276 4786 ad
1319 4733 1384 4786 te
1420 4719 1670 4804 pridem
1713 4718 1964 4800 scripsi,
2007 4717 2100 4780 mi
2149 4717 2371 4796 frater,

424 4808 806 4890 praesertim
840 4829 1041 4892 quum
1087 4829 1193 4875 res
1236 4817 1388 4872 tuae
1430 4807 1742 4872 adversae
1786 4802 2033 4886 aliquid
2076 4801 2372 4868 consola-

424 4995 615 5052 2280.
635 4995 690 5061 1)
736 4995 849 5065 Qui
878 5001 1009 5052 ωηο
1042 5003 1163 5051 erat
1210 4997 1270 5050 V.
1308 4994 1381 5048 D.
1422 4994 1504 5049 M.
1545 4998 1606 5049 in
1643 4992 1828 5063 Iussy.

627 5064 690 5132 2>
726 5066 876 5119 Pour
907 5066 987 5119 les
1021 5064 1326 5120 Veudredis
1377 5081 1443 5117 en
1494 5065 1547 5116 18
1588 5080 1689 5118 808

425 5134 556 5188 livre
592 5133 691 5188 des
726 5135 987 5189 Pssumes
1026 5171 1243 5190 .....
1282 5133 1410 5187 L'an
1447 5131 1583 5186 1557
1634 5133 1675 5185 il
1726 5137 1828 5186 mit
1877 5147 1946 5184 88
2001 5130 2227 5183 lumiere
2275 5145 2373 5183 sou

421 5206 806 5259 commentaire
841 5221 935 5257 sur
968 5205 1049 5257 les
1085 5203 1360 5257 Pssumes.
1416 5201 1597 5266 (Βὲιε,
1638 5199 1869 5266 Pre'face
1905 5200 1970 5253 de
2004 5196 2179 5260 Joeue‘
2213 5197 2290 5253 ad
2321 5213 2376 5252 a.

425 5269 597 5337 1555.)
627 5340 686 5406 3)
728 5340 811 5407 cf.
852 5340 927 5394 Ν.
961 5339 1121 5410 2222,
1153 5347 1266 5397 και.
1301 5341 1354 5395 5.

638 5427 859 5482 Cato-‘m‘
888 5440 1073 5495 opta.
1140 5428 1254 5482 Vol.
1290 5426 1345 5478 X
1360 5424 1418 5479 V.

1858 5062 1972 5116 tion
2020 5076 2090 5114 08
2137 5060 2290 5130 print
2323 5060 2374 5113 le

2476 4508 2658 4563 2281.
2684 4508 2738 4573 1)
2793 4506 2938 4562 Teste
2978 4506 3207 4562 Memor.
3243 4510 3360 4563 xxi.
3400 4509 3453 4562 d.
3488 4508 3537 4561 9.
3565 4509 3728 4565 Febr.
3769 4509 3902 4563 1555
3926 4508 4241 4563 Alexander
4273 4510 4429 4577 apud

2481 4578 2549 4631 F.
2603 4577 2669 4631 dc
2720 4576 3043 4630 Gottesheim
3095 4578 3340 4645 queritur
3393 4579 3517 4630 dass
3570 4578 3632 4632 G.
3691 4579 3799 4632 und
3851 4578 3940 4632 dic
3993 4579 4269 4632 Aeltesten
4326 4580 4426 4632 der

2478 4646 2677 4699 welsch
2730 4645 2904 4698 Kirch
2959 4645 3095 4698 uach
3152 4646 3522 4716 Miimpelgard
3572 4647 3926 4716 geschrieben
3980 4648 4231 4700 dei-selbo
4284 4647 4426 4700 hab·

2477 4716 2567 4769 die
2621 4715 2851 4767 welsche
2889 4714 3131 4768 Kircheu
3174 4733 3243 4770 zu
3290 4719 3432 4785 Strg.
3481 4718 3592 4769 und
3629 4717 3807 4769 Wesel
3863 4717 4120 4769 verwirrt
4165 4717 4274 4769 und
4330 4716 4424 4770 ihn

2481 4784 2778 4851 (Garum)
2824 4801 2930 4836 von
2979 4784 3184 4837 8818818
3220 4784 3410 4839 Dieust
3455 4803 3519 4837 zu
3555 4786 3798 4852 drengeu
3833 4785 4240 4850 unterstandeu,
4289 4803 4426 4840 wor-

2477 4855 2614 4907 fiber
2631 4852 2847 4921 Martyr
2881 4869 2949 4905 au
2970 4852 3074 4905 Hz.
3095 4851 3276 4921 Georg
3311 4854 3590 4907 schreiben
3629 4856 3730 4907 soll
3767 4854 3901 4908 auch
3938 4854 4052 4908 sich
4090 4854 4424 4923 erkiindigeu

2478 4923 2549 4976 ob
2584 4921 2761 4975 8018118
2798 4937 2904 4974 von
2941 4920 3003 4975 G.
3045 4922 3197 4973 wahl·
3231 4923 3326 4976 881.

2681 4989 2742 5057 2)
2781 4989 3037 5043 Alludere
3089 4991 3305 5043 videtur
3357 4990 3433 5044 ad
3483 4990 3697 5045 decreta
3745 4989 3978 5045 Senatus
4025 4989 4079 5044 d.
4122 4988 4208 5044 24.
4243 4996 4294 5045 et
4338 4990 4422 5044 30.

2483 5059 2686 5114 Martii
2718 5059 2865 5113 edita
2899 5060 3097 5129 quibus
3137 5057 3447 5120 Gammae
3481 5075 3518 5112 a
3552 5075 3772 5113 munere
3806 5059 4251 5126 suspendebatur.

2686 5125 2744 5195 3)
2794 5127 2927 5182 Vide
2960 5133 3069 5182 not.
3107 5126 3155 5178 1.
3229 5123 3302 5179 M
3344 5129 3522 5196 ipsum
3559 5135 3676 5181 erat
3711 5128 3779 5182 de
3811 5145 3918 5199 quo
3953 5128 4267 5184 Alexander
4300 5145 4435 5198 que·

2478 5198 2717 5260 rebatur,
2763 5201 2814 5250 et
2860 5196 2949 5250 hie
2988 5195 3298 5249 Germ-ius
3332 5205 3518 5264 aperte
3556 5197 3766 5263 fatetur
3811 5213 3867 5252 se
3905 5199 4115 5264 lecit-se.

2481 5265 2539 5322 d.
2572 5264 2660 5319 25.
2683 5265 2814 5320 Μαι·
2847 5263 2983 5318 1554
3003 5263 3381 5319 Mando-nm
3413 5281 3609 5321 vocare
3642 5266 3964 5322 decreverat.
4017 5266 4232 5332 (Mac-b.
4250 5266 4430 5332 dior.)

2686 5332 2747 5400 4)
2787 5333 2897 5388 Ru
2935 5332 2999 5387 Ρ.
3039 5332 3359 5403 Martyron.

3948 5420 4018 5473 42
