4850 6200
353 445 479 509 ‘169
2043 444 2203 507 1555
2250 439 2707 510 SEPTEMB.
4252 450 4383 517 ⁷⁷0

357 634 595 698 iterum
632 634 964 717 exstingui
999 652 1208 716 posse.
1267 632 1493 716 Neque
1529 653 1651 698 nos
1685 633 1755 697 in
1790 632 2309 717 praesent-iarum

357 717 542 784 aliud
599 719 942 784 consilium
999 719 1310 784 novimus
1368 718 1541 803 quod
1601 717 1787 784 vobis
1852 718 2310 800 impertiamur

361 825 557 888 quam
600 814 676 869 ut
720 804 892 887 apud
931 806 1393 888 magistratum
1430 812 1728 870 vestrum
1773 805 2030 870 instetis
2075 824 2309 887 oppor-

359 898 520 956 tune
564 900 632 955 et
687 890 1060 973 importune
1106 911 1187 956 ne
1243 912 1366 955 sua
1423 891 1775 956 autoritate
1833 891 1903 955 in
1948 890 2070 956 hac
2115 908 2312 956 causa

357 997 468 1041 eos
514 975 840 1041 destituat.
922 976 1452 1059 Disputationem
1499 997 1652 1042 vero
1696 976 1776 1042 de
1821 975 2114 1041 articulis
2159 974 2312 1040 reli-

359 1061 573 1147 gionis
615 1072 879 1128 nostrae
939 1084 1089 1128 cum
1150 1063 1311 1145 ipsis
1367 1064 1712 1127 instituere
1756 1061 2058 1127 omnibus
2101 1061 2311 1127 modis

359 1149 549 1214 vobis
594 1147 1064 1214 dissuademus.
1133 1147 1319 1230 Quae
1363 1150 1450 1214 sit
1493 1158 1718 1214 nostra
1762 1148 1842 1213 de
1886 1147 2312 1213 sacramentis

357 1235 680 1301 confessio
745 1244 812 1299 et
876 1255 1078 1318 quare
1131 1235 1336 1299 errori
1393 1234 1807 1318 Zvvingliano
1865 1233 2310 1315 adversemur,

361 1330 618 1387 constat
651 1340 735 1385 ex
772 1321 1033 1403 scriptis
1071 1318 1153 1384 D.
1182 1319 1464 1399 Latheri,
1513 1320 1595 1385 D.
1623 1319 1877 1385 Brentii
1911 1330 1978 1385 et
2014 1319 2309 1395 aliorum,

361 1407 473 1489 qui
520 1405 914 1472 doctissimis
959 1408 1096 1471 suis
1155 1406 1417 1489 scriptis
1460 1427 1596 1472 non
1641 1416 1903 1471 tantum
1947 1406 2312 1471 luculenter

361 1491 595 1557 falsam
637 1504 1191 1558 sacramentorum
1231 1492 1594 1558 doctrinam
1633 1493 1915 1556 refutare
1961 1490 2075 1556 sed
2112 1494 2310 1556 etiam

359 1578 754 1644 firmissimis
799 1579 1208 1662 argumentis
1252 1599 1588 1644 sacrarum
1631 1577 1973 1642 literarum
2017 1588 2310 1642 nostram

358 1664 846 1741 stabiliverunt,
869 1668 920 1741 ⁸)
988 1685 1153 1746 quae
1220 1665 1275 1728 si
1340 1664 1453 1728 isti
1518 1664 1830 1728 oblivioni
1898 1661 2312 1728 tradiderunt

355 1749 584 1834 legant
642 1749 986 1832 westphali
1041 1752 1247 1815 nostri
1305 1749 1550 1815 editam
1611 1771 1788 1814 nunc
1845 1749 2308 1827 defensionem,

357 1853 423 1901 et
467 1838 524 1901 si
569 1837 681 1919 qui
727 1858 810 1901 ex
855 1836 985 1901 illis
1032 1836 1246 1901 adhuc
1291 1846 1445 1901 sunt
1482 1836 1809 1901 sanabiles
1855 1834 2045 1899 facile
2089 1836 2310 1919 acqui-

355 1936 599 2001 escent,
645 1923 703 1988 si
749 1943 905 1988 vero
947 1923 1040 1986 ita
1082 1922 1404 1987 obstinate
1448 1923 1518 1986 in
1564 1922 1769 1987 semel
1813 1932 2128 2005 concepta
2171 1922 2310 2006 opi-

354 2008 557 2073 nione
619 2028 1043 2092 perseverare
1101 2009 1537 2073 constitutum
1596 2018 1714 2081 est,
1781 2007 2030 2072 frustra
2095 2008 2309 2074 omnis

357 2093 824 2177 disputationis
889 2094 1071 2159 labor
1125 2115 1164 2157 a
1219 2095 1406 2159 vobis
1472 2095 1868 2177 suscipietur
1933 2102 1998 2159 et
2063 2094 2311 2159 malum

355 2179 569 2245 indies
613 2180 927 2245 reddetur
971 2179 1272 2245 deterius.

526 2266 674 2332 Hoc
726 2266 1017 2331 breviter
1073 2265 1156 2331 ad
1211 2278 1391 2331 tuam
1437 2265 1798 2348 epistolam,
1859 2264 2313 2331 colendissimo

353 2353 579 2429 frater,
641 2352 1035 2436 respondere
1085 2352 1277 2429 volui,
1339 2362 1406 2415 et
1451 2353 1755 2416 existimo
1800 2360 1867 2415 te
1913 2352 2072 2415 satis
2118 2350 2311 2415 intel-

353 2436 563 2523 ligere
609 2437 767 2522 quid
801 2460 840 2503 a
875 2438 1063 2503 nobis
1106 2439 1355 2504 factum
1401 2438 1504 2503 sit.
1573 2437 1878 2520 Optarim
1925 2447 2149 2502 tamen
2192 2458 2311 2502 nos

353 2545 575 2590 coram
623 2525 776 2588 data
830 2525 1166 2590 occasione
1221 2523 1537 2606 prolixius
1596 2544 1797 2606 quum
1855 2521 1934 2588 de
1992 2522 2116 2588 hac
2160 2545 2311 2590 con-

353 2610 680 2675 troversia
723 2622 863 2675 tum
909 2609 988 2675 de
1032 2610 1179 2675 aliis
1224 2610 1532 2676 ecclesiae
1576 2610 1856 2693 negotiis
1901 2608 2311 2674 familiariter

354 2695 638 2780 colloqui
696 2716 903 2780 posse.
990 2696 1268 2761 Interim
1313 2696 1436 2760 1100
1495 2697 1611 2761 tibi
1656 2698 1741 2761 sit
1796 2696 2309 2779 persuassimum

356 2804 463 2847 me
529 2790 742 2848 totum
803 2791 1099 2848 vestrum
1166 2803 1324 2847 esse.
1415 2782 1599 2847 Bene
1665 2794 1730 2846 et
1797 2782 2074 2847 feliciter
2142 2781 2308 2847 vale.

353 2868 511 2933 Meo
558 2879 625 2932 et
678 2880 1043 2935 conventus
1086 2868 1508 2934 ecclesiastici
1566 2869 1830 2932 nomine
1889 2888 2045 2952 rogo
2091 2878 2162 2932 ut
2206 2888 2310 2932 re-

355 2966 662 3020 verenter
699 2968 764 3020 et
808 2955 1091 3020 officiose
1128 2955 1410 3019 salutem
1452 2953 1627 3020 dicas
1663 2953 1968 3019 omnibus
2006 2955 2134 3019 tuis
2178 2954 2311 3017 fra-

353 3041 567 3107 tribus
612 3052 677 3106 et
720 3042 1246 3126 consymmystis,
1291 3040 1375 3105 D.
1423 3041 1750 3106 Matthiae
1799 3040 2055 3118 Rittem,
2100 3041 2310 3105 veteri

352 3148 503 3193 meo
547 3129 757 3193 amico
801 3149 876 3194 ac
915 3127 1202 3210 reliquis.
1293 3127 1617 3193 Dominus
1661 3126 2037 3192 corroboret
2079 3148 2198 3192 vos
2243 3136 2312 3192 et

361 3211 699 3279 benedicat
742 3215 983 3279 vestris
1026 3213 1442 3293 ministeriis,
1500 3223 1579 3278 ut
1633 3214 1914 3278 firmiter
1957 3233 2075 3295 pro
2133 3233 2308 3278 asse-

356 3299 564 3366 renda
610 3301 889 3365 veritate
930 3299 1226 3364 coelestis
1281 3321 1439 3364 suae
1483 3297 1820 3365 doctrinae
1864 3297 2200 3364 decertare
2245 3307 2311 3364 et

354 3385 756 3452 adversariis
822 3406 938 3451 ora
1002 3384 1321 3451 obducere
1387 3385 1683 3451 valeatis.
1777 3388 2012 3451 Amen.
2101 3383 2308 3450 Datae

355 3473 785 3556 Argentorati
835 3475 931 3536 18.
981 3469 1386 3555 Septembris
1432 3492 1606 3537 anno
1659 3476 1839 3537 1555.

1297 3609 1538 3674 Vester
1579 3611 1648 3673 in
1694 3608 1979 3674 Domino
2023 3608 2226 3673 frater

1408 3695 1549 3760 Ioh.
1596 3693 2035 3761 Marbachius.
2055 3695 2112 3778 ⁴)

1173 4327 1351 4397 2294
1379 4329 1495 4393 bis.

749 4482 1254 4550 PIPERINUS
1291 4485 1341 4566 ¹)
1387 4480 1920 4548 BLAURERO.

529 4656 715 4723 Dolet
769 4661 1022 4738 propter
1075 4655 1428 4720 calumnias
1484 4676 1526 4718 a
1583 4654 1799 4719 multis
1861 4656 1932 4718 in
1981 4652 2311 4720 Calvinum

351 4763 626 4826 sparsas
669 4748 725 4806 et
766 4741 1033 4823 exmpli
1071 4742 1285 4826 qratia
1326 4741 1510 4805 talem
1554 4739 1838 4821 aliquam
1883 4745 2159 4805 enarrat.

367 5106 379 5118 .
565 5033 624 5100 3)
665 5034 904 5088 refutare
951 5074 963 5086 .
1014 5074 1025 5085 .
1079 5070 1090 5083 .
1140 5073 1152 5084 .
1202 5032 1602 5086 stabiliverunt.
1693 5032 1955 5087 Errorem
2001 5032 2090 5086 hic
2146 5030 2314 5086 latere

352 5121 418 5159 m
563 5171 624 5238 4)
663 5143 1040 5226 Desa-ibimus
1074 5170 1216 5224 hanc
1250 5169 1532 5290 epistolam
1568 5186 1636 5224 ex
1663 5169 1846 5224 diario
1880 5171 1976 5225 cai
2006 5170 2200 5224 titulus
2235 5175 2314 5225 est

355 5241 720 5307 Alemannia,
767 5240 846 5295 ed.
891 5240 1168 5308 Birlinyer
1215 5237 1279 5291 18
1315 5237 1363 5302 6,
1408 5255 1533 5307 pay.
1570 5238 1639 5292 22
1676 5254 1782 5308 seq.
1828 5239 1925 5295 ubi
1966 5245 2148 5294 exstat
2190 5254 2312 5294 cum

356 5312 814 5366 annotationibus
848 5312 957 5363 viri
992 5310 1127 5364 doct.
1177 5307 1260 5361 W.
1304 5306 1543 5363 Oret-elii.

355 5378 652 5435 22941110.
679 5379 730 5438 1)
767 5381 855 5433 vir
889 5378 1047 5432 nobis
1080 5380 1314 5446 iqnotas.

570 5464 792 5521 calvini
820 5477 1005 5534 opera.
1069 5463 1185 5518 vol.
1219 5460 1348 5516 xv.

2417 632 2531 694 (Ex
2580 638 2708 685 auto
2809 629 2919 700 pho
2965 631 3145 685 lacero
3191 631 3320 686 0οὰ
3376 631 3741 700 sangallensis
3786 632 3927 687 Bibl.
3981 633 4183 689 civicae
4217 635 4378 694 MSS.

2416 701 2568 756 Tem.
2602 698 2691 766 37,
2778 715 2867 770 pp.
2907 699 3071 754 VIII.
3105 701 3197 755 fol.
3231 699 3317 754 54.
3357 730 3423 740 —
3461 702 3660 755 Exstat
3735 719 3912 772 noque
3946 702 4003 756 111
4042 703 4178 758 Bibl.
4214 705 4377 763 siric.

2416 770 2695 823 Turieensi
2742 769 2804 824 F.
2851 766 2944 831 43,
2991 770 3120 823 olim
3167 769 3330 825 Arch.
3374 769 3566 824 Hottiu
3607 810 3620 822 .
3672 771 3719 825 V
3777 770 3817 824 1.
3868 771 3957 826 fol.
4003 768 4132 842 737,
4179 778 4237 827 et
4284 791 4375 843 ap.

3086 838 3371 894 Simlernm
3408 838 3533 893 Vol.
3568 788 3682 905 55.)

2416 1009 2848 1093 Amplissimo
2896 1010 3038 1076 viro
3061 1010 3153 1075 M.
3179 1011 3532 1076 Ambrosio
3576 1010 3896 1077 Blaurero
3917 1010 4005 1077 D.
4050 1015 4374 1097 compatri

3012 1116 3132 1161 suo
3175 1096 3782 1163 observandissimo.

2590 1264 2664 1331 S.
2730 1266 2945 1332 Valde
2982 1265 3167 1333 doleo
3204 1275 3470 1351 propter
3504 1268 3867 1335 horrendas
3889 1268 4180 1335 maculas
4208 1290 4375 1353 quas

2416 1372 2646 1417 omnes
2669 1351 2968 1419 homines
2991 1374 3169 1419 nunc
3192 1374 3539 1437 aspergere
3561 1364 3882 1421 conantur
3901 1353 3988 1420 D.
4016 1354 4298 1422 Calvino.
4314 1358 4371 1433 2)

2416 1438 2643 1503 Indies
2688 1440 3011 1505 atrociora
3054 1439 3266 1504 audio.
3347 1437 3793 1521 Quamobrem
3839 1441 4049 1525 pridie
4091 1461 4211 1525 pro
4257 1441 4373 1508 illa

2418 1525 2709 1607 epistola,
2776 1526 2963 1590 cuius
3026 1525 3201 1608 apud
3266 1533 3331 1590 te
3386 1529 3791 1592 mentionem
3848 1528 4150 1607 feceram,
4217 1547 4371 1610 pro-

2417 1612 2634 1693 prium
2672 1612 2982 1676 nuncium
3022 1612 3314 1677 Bernam
3352 1611 3529 1678 misi:
3578 1632 3774 1695 quam
3818 1622 3887 1678 et
3928 1622 4160 1678 nactus
4203 1634 4372 1693 sum,

2415 1696 2530 1760 sed
2575 1717 2651 1760 ea
2694 1696 3084 1775 conditione,
3130 1719 3215 1762 ne
3258 1698 3360 1763 001
3409 1698 3661 1762 11001101
3697 1719 3837 1763 eam
3875 1699 4370 1766 communicem.

2415 1782 2561 1865 Ego
2616 1794 2835 1846 autem
2898 1783 3017 1847 tibi
3078 1784 3287 1848 amico
3327 1784 3723 1850 amicissimo
3767 1792 3833 1850 et
3890 1785 4151 1851 domino
4194 1805 4372 1851 com-

2417 1868 2589 1950 patri
2625 1867 3227 1935 observandissime
3263 1889 3407 1934 eam
3453 1869 3719 1936 credere
3754 1890 3889 1934 non
3926 1868 4168 1935 dubito.
4235 1871 4371 1936 Re-

2416 1955 2642 2019 mittes
2685 1952 2869 2020 illam
2913 1976 3109 2038 quam
3154 1955 3454 2039 proxime
3498 1956 3641 2020 fieri
3686 1965 3921 2039 potest.
3994 1956 4258 2022 Interea
4298 1958 4371 2021 in

2416 2041 2879 2105 contumeliam
2931 2039 3183 2114 Calvini
3226 2041 3619 2125 gravissima
3663 2041 4041 2121 audiuntur,
4102 2062 4185 2107 ex
4229 2043 4369 2125 qui-

2415 2126 2538 2190 bus
2606 2126 2728 2192 hoc
2792 2136 2894 2191 est
2958 2148 3165 2191 unum
3233 2125 3405 2209 quod
3469 2148 3649 2192 nunc
3714 2128 3960 2193 scribo:
4040 2127 4370 2212 Reginam

2422 2211 2759 2277 Navarrae
2793 2219 3040 2277 motam
3084 2211 3461 2278 celebritate
3502 2223 3567 2277 et
3609 2214 3877 2279 nomine
3921 2226 4263 2297 pastorum
4307 2222 4373 2279 et

2418 2296 2728 2362 ecclesiae
2774 2298 3186 2364 Genevensis
3230 2303 3401 2363 4000
3445 2308 3792 2364 coronatos
3842 2321 4074 2365 aureos
4115 2300 4370 2366 misisse

2417 2383 2501 2448 ad
2538 2382 2622 2448 D.
2672 2382 3005 2450 Calvinum
3042 2404 3161 2466 pro
3204 2383 3498 2449 subsidio
3541 2405 3925 2468 pauperum,
3971 2394 4040 2449 et
4074 2394 4148 2450 ut
4180 2387 4366 2469 quasi

2416 2468 2679 2552 publica
2722 2468 3134 2552 eleemosyna
3170 2469 3304 2536 illic
3349 2469 3793 2536 distribuatur.
3880 2469 4217 2537 Calvinum
4260 2492 4366 2537 ac-

2415 2568 2673 2637 ceptam
2735 2557 3076 2638 peouniam
3137 2556 3293 2623 hinc
3349 2556 3505 2620 inde
3558 2556 3665 2622 vel
3719 2557 4028 2622 affinibus
4080 2558 4217 2622 suis
4259 2558 4367 2622 vel

2416 2641 2561 2706 aliis
2606 2641 3076 2707 mercatoribus
3113 2641 3617 2707 Genevensibus
3664 2642 4092 2721 distribuisse,
4134 2652 4205 2707 et
4247 2663 4367 2726 pro

2413 2728 2770 2793 constituto
2815 2748 3016 2793 censu
3062 2728 3491 2794 concessisse:
3548 2749 3761 2811 neque
3816 2728 3941 2794 hac
3982 2749 4054 2792 re
4097 2737 4369 2794 conten-

2413 2819 2559 2877 tum
2616 2815 2846 2893 fuisse,
2909 2810 3075 2964 [fied]
3136 2816 3404 2898 insuper
3456 2815 3653 2879 etiam
3716 2817 3884 2879 3000
3944 2822 4282 2880 coronatos
4326 2835 4368 2879 a

2413 2920 2615 2982 supra
2681 2899 2858 2965 dicta
2988 2901 3185 2982 egina
3247 2900 3513 2983 petiisse
3578 2901 3652 2967 in
3719 2948 4059 2965 .......
4146 2898 4369 2981 Quam

2412 3005 2737 3050 summam
2762 3006 2964 3068 quum
2986 2985 3100 3049 illa
3123 2985 3418 3051 honestis
3440 2984 3920 3052 conditionibus
3944 2982 4369 3073 denegas[set,

2408 3077 2719 3138 caeterum
2787 3072 2986 3137 etiam
3010 3092 3273 3138 omnem
3296 3092 3581 3157 operam,
3617 3072 3837 3137 omnia
3871 3072 4084 3139 officia
4102 3071 4370 3156 pietatis

2412 3167 2480 3222 et
2514 3160 2719 3223 carita
2753 3156 2864 3244 tis]
2903 3158 3194 3242 pollicita
3229 3167 3420 3238 esset,
3444 3158 3793 3225 Calvinum
3830 3159 4089 3241 publico
4125 3160 4368 3243 scripto

2413 3244 2574 3309 diris
2614 3245 2822 3310 modis
2865 3244 2938 3308 in
2987 3242 3181 3332 [eam]
3228 3244 3583 3311 invectum.
3604 3247 3665 3322 ⁸)

2619 3448 2679 3510 2)
2722 3448 2804 3514 Cf.
2842 3449 2922 3504 N.
2957 3448 3112 3504 2263.
3146 3448 3305 3509 2285.
3342 3447 3497 3503 2292.

2619 3517 2677 3585 3)
2720 3517 2937 3572 Simdia
2980 3518 3148 3584 refert
3192 3519 3456 3575 Bolsecus
3498 3518 3561 3573 ἐκ
3606 3518 3735 3573 Vita
3783 3517 4004 3573 Caluini
4045 3531 4127 3587 cp.
4164 3518 4248 3588 15,
4296 3518 4369 3584 ef.

2413 3603 2498 3654 cp.
2540 3587 2631 3639 11:
2678 3587 2767 3640 Un
2815 3589 3122 3642 ausmouier
3166 3588 3236 3640 de
3283 3588 3338 3641 la
3384 3589 3474 3641 feu
3519 3587 3710 3657 Royne
3756 3587 3826 3640 de
3862 3587 4107 3641 Navarra
4154 3605 4187 3641 a
4225 3588 4369 3658 pelle'

2415 3656 2740 3719 Montouset,
2779 3658 3061 3726 craignant
3095 3657 3147 3709 le
3165 3657 3285 3727 Roy
3324 3657 3391 3710 de
3411 3656 3657 3710 Navarra
3694 3657 3786 3725 qui
3821 3658 3913 3726 luy
3951 3657 4159 3726 portoit
4228 3673 4370 3728 ayne

2415 3741 2553 3792 pour
2588 3741 2747 3778 cause
2781 3726 2850 3779 de
2885 3726 2939 3778 la
2974 3726 3204 3796 religion
3243 3762 3468 3781 .....
3503 3741 3562 3778 se
3597 3726 3769 3779 retira
3803 3741 3935 3779 avec
3969 3727 4137 3794 conge
4174 3731 4231 3779 et
4265 3743 4369 3796 par

2417 3793 2468 3845 le
2504 3793 2707 3846 conseil
2754 3795 2821 3848 de
2867 3796 2920 3848 la
2956 3795 3095 3848 ditte
3130 3795 3323 3864 Royne
3370 3811 3431 3847 sa
3466 3795 3779 3848 maistresse
3816 3794 3848 3848 a
3884 3792 4118 3861 Geneve,
4158 3794 4226 3848 011
4257 3810 4371 3875 peu

2415 3862 2483 3916 de
2520 3864 2668 3915 iours
2714 3879 2815 3930 par
2850 3871 3015 3917 avant
3051 3863 3153 3917 elle
3190 3864 3341 3916 avoit
3376 3864 3584 3934 envoye
3621 3871 3815 3932 quatre
3851 3864 3999 3917 mille
4032 3862 4212 3916 francs
4248 3883 4280 3916 a
4314 3864 4371 3917 la

2415 3931 2613 3985 bourse
2659 3930 2756 3984 des
2803 3949 3036 4000 pauvres
3083 3947 3222 4002 pour
3268 3933 3510 3986 secourir
3556 3935 3635 3986 les
3680 3932 3931 4002 indigens
3968 3932 4061 4002 qui
4096 3932 4370 3987 n'avoient

2417 4017 2609 4068 moyen
2647 3999 2715 4051 de
2760 4017 2965 4070 gagner
3017 4001 3136 4054 leur
3184 4000 3286 4054 vie.
3357 4001 3556 4070 Cestuy
3592 4002 3903 4055 Montouset
3937 4001 3990 4054 la
4025 4001 4202 4055 arrive
4239 4017 4372 4054 avec

2416 4068 2610 4121 lettres
2648 4068 2716 4120 de
2752 4069 3246 4123 recommandation
3285 4068 3355 4122 de
3390 4071 3443 4122 la
3471 4070 3660 4139 Royne
3696 4070 3779 4122 fut
3811 4072 3939 4124 bien
3975 4086 4079 4123 ven
4115 4076 4173 4122 et
4205 4085 4370 4124 recen

2416 4137 2485 4189 de
2522 4137 2706 4190 Calvin
2742 4154 2843 4205 par
2878 4155 3067 4191 amour
3102 4138 3170 4192 de
3205 4155 3266 4191 sa
3300 4139 3630 4206 maistresse,
3668 4139 3805 4194 mais
3839 4143 4073 4208 prenant
4243 4153 4275 4192 e
4311 4145 4371 4191 et

2416 4205 2791 4274 diligemment
2833 4208 3179 4261 considerant
3223 4207 3275 4262 le
3321 4215 3744 4276 gouveruement
3779 4207 3847 4261 de
3883 4207 4073 4260 Oalvin
4147 4207 4369 4260 istribu·

2418 4287 2541 4327 teur
2577 4275 2673 4327 des
2709 4292 2992 4329 ausmones
3027 4283 3085 4329 et
3118 4276 3170 4329 le
3232 4292 3298 4330 eu
3333 4276 3402 4330 de
3439 4293 3656 4348 secours
3678 4275 3985 4345 qu'avoient
4019 4276 4098 4329 les
4172 4292 4369 4330 auvres

2415 4344 2457 4396 il
2494 4360 2561 4395 ne
2596 4360 2655 4396 se
2692 4351 2851 4409 peust
2883 4345 3132 4399 contenir
3177 4293 3298 4398 X'en
3384 4345 3527 4398 arler
3561 4345 3593 4398 a
3630 4346 3887 4414 quelcuns
3938 4344 4125 4413 lesque
4213 4345 4254 4397 il
4287 4350 4368 4398 te·

2417 4413 2537 4466 noit
2572 4429 2711 4480 pour
2746 4430 2833 4465 ses
2868 4430 3032 4480 amys‚
3083 4430 3142 4467 se
3185 4430 3341 4484 comp
3365 4416 3589 4483 aignant
3623 4413 3655 4466 a
3691 4431 3810 4467 eux.
3883 4412 4013 4466 Gela
4048 4414 4167 4466 vint
4202 4413 4371 4466 aussi·

2415 4488 2530 4533 tost
2566 4498 2669 4534 aux
2707 4481 2923 4535 oreilles
2963 4483 3031 4536 de
3068 4483 3275 4537 Oalviu.
3346 4482 3690 4537 Incontiuent
3729 4483 3780 4535 le
3814 4483 3923 4536 bon
3944 4481 4257 4536 Montouset
4290 4481 4374 4535 fut

2416 4550 2737 4603 abaudonne
2773 4552 2841 4604 de
2878 4560 3018 4619 tous,
3052 4552 3161 4604 mal
3198 4568 3302 4604 veu
3337 4552 3405 4605 de
3437 4551 3644 4616 Oalvin,
3682 4559 3738 4604 et
3775 4567 3881 4605 non
3918 4552 4141 4604 obstant
4175 4551 4255 4604 les
4290 4567 4376 4604 re·

2415 4620 2881 4674 commandations
2898 4621 2966 4674 de
2992 4637 3053 4673 sa
3069 4621 3382 4674 maistresse
3400 4619 3631 4674 delaissa
3649 4619 3851 4688 d’amys
3873 4627 3931 4673 et
3948 4619 4016 4672 de
4035 4635 4254 4674 seconrs
4277 4625 4371 4674 ete.

2417 4686 2720 4754 Piperinus
2766 4690 2897 4744 haec
2951 4691 3033 4744 ita
3078 4689 3361 4744 audivisse
3408 4689 3625 4743 videtur
3670 4695 3730 4743 ut
3777 4691 3953 4742 mixta
3995 4687 4205 4753 fuerint
4251 4703 4373 4742 eum

2414 4758 2528 4810 alio
2574 4773 2795 4811 rumore
2841 4757 2909 4812 de
2951 4773 3057 4827 quo
3102 4758 3246 4812 idem
3284 4757 3547 4813 Bolsecus
3581 4773 3700 4824 cap.
3756 4757 3834 4825 xj,
3872 4756 3989 4812 scil.
4026 4756 4094 4811 de
4130 4756 4373 4826 pecvnia

2415 4841 2452 4879 a
2488 4824 2637 4879 Dav.
2677 4825 3028 4880 Busantom'o
3069 4825 3410 4896 pauperibus
3456 4827 3750 4890 destinata,
3795 4843 3833 4879 a
3872 4825 4101 4880 Calvino
4143 4841 4270 4880 vero
4312 4828 4374 4878 in

2415 4910 2573 4947 suum
2596 4910 2757 4948 usum
2776 4911 3052 4951 conversa.
3089 4896 3203 4962 (Of.
3228 4895 3375 4950 Calv.
3395 4897 3472 4950 ad
3493 4895 3815 4963 Eperinam
3833 4893 3915 4948 18.
3938 4894 4082 4961 Oct.)
4122 4893 4274 4949 Den‘
4309 4909 4374 4948 ue

2414 4969 2466 5017 et
2499 4964 2757 5030 epistolae
2797 4965 3017 5019 Calvina·
3048 4965 3126 5018 ad
3163 4964 3434 5033 Reqinam
3468 4963 3612 5019 idem
3645 4965 3967 5019 mentionem
3995 4962 4152 5029 facit,
4192 4980 4260 5017 en

2416 5033 2596 5154 33:31¹}ss
2632 5033 3010 5156 {}.22;¹‘⁹‡¹.1?32
3044 5032 3961 5171 {iffiztflibgfflffeoessm‘izt
4007 5031 4371 5155 mitit:

2416 5170 2558 5223 deux
2592 5118 2834 5240 insignes
2869 5171 3195 5240 heretiques,
3232 5171 3478 5225 assavoir
3513 5188 3586 5224 00
3623 5170 3856 5236 Quentin
3892 5175 3950 5223 et
3984 5187 4056 5222 un
4090 5169 4370 5223 Anthoine

2415 5239 2604 5307 Poque
2640 5257 2772 5293 avec
2805 5241 2950 5293 leurs
2986 5240 3209 5292 femmes
3244 5246 3338 5294 etc.
3384 5255 3549 5308 quam
3590 5240 3846 5307 pluribus
3889 5238 4168 5306 leyendam
4211 5253 4378 5307 prae-

2416 5308 2610 5370 buerit,
2646 5310 2806 5362 cuim
2839 5316 3017 5363 autem
3050 5309 3163 5364 loco
3200 5308 3276 5362 ad
3310 5309 3490 5377 ipsam
3525 5309 3715 5364 literas
3748 5308 3894 5362 alias
3921 5308 4130 5362 miserit
4162 5307 4377 5364 modes·

2414 5377 2624 5431 tissime
2655 5379 2892 5445 scriptas
2925 5377 3123 5447 quibus
3158 5392 3217 5432 se
3251 5378 3321 5434 ab
3356 5377 3469 5434 illis
3503 5378 3793 5434 calumniis
3822 5376 4163 5432 vindicabat.
