4850 6200
418 430 545 493 211

419 614 496 683 la
533 614 807 683 volunta
848 612 931 679 de
964 614 1159 680 Dieu.
1240 614 1315 679 Ie
1358 613 1496 679 suis
1534 613 1747 700 ebahy
1788 614 1846 680 si
1889 636 2055 681 vous
2097 635 2182 679 ne
2222 635 2389 679 vous

423 709 772 772 contentez
814 721 933 784 pas
978 698 1061 765 de
1102 698 1266 766 celle
1287 698 1371 765 de
1410 699 1775 767 Iesuchrist
1818 708 1886 765 et
1928 700 2045 765 des
2065 702 2387 783 Apostres

425 795 500 855 et
553 787 612 855 si
678 806 847 853 vous
911 807 996 851 ne
1060 806 1297 869 pensez
1359 806 1479 870 pas
1556 786 1770 870 quelle
1848 787 1975 852 soit
2047 784 2385 870 parfaicte.

427 872 677 957 Quand
722 882 823 940 est
864 872 944 939 de
985 893 1160 957 moy,
1200 872 1264 938 ie
1305 893 1390 938 ne
1431 893 1540 938 me
1582 873 1732 957 puis
1765 872 1956 957 fayre
1989 892 2220 958 croyre
2264 892 2388 954 que

423 980 597 1027 vous
653 979 739 1025 ne
795 979 904 1025 oro
952 979 1024 1023 ez
1082 958 1223 1041 quil
1279 979 1365 1024 ne
1419 980 1586 1025 nous
1640 957 1843 1024 faulte
1897 957 2085 1042 point
2127 956 2389 1023 daultre

423 1049 698 1112 maistre
734 1065 862 1127 que
918 1043 1262 1110 esuchrist.
1333 1044 1508 1110 Bien
1543 1065 1908 1128 penseroye
1949 1045 2013 1110 ie
2057 1065 2180 1127 que
2224 1063 2389 1109 vous

424 1132 656 1198 voulez
699 1130 838 1195 dire
925 1131 1021 1196 uil
1078 1138 1227 1197 nest
1282 1151 1401 1214 pas
1442 1131 1728 1214 possible
1773 1152 1898 1213 que
1940 1151 2106 1195 nous
2151 1138 2386 1195 enten-

428 1216 621 1282 dions
677 1218 818 1280 rien
922 1238 958 1282 e
1008 1216 1076 1282 la
1132 1216 1405 1282 volunta
1447 1215 1623 1281 Dieu
1678 1216 1736 1282 si
1778 1215 1905 1282 elle
1948 1235 2032 1280 ne
2076 1236 2242 1280 nous
2286 1223 2388 1281 est

423 1303 689 1369 revelee
733 1322 854 1385 par
887 1323 1008 1368 son
1044 1304 1257 1369 sainct
1299 1303 1524 1386 esprit.
1593 1302 1697 1369 Sil
1731 1324 1778 1366 n
1860 1324 1900 1365 a
1934 1301 2147 1367 aultre
2190 1301 2387 1367 chose

425 1409 590 1456 vous
646 1396 866 1454 nestes
917 1389 1106 1472 point
1151 1388 1462 1455 differens
1523 1409 1656 1454 aux
1703 1408 1787 1453 au
1815 1396 1972 1454 tres.
2056 1387 2160 1453 Sil
2215 1407 2387 1452 vous

419 1473 625 1559 plaiot
658 1494 823 1540 vous
866 1494 974 1539 me
1017 1478 1330 1543 rescrirez
1388 1475 1468 1541 de
1510 1494 1685 1559 cecy.
1773 1474 1850 1539 Ie
1889 1495 2056 1539 vous
2098 1474 2385 1558 escriray

420 1559 814 1711 unedaultre
857 1561 1001 1645 foys
1040 1562 1192 1645 plus
1247 1563 1666 1645 amplement.
1754 1559 1863 1625 De
1907 1561 2267 1625 Lausanne
2310 1579 2386 1625 ce

425 1649 508 1712 10
601 1653 705 1712 oet
754 1650 938 1711 1554.

1039 1732 1177 1796 Par
1210 1733 1272 1798 le
1305 1740 1452 1798 tout
1490 1740 1711 1798 vostre
1752 1731 2020 1799 humble
2057 1732 2383 1796 serviteur

1040 1818 1320 1903 Hugues
1343 1818 1581 1884 Oaviot
1603 1820 1716 1903 qui
1753 1840 1794 1884 a
1829 1818 2138 1884 demoure
2162 1825 2383 1882 autres

1039 1904 1151 1989 foy
1197 1924 1358 1970 avec
1401 1925 1549 1971 von.

1241 2202 1276 2208 .-
1293 2201 1402 2208 ....--
1417 2198 1602 2209 ——--·

1306 2434 1499 2503 1998.

844 2588 1310 2657 CALVINUS
1357 2588 1942 2656 MARBAOHIO.

586 2758 690 2825 De
727 2766 898 2827 statu
943 2761 1234 2846 ambiyuo
1267 2767 1470 2828 coetus
1496 2760 1803 2843 yallicani
1826 2761 2377 2844 Arymtoratensis

415 2850 472 2911 et
514 2849 862 2930 praecipue
917 2847 991 2911 de
1039 2848 1356 2914 Gamerio
1414 2848 1755 2912 calumniis
1811 2851 2029 2912 vexato
2085 2853 2142 2911 et
2200 2846 2378 2930 apud

412 2937 700 3000 senatum
741 2933 907 3000 male
948 2934 1256 3000 audiente.

409 3107 532 3172 (Ex
568 3106 910 3176 autographo
946 3106 1078 3160 Ood.
1114 3105 1318 3161 Gener.
1355 3103 1499 3169 107⁸,
1531 3105 1621 3158 sol.
1644 3104 1727 3157 74.
1787 3104 1977 3158 Edidit
1995 3105 2140 3158 Beza
2212 3106 2376 3159 assim

409 3180 682 3228 mutatam
718 3175 921 3231 Gener.
967 3192 1021 3245 p.
1060 3173 1176 3236 136,
1213 3175 1372 3228 Laus.
1415 3192 1468 3245 p.
1503 3172 1623 3239 295,
1661 3175 1872 3228 Hanov.
1920 3190 1973 3243 p.
2010 3172 2130 3240 330,
2209 3175 2376 3228 bouet

411 3261 467 3313 p.
511 3241 632 3309 184,
668 3243 847 3298 Amet.
893 3261 948 3314 p.
995 3242 1083 3298 84.
1153 3245 1326 3297 Exem
1369 3244 1454 3296 lar
1489 3246 1919 3313 Argentoratum
1963 3243 2186 3296 missum
2234 3243 2375 3298 desi-

522 3312 762 3366 deratur.
830 3313 1058 3383 Anglice
1093 3330 1308 3367 versam
1417 3313 1514 3365 bes
1549 3314 1608 3365 in
1642 3313 1725 3366 ed.
1761 3311 1975 3366 Philad.
2011 3311 2110 3366 111.
2144 3311 2256 3378 54.)

864 3485 951 3551 D.
998 3483 1387 3568 Marpachio
1430 3483 1920 3568 Argentinensi.

580 3622 733 3687 Iam
777 3621 915 3688 fere
960 3623 1398 3705 sesquiannus
1441 3628 1568 3701 est,
1599 3627 1652 3698 1)
1712 3643 1796 3687 ex
1840 3642 1969 3704 quo
2013 3624 2231 3689 multa
2294 3624 2376 3690 de

412 3707 722 3774 ecelesiae
781 3708 1198 3788 Gallicanae,
1259 3729 1427 3792 quae
1486 3706 1660 3791 apud
1717 3728 1838 3773 vos
1898 3717 2027 3785 est,
2087 3709 2375 3776 dissidiis

411 3793 690 3860 subinde
735 3794 963 3859 audire
1008 3815 1142 3859 non
1190 3795 1331 3859 sine
1374 3814 1617 3879 magno
1661 3793 1881 3859 dolore
1915 3813 2133 3880 cogor.
2201 3797 2378 3861 Nam

411 3880 570 3945 dum
618 3881 808 3962 pauci
852 3879 1157 3945 homines
1201 3881 1484 3963 improbi
1541 3902 1616 3947 ac
1668 3883 1963 3965 protervi
2007 3882 2376 3949 molestiam

411 3965 602 4030 fratri
637 3981 865 4032 nostro
910 3967 1229 4032 Garnerio
1248 3968 1306 4049 ²)
1353 3967 1662 4032 exhibere
1699 3967 1947 4047 volunt,
1993 3969 2237 4035 factum
2277 3976 2379 4034 est

411 4051 676 4116 illorum
703 4053 1094 4136 intemperie
1117 4063 1190 4116 ut
1212 4054 1435 4135 pravis
1457 4053 1983 4120 contentionibus
2004 4064 2249 4121 vexata
2274 4055 2379 4119 fu-

411 4138 541 4203 erit
575 4138 932 4217 ecclesiola,
970 4140 1075 4204 cui
1102 4139 1429 4204 Dominus
1462 4139 1636 4223 apud
1674 4162 1790 4206 vos
1823 4140 2119 4225 quietum
2155 4139 2378 4224 hospi-

411 4225 580 4289 tium
602 4224 940 4290 concessit.
986 4225 1165 4290 Mihi
1185 4247 1342 4291 vero
1363 4224 1542 4290 hunc
1564 4229 1878 4293 nuncium
1912 4227 2173 4292 tristem
2197 4246 2377 4292 acer-

409 4311 699 4394 bumque
741 4310 960 4388 fuisse,
1007 4312 1252 4375 mirum
1297 4333 1430 4377 non
1473 4319 1605 4378 est:
1650 4314 1803 4395 quia
1860 4334 1995 4378 non
2039 4335 2228 4379 secus
2270 4332 2377 4377 me

411 4404 751 4479 torqueret
794 4396 1135 4481 dissipatio
1181 4399 1323 4465 eius
1357 4399 1595 4483 gregis,
1640 4419 1837 4480 quem
1861 4397 2188 4464 Dominus
2232 4418 2378 4462 meo

412 4482 634 4549 labore
676 4483 835 4550 olim
893 4483 1114 4567 colligi
1171 4493 1239 4549 et
1281 4484 1366 4549 ad
1421 4493 1685 4568 tempus
1741 4485 1949 4550 foveri
2007 4484 2242 4560 voluit,
2302 4504 2378 4549 ac

413 4570 742 4635 viscerum
787 4589 1086 4634 meorum
1140 4570 1471 4637 laceratio.
1561 4569 1960 4654 Quanquam
2004 4578 2227 4635 autem
2270 4589 2376 4634 re-

413 4655 706 4721 medium
771 4655 1032 4738 aliquod
1099 4667 1357 4722 mature
1410 4657 1710 4722 adhiberi
1774 4656 2199 4722 vehementer
2262 4677 2377 4722 cu-

413 4761 669 4824 perem,
734 4741 889 4825 quia
949 4753 1172 4809 tamen
1238 4744 1582 4828 sperabam
1647 4741 1966 4826 quidquid
2028 4741 2377 4807 turbarum

413 4828 775 4892 excitatum
810 4826 1028 4893 fuerat
1062 4839 1176 4895 tua
1210 4839 1278 4896 et
1311 4831 1592 4896 fratrum
1628 4840 2001 4895 nostrorum
2026 4827 2380 4910 prudentia

415 4935 489 4978 ac
531 4911 973 4981 moderatione
1007 4915 1200 4983 facile
1237 4916 1542 4984 sedatum
1576 4915 1688 4979 iri:
1728 4915 1932 4981 satius
1965 4913 2132 4978 mihi
2155 4914 2375 4981 visum

411 5081 592 5137 1008.
618 5037 678 5150 1)
714 5039 1076 5145 marbach-‘as
1109 5093 1172 5146 in
1204 5089 1421 5144 Dim-io
1465 5102 1566 5142 cuo
1614 5085 1747 5139 inde
1778 5102 1816 5139 a
1847 5100 1918 5140 u.
1952 5083 2205 5153 Augusto
2243 5085 2378 5141 1558

411 5154 663 5222 guerinu-
697 5154 764 5210 de
803 5155 1094 5228 omorio,
1139 5161 1205 5215 in
1239 5159 1494 5215 doctrina
1538 5155 1609 5210 do
1642 5152 2145 5224 praedestinat-bne
2189 5161 2242 5212 ct
2284 5172 2374 5212 ca·

411 5225 708 5301 waram&
751 5240 790 5278 a
833 5230 1064 5286 oerum
1105 5231 1398 5285 acerrume
1440 5225 1677 5294 aliisque
1706 5222 1867 5277 robus
1900 5222 1978 5278 aa
2008 5224 2375 5283 mmmmm

404 5293 868 5429 mum.
905 5369 1123 5425 nom‘ue
1156 5378 1453 5438 ncpproeco
1485 5361 1556 5416 N.
1590 5360 1854 5418 πλῶσαι

1903 423 2433 492 EPISTOLAE
2481 425 2903 488 1997—1999

2429 2068 2439 2187 -ο-ι-

4322 424 4451 493 212

2491 618 2592 676 est
2635 611 2991 693 quiescere,
3050 629 3134 674 ne
3192 608 3298 674 vel
3340 610 3587 676 frustm
3629 608 3819 674 vobis
3861 608 4175 675 molestus
4217 610 4448 689 forem,

2488 696 2598 762 vel
2640 696 2957 779 aequitati
3014 703 3279 761 vestrae
3336 694 3637 761 diffidere
3698 693 3974 761 viderer.
4064 694 4197 760 Sed
4242 717 4449 777 quum

2493 804 2633 848 rem
2678 782 2971 866 quotidie
3013 784 3085 845 in
3131 780 3419 847 deterius
3463 780 3697 848 collabi
3741 801 3967 847 rumor
4010 792 4200 861 esset,
4245 784 4450 848 statui

2489 868 2657 933 mihi
2700 890 2842 934 esse
2886 866 3303 934 scribendum
3347 867 3610 950 aliquid.
3680 867 3818 934 Neo
3853 887 4012 934 vero
4046 887 4153 932 me
4197 865 4448 934 diutius

2490 955 2685 1020 silere
2719 954 3090 1038 patiebatur
3124 952 3326 1019 dolor.
3387 952 3467 1017 Id
3503 953 3659 1018 dum
3695 974 3950 1019 mecum
3986 953 4179 1038 agito,
4214 953 4452 1021 laetior

2489 1042 2772 1106 nuncius
2790 1045 2845 1122 ³)
2919 1040 3222 1117 affertur,
3298 1042 3618 1105 rationem
3678 1063 3717 1104 a
3774 1039 4139 1105 clarissimo
4213 1057 4447 1106 senatu

2488 1128 2725 1192 initam
2766 1148 2929 1204 esse,
2983 1146 3152 1209 quae
3196 1126 3595 1210 proterviam
3639 1127 3927 1209 quinque
3970 1124 4371 1191 nebulonum
4388 1132 4449 1203 ⁴)

2489 1214 2844 1278 fraenaret:
2907 1222 2975 1276 et
3034 1233 3211 1277 nunc
3269 1212 3527 1277 sedatos
3584 1232 3726 1278 esse
3786 1222 4032 1285 motus,
4092 1221 4169 1276 ut
4210 1212 4447 1278 saltem

2490 1298 2847 1364 tolerabilis
2890 1300 2979 1361 sit
3021 1306 3251 1362 status.
3340 1299 3611 1365 Utinam
3669 1298 3890 1362 omnia
3946 1298 4040 1363 sic
4100 1308 4319 1363 essent
4361 1320 4451 1365 ex

2488 1394 2645 1450 voto
2685 1385 3062 1468 composita,
3108 1405 3192 1450 ne
3234 1384 3393 1467 quid
3436 1384 3602 1449 mihi
3636 1394 3898 1467 praeter
3941 1383 4447 1466 gratulationem

2490 1482 2784 1548 restaret,
2848 1492 3119 1552 eamque
3160 1492 3393 1552 puram
3453 1482 3518 1535 et
3561 1469 3854 1536 solidam.
3943 1469 4226 1547 Verum,
4289 1472 4450 1553 quia

2490 1558 2715 1622 subest
2759 1556 2974 1623 adhuc
3010 1556 3083 1621 in
3128 1557 3421 1621 futurum
3458 1557 3667 1622 tristis
3703 1554 4022 1639 quaedam
4060 1556 4342 1638 suspicio
4377 1568 4447 1622 et

2488 1656 2735 1721 metus,
2802 1642 3094 1708 studium
3157 1643 3310 1708 huic
3368 1643 3542 1708 malo
3600 1642 3942 1726 purgando
4000 1641 4449 1707 abhibendum

2488 1731 2735 1812 putavi.
2756 1732 2813 1805 ⁵)
2917 1730 3069 1794 Duo
3115 1738 3363 1805 autem,
3412 1742 3731 1811 quantum
3778 1729 4105 1811 intelligO,
4175 1730 4444 1795 fuorunt

2487 1816 2686 1880 totius
2747 1814 2903 1879 mali
2963 1815 3195 1898 capita.
3284 1814 3567 1880 Delatus
3628 1824 3727 1880 est
3770 1816 3957 1879 initio
4008 1815 4367 1880 &amerius
4386 1817 4446 1891 ²)

2487 1900 2660 1984 quod
2689 1901 2770 1966 de
2814 1922 3000 1967 sacra
3022 1901 3291 1966 Domini
3326 1922 3529 1968 coena
3558 1902 3751 1967 aliter
3789 1922 3987 1984 quam
4022 1922 4138 1965 vos
4172 1902 4448 1988 sentiret

2487 2010 2562 2053 ac
2620 1987 2899 2054 doceret.
3002 1987 3155 2053 Non
3217 1986 3358 2052 dico
3417 2010 3455 2051 a
3510 1988 3777 2071 quibus,
3851 1987 3957 2052 vel
4016 2008 4146 2069 quo
4205 1986 4444 2054 animo.

2484 2074 2683 2138 Ratio
2727 2072 3112 2140 concordiae
3134 2076 3190 2157 θ)
3236 2073 3539 2139 habenda
3573 2074 3715 2139 fuit.
3795 2071 4121 2156 Suscepta
4162 2074 4451 2156 cognitio

2484 2170 2604 2226 est.
2692 2159 2967 2235 Verum,
3014 2159 3071 2225 si
3114 2159 3285 2224 bona
3324 2159 3451 2224 fide
3496 2181 3601 2224 res
3636 2172 3794 2225 tunc
3838 2160 4176 2244 agebatur,
4230 2172 4450 2227 trans·

2486 2262 2630 2310 acta
2673 2267 2814 2311 esse
2870 2245 3109 2311 debuit.
3213 2244 3347 2326 Qui
3404 2255 3742 2311 accusatus
3798 2245 4033 2324 fuerat,
4092 2244 4245 2310 fidei
4286 2267 4449 2312 suae

2486 2332 2963 2398 confessionem
3019 2330 3239 2396 edidit.
3266 2334 3320 2409 ⁷)
3410 2331 3629 2413 Quam
3688 2353 3862 2407 vera,
3916 2352 4115 2414 quam
4172 2331 4448 2415 liquida,

2485 2439 2684 2501 quam
2730 2418 2926 2502 plena
2982 2417 3208 2495 fuerit,
3268 2440 3402 2483 nou
3453 2417 3734 2501 disputo.
3824 2417 3969 2483 Hoc
4027 2417 4193 2481 mihi
4238 2439 4450 2484 unum

2488 2503 2729 2569 sufficit
2772 2525 2905 2568 non
2965 2525 3107 2569 esse
3162 2505 3615 2587 improbatam.
3703 2504 3936 2586 Itaque
3981 2505 4076 2569 sic
4120 2504 4295 2587 apud
4337 2526 4449 2571 me

2486 2589 2764 2655 antehac
2807 2590 3123 2674 cogitavi,
3186 2590 3582 2656 sententiam
3638 2590 3858 2654 fratris
3914 2602 3980 2654 et
4037 2599 4451 2674 symmystae

2484 2678 2721 2751 vestri,
2781 2677 2835 2741 si
2897 2698 3030 2740 non
3088 2698 3353 2759 prorsus
3412 2676 3674 2741 silentio
3718 2684 3940 2741 vestro
3987 2674 4256 2758 probata
4297 2675 4447 2753 fuit,

2487 2761 2892 2827 tolerabilem
2937 2762 3136 2828 fuisse
3179 2762 3552 2829 iudicatam.
3579 2766 3632 2842 ⁸)
3724 2761 3911 2827 Clam
3970 2762 4237 2827 interim
4280 2762 4451 2827 obli-

2485 2850 2629 2931 quis
2674 2850 2927 2915 artibus
2972 2871 3089 2915 vos
3132 2849 3488 2933 quidquam
3532 2870 3676 2914 esse
3714 2848 4127 2913 machinatos
4170 2870 4256 2913 ne
4298 2869 4449 2915 sus-

2483 2935 2688 3019 picari
2747 2934 3011 3018 quidem
3068 2935 3246 3001 libet.
3351 2935 3534 3016 Quid
3591 2955 3749 3018 ergo
3803 2934 4119 3013 restabat,
4188 2935 4315 3001 nisi
4369 2944 4448 3001 ut

2483 3023 2770 3105 quinque
2810 3020 3239 3088 nebulonibus
3284 3020 3368 3086 ad
3414 3020 3810 3085 turbandam
3867 3020 4208 3086 ecclesiam
4250 3019 4449 3107 longe

2484 3108 2629 3190 plus
2673 3129 2872 3190 quam
2917 3130 3037 3190 par
3081 3119 3222 3172 erat
3264 3107 3406 3172 dari
3447 3108 3937 3172 existimarem?
3964 3111 4017 3188 ⁹)
4082 3106 4231 3174 Hoc
4265 3110 4449 3173 enim

2482 3192 2705 3259 debuit
2748 3216 2788 3259 a
2832 3195 3016 3260 vobis
3059 3194 3363 3259 omnibus
3406 3194 3535 3258 rite
3580 3193 3886 3275 expendi,
3932 3213 4018 3258 an
4062 3194 4162 3259 fas
4206 3194 4314 3270 sit,
4354 3215 4445 3260 an

2482 3279 2728 3359 deceat,
2753 3302 2838 3345 an
2855 3280 3133 3361 denique
3155 3289 3406 3344 rectum
3422 3280 3510 3344 sit
3530 3291 3725 3363 atque
3748 3279 4135 3358 humanum,
4156 3281 4449 3364 quinque

2482 3366 2782 3432 homines
2820 3366 3253 3442 turbulentos,
3300 3365 3515 3448 palam
3564 3387 3602 3429 a
3646 3364 3898 3450 reliquo
3942 3388 4209 3449 corpore
4253 3365 4447 3432 dissi-

2481 3451 2730 3532 dentes,
2776 3453 2983 3517 foveri
3026 3459 3252 3516 contra
3286 3473 3480 3517 suum
3526 3463 3871 3534 pastorem.
3940 3450 4076 3519 Sed
4121 3454 4275 3537 quia
4317 3452 4443 3520 hoo

2481 3559 2737 3622 quoque
2795 3537 3035 3603 vulnus
3093 3557 3271 3602 nunc
3328 3547 3636 3604 sanatum
3694 3549 3827 3614 est,
3893 3538 3977 3604 ad
4034 3537 4198 3603 illud
4255 3537 4447 3622 prius

2480 3624 2692 3690 redeo.
2794 3622 2972 3704 Quid
3037 3624 3216 3690 ultra
3278 3624 3612 3710 flagitetur
3677 3647 3718 3689 a
3788 3625 4102 3691 Gamerio
4119 3628 4174 3702 2)
4241 3646 4443 3709 quam

2481 3710 2913 3795 praestiterit,
2978 3710 3145 3774 mihi
3213 3731 3344 3777 non
3409 3711 3570 3776 satis
3626 3722 4038 3795 compertum
4093 3718 4212 3777 est.
4300 3710 4445 3777 Vos

2479 3797 2740 3879 quidem
2796 3817 3063 3877 operam
3118 3796 3274 3863 dare
3334 3796 3674 3874 convenit,
3750 3818 3836 3863 ne
3892 3797 4090 3863 nimis
4147 3797 4444 3882 praecise

2480 3893 2818 3967 urgeatur.
2897 3886 2972 3948 »Si
3017 3881 3210 3949 hodie
3253 3883 3514 3950 viveret
3556 3883 3837 3949 eximius
3879 3884 3993 3948 ille
4016 3884 4141 3949 Dei
4186 3904 4441 3962 servus,

2482 3978 2548 4032 et
2590 3967 2803 4034 fidelis
2848 3970 3155 4034 ecclesiae
3216 3969 3442 4035 doctor
3486 3969 3829 4048 Lutherus,
3889 3991 4023 4034 non
4083 3977 4220 4035 tam
4264 3985 4440 4035 esset

2687 4262 2747 4325 3)
2788 4260 2939 4315 Edd.
2976 4279 3099 4316 ecce
3134 4263 3328 4316 laetior
3345 4263 3587 4315 nuncius.
3650 4261 3845 4330 Qualis
3879 4259 3969 4317 hic
3998 4261 4170 4325 fucrit
4199 4262 4447 4327 fortune

2481 4330 2759 4401 confflem
2800 4347 2869 4384 esc
2912 4331 3093 4385 eodem
3129 4331 3337 4387 Diem'o
3381 4330 3458 4384 ad
3503 4328 3585 4383 18.
3626 4329 3809 4395 Iunii,
3896 4347 3964 4387 uo
4010 4330 4249 4397 refertur
4281 4344 4443 4400 quos·

2481 4398 2608 4452 dam
2645 4400 2799 4455 viros
2832 4416 2870 4453 a
2914 4402 3245 4470 magistram
3279 4398 3550 4468 deleyatos
3589 4399 3769 4465 fuisse
3812 4348 3894 4454 og
3932 4399 4278 4455 concordiam
4311 4414 4442 4454 con·

2480 4468 2809 4533 culiandam,
2851 4469 2964 4524 sca.
3012 4476 3230 4538 praeter
3272 4471 3451 4537 ipsum
3492 4468 3903 4535 Marbachium,
3956 4468 4118 4523 M.
4153 4486 4191 4523 a
4230 4467 4441 4523 Gatta-

2479 4537 2636 4604 Ιιείηι,
2672 4539 2745 4591 Η.
2788 4535 3104 4604 suesorum,
3142 4538 3479 4605 Skidanum,
3528 4537 3714 4593 Theob.
3755 4537 4016 4607 Ianqium
4051 4544 4101 4593 ei
4136 4537 4214 4590 D.
4255 4536 4445 4592 Ludo-

2479 4609 2653 4660 vicnm
2688 4606 3101 4676 (Lenylinum),·
3134 4607 3201 4662 de
3233 4622 3465 4678 quorun
3498 4613 3636 4661 acm
3665 4607 3745 4662 M.
3780 4607 3859 4660 ad
3891 4612 4137 4661 senatum
4340 4606 4352 4619 ⁶
4434 4607 4446 4619 ⁰

2480 4677 2686 4800 ῧὲριο
2728 4677 2930 4730 rewlit.
3006 4676 3236 4800 lldaeinde
3280 4678 3348 4731 de
3394 4677 3494 4731 hoc
3536 4677 3749 4744 neqotio
3793 4674 4064 4732 Dim-ium
4149 4678 4231 4730 'et
4268 4689 4442 4745 nsque

2589 4759 3028 4883 Μ’ἲςωφῗὲἕκῖὲ
3052 4761 3414 4870 ῗιῒωόνοναηι
3448 4819 3629 4893 cogens
3671 4812 3939 4882 gallicani
3975 4813 4311 4868 Gar-nerim
4349 4829 4439 4869 ac·

2479 4886 2809 4938 mamutium.
2876 4830 3059 4948 (ὅκκ’
3059 4924 3072 4936 .
3108 4883 3187 4938 ad
3218 4883 3269 4937 ὃ.
3311 4883 3426 4938 Oct.
3469 4881 3639 4948 1053.)

2685 4951 2742 5016 5)
2779 4952 3038 5005 adbibere
3074 4953 3239 5007 officii
3272 4953 3381 5006 mei
3410 4967 3529 5005 esse
3566 4951 3713 5006 duxi.
3786 4948 3938 5005 Eda.

2684 5021 2744 5088 6)
2784 5021 2934 5075 Eud.
2970 5038 3083 5076 uuo
3116 5029 3330 5077 tenore.-
3366 5037 3476 5090 quo
3508 5020 3691 5074 animo
3728 5020 3868 5074 ratio
3902 5025 4060 5076 caat.

2685 5089 2747 5148 71
2800 5091 2934 5144 Vide
2972 5089 3306 5147 Gar-nerium
3343 5090 3420 5145 N.
3444 5087 3580 5143 1587
3615 5089 3965 5145 &Articabe
3997 5090 4119 5144 eius
4143 5088 4294 5157 pria.
4318 5088 4447 5146 Gal.

2481 5157 2625 5229 Sept.
2663 5158 2803 5282 18552}
2840 5158 3073 5281 ἔπαυε·
3103 5161 3329 5284 aggae,
3362 5161 3425 5214 ἐκ
3454 5159 3567 5226 tim
3600 5157 3804 5224 (Dior.
3843 5158 4079 5225 Μηνᾶ).

2782 5245 2839 5281 m
2898 5235 3075 5283 catam
3156 5230 3176 5250 '
3251 5268 3264 5280 .

2681 5237 3386 5367 9381‘Marbaclu'ofidec
3429 5296 4449 5377 habenulautriusquepeccatum1¹²⁸·aes

2474 5364 3792 5434 ragetaaoemioetabmaawmu.
