4850 6200
470 416 598 479 ⁷23
1986 406 2506 477 EPIS'POLAE
2549 410 2976 474 22⁶6—2268
4354 410 4478 476 724

467 622 620 668 eum
677 602 818 685 ipso
872 620 1109 685 corpus
1167 599 1623 666 coalescamus.
1708 599 1875 664 Dico
1927 606 2167 675 autem,
2226 596 2421 663 simul
2471 622 2477 653 ι
2524 620 2649 682 pus
2693 596 3084 676 coaluimus,
3141 598 3446 680 spiritum
3506 620 3698 663 suum
3745 597 3932 664 nobis
3975 600 4477 678 communicare,

470 708 547 754 ac
591 686 720 752 fide
750 686 1094 753 Christum
1138 685 1489 769 recipimus
1532 685 1811 768 qualiter
1854 706 1924 750 se
1966 685 2039 749 in
2080 704 2247 750 evan
2297 683 2421 748 elio
2525 685 2711 750 cuius
2767 702 3006 747 arcana
3062 685 3440 767 operatione
3497 693 3722 750 noster
3774 686 3957 767 prins
4015 686 4287 752 effectus
4345 695 4473 751 est:

471 774 682 849 offert,
743 793 898 839 vere
942 793 1061 838 nos
1105 772 1247 837 fieri
1291 774 1431 837 eius
1474 770 1785 848 membra,
1845 779 1913 836 et
1960 771 2161 835 vitam
2221 789 2260 832 a
2345 790 2421 833 eo
2525 767 2783 852 quando
2828 780 3140 851 utrasque
3184 771 3242 833 ei
3287 780 3509 853 partes
3554 772 3881 853 scriptura
3924 792 4117 855 saepe
4161 774 4472 856 assignat.

470 879 605 924 non
665 878 851 924 secus
899 866 1094 941 atque
1150 878 1192 922 a
1247 858 1458 941 capite
1514 859 1583 922 in
1628 878 1748 921 nos
1803 855 2105 921 defluere.
2194 855 2421 939 Neque
2470 932 2474 951 1
2527 857 2674 920 Etsi
2722 865 2941 920 autem
2986 857 3056 919 in
3097 855 3266 921 hanc
3303 858 3829 922 communionem
3864 858 4077 941 primo
4115 859 4476 923 vocationis

470 946 647 1009 enim
707 944 901 1009 aliter
957 966 1072 1009 nos
1115 946 1258 1011 Deo
1315 943 1544 1008 mortis
1600 963 1757 1008 suae
1814 942 2130 1007 sacrificio
2191 962 2419 1005 recon-
2525 962 2682 1006 suae
2744 940 2850 1005 die
2908 941 3186 1005 veniunt
3243 942 3496 1019 fideles,
3565 956 3884 1025 quatenus
3942 952 4163 1008 tamen
4218 945 4288 1007 in
4341 944 4475 1009 illis

472 1031 669 1107 ciliat,
730 1031 854 1095 nisi
913 1030 1065 1113 quia
1107 1040 1330 1094 noster
1375 1039 1477 1094 est
1529 1048 1604 1093 ac
1647 1050 1766 1094 nos
1814 1049 2013 1092 unum
2060 1047 2208 1091 cum
2256 1030 2416 1110 ipso.
2469 1078 2474 1113 ,
2524 1028 2818 1111 augescit
2884 1026 3135 1092 Christi
3199 1032 3362 1101 vita,
3438 1027 3726 1110 quotidie
3791 1051 3862 1095 se
3926 1029 4057 1094 illis
4122 1029 4475 1095 fruendum

474 1116 586 1182 Sic
645 1115 833 1181 illum
877 1116 1071 1181 Pauli
1131 1116 1343 1182 locum
1412 1116 1831 1197 interpretor,
1899 1114 2008 1178 ubi
2064 1112 2290 1177 fideles
2348 1114 2417 1176 in
2468 1134 2473 1191 ῑ
2524 1114 2733 1178 offert.
2845 1112 3029 1178 Haec
3096 1124 3196 1177 est
3275 1116 3793 1194 communicatio,
3875 1136 4066 1199 quam
4134 1115 4205 1178 in
4287 1136 4472 1182 sacra

472 1204 613 1267 eius
686 1210 996 1265 κοινωνίαν
1072 1212 1332 1267 vocatos
1397 1221 1539 1265 esse
1614 1199 1770 1264 dicit
1850 1208 1937 1273 (1.
2000 1199 2147 1263 Cor.
2216 1205 2265 1275 1,
2330 1200 2415 1282 fl).
2468 1194 2472 1215 ¹
2522 1220 2724 1266 coena
2768 1199 3152 1280 percipiunt.
3233 1202 3426 1281 Apud
3470 1201 3670 1264 alium
3720 1201 4111 1285 quempiam,
4157 1203 4269 1284 qui
4310 1201 4474 1266 mihi

470 1288 697 1370 Neque
745 1308 898 1352 vero
943 1309 1178 1352 nomen
1240 1288 1548 1353 consortii
1597 1285 1700 1351 vel
1758 1286 2084 1349 societatis
2128 1294 2414 1349 mentem
2523 1284 2851 1350 docendus
2917 1296 3119 1359 essct,
3189 1286 3398 1350 fusius
3466 1307 3893 1370 prosequerer
3957 1308 4125 1368 quae
4189 1289 4474 1353 breviter

472 1375 613 1439 eius
647 1374 809 1439 satis
845 1375 1211 1455 exprimere
1247 1371 1532 1446 videtur,
1578 1372 1691 1436 sed
1730 1370 1891 1435 mihi
1936 1390 2187 1435 sacram
2233 1370 2413 1434 illam
2522 1370 2695 1454 apud
2753 1384 2817 1435 te
2885 1370 3007 1434 hoc
3092 1386 3346 1436 tantum
3423 1373 3692 1437 consilio
3756 1374 4155 1456 perstringO,
4221 1383 4298 1437 ut
4356 1395 4474 1439 nos

472 1462 790 1525 unitatem
861 1460 1178 1543 designat,
1246 1480 1374 1541 qua
1434 1459 1606 1523 filius
1672 1458 1795 1523 Dei
1868 1480 1986 1521 nos
2048 1458 2115 1520 in
2182 1476 2416 1539 corpus
2465 1490 2470 1509 -
2522 1459 2694 1521 idem
2743 1478 3008 1538 prorsus
3054 1459 3302 1522 sentire
3348 1459 3593 1523 videas.

471 1568 662 1611 suum
698 1546 947 1623 inserit,
1011 1558 1084 1609 ut
1139 1544 1474 1609 nobiscum
1534 1565 1653 1608 sua
1697 1544 1917 1608 omnia
1961 1543 2413 1607 communicet.
2467 1588 2470 1597 ·
2693 1541 2800 1607 De
2842 1557 2921 1617 te,
2971 1544 3092 1607 nisi
3141 1544 3292 1626 quid
3334 1549 3485 1608 novi
3533 1546 3864 1617 acciderit,
3911 1545 4037 1611 huc
4084 1545 4473 1611 accersendo

469 1631 575 1696 Ita
629 1654 668 1695 a
721 1653 918 1697 carne
972 1632 1111 1695 eius
1165 1642 1232 1695 et
1288 1631 1607 1713 sanguine
1662 1631 1865 1695 vitam
1930 1630 2283 1706 haurimus,
2343 1638 2419 1693 ut
2465 1632 2470 1709 ζ
2521 1628 2794 1694 verbum
2853 1628 3135 1713 amplius
3191 1631 3401 1693 facere
3461 1653 3587 1693 non
3650 1632 3987 1696 audemus
4012 1636 4065 1705 ⁴)
4157 1632 4244 1694 Et
4298 1643 4473 1696 certe

470 1738 603 1782 non
649 1717 976 1782 immerito
1025 1728 1337 1781 vocentur
1382 1724 1605 1779 nostra
1648 1715 1982 1780 alimenta.
2073 1714 2414 1795 Quomodo
2465 1758 2468 1797 :
2520 1736 2676 1797 ergo
2735 1728 2808 1779 ut
2866 1715 2991 1779 hac
3043 1718 3109 1779 in
3157 1738 3228 1779 re
3285 1715 3552 1781 timidus
3611 1738 3789 1794 sum,
3850 1737 4190 1798 nunquam
4238 1718 4474 1783 adduci

469 1802 538 1867 id
584 1806 717 1879 fiat,
764 1802 1241 1885 intelligentiae
1275 1821 1458 1866 meae
1495 1800 1759 1865 modulo
1804 1801 1996 1884 longe
2033 1800 2228 1865 altius
2273 1821 2414 1865 esse
2465 1810 2468 1833 ¹
2522 1803 2717 1883 potui,
2780 1813 2853 1864 ut
2899 1802 3016 1866 tibi
3060 1802 3388 1884 migrandi
3432 1812 3624 1866 autor
3682 1824 3911 1878 essem,
3968 1806 4094 1869 nisi
4164 1804 4474 1868 missione

468 1889 694 1953 fateor.
762 1888 869 1952 Ita
915 1909 999 1951 ue
1036 1888 1158 1953 hoc
1197 1888 1587 1970 mysterium
1622 1887 1834 1970 magis
1880 1888 2179 1969 suspicio,
2217 1907 2411 1968 quam
2464 1886 2468 1909 ⁸
2521 1890 2886 1969 impetrata.
2977 1888 3296 1952 Fructum
3362 1909 3517 1951 vero
3562 1911 3642 1952 ex
3689 1900 3801 1953 tuo
3860 1888 4081 1954 labore
4129 1891 4472 1972 provenire

466 1910 1019 2057 comprehendere
1074 1974 1390 2052 laborem,
1454 1975 1575 2039 nisi
1633 1972 1806 2056 quod
1861 1972 2091 2037 divina
2144 1973 2413 2055 spiritus
2463 1964 2468 2073 j
2520 1974 2730 2055 cupi0‚
2786 1974 2897 2055 qui
2953 1973 3139 2038 nobis
3192 1973 3526 2039 absentiae
3583 1986 3731 2039 tuae
3791 1973 4189 2040 desiderium
4249 1976 4469 2039 leniat.

468 2064 708 2125 virtute
746 2061 945 2124 vit-am
982 2082 1017 2123 e
1053 2060 1247 2125 coelis
1288 2061 1357 2123 in
1396 2073 1637 2125 terram
1685 2057 2058 2123 transfundi
2105 2079 2412 2142 agnosco:
2521 2058 2920 2123 Ecclesiolae
2956 2082 3111 2124 vero
3149 2059 3534 2125 Gallicanae
3578 2061 3794 2126 clades
3832 2064 3883 2141 ⁵)
3929 2084 4032 2124 mc
4071 2083 4200 2126 non
4241 2082 4471 2142 parum

488 2176 495 2199 ι
534 2150 613 2209 1ia
659 2168 776 2210 nec
819 2166 936 2228 per
981 2168 1051 2210 se
1106 2147 1369 2211 vivifica
1412 2154 1585 2209 esset
1636 2166 1785 2210 caro
1831 2145 2100 2220 Christi,
2148 2166 2267 2209 nec
2313 2146 2413 2210 vis
2463 2126 2469 2227 l
2522 2147 2722 2223 angit.
2842 2146 3160 2210 Gamerio
3226 2146 3487 2228 quidem
3556 2163 3972 2228 prospectum
4040 2146 4469 2225 studebimus,

470 2254 607 2293 vius
651 2232 733 2295 ad
778 2253 899 2295 nos
943 2253 1150 2313 usque
1197 2232 1323 2296 nisi
1367 2232 1689 2295 immensa
1733 2230 2000 2313 spiritus
2036 2232 2413 2312 operatione
2521 2230 2628 2295 ubi
2676 2231 2952 2296 venerit.
3043 2232 3176 2296 Sed
3232 2231 3556 2315 collapsae
3610 2234 3921 2297 ecclcsiae
3979 2235 4303 2297 restitut-io
4343 2234 4468 2297 im-

472 2318 855 2387 aus-veniret.
932 2318 1107 2399 Ergo
1152 2318 1425 2401 spiritus
1468 2324 1572 2381 est
1615 2320 1727 2399 qui
1774 2318 1945 2391 facit,
1976 2314 2066 2380 'ut
2110 2319 2173 2380 in
2221 2318 2412 2382 nobis
2462 2382 2467 2407 Ι
2518 2317 2751 2400 primis
2796 2317 3087 2381 curanda
3131 2330 3260 2382 est:
3322 2318 3401 2381 ad
3449 2340 3646 2399 quam
3691 2340 3826 2382 rem
3876 2321 3932 2383 si
3977 2340 4212 2383 nervos
4253 2320 4469 2383 inten-

470 2406 712 2467 tubitet
756 2403 1077 2473 Ohristus.
1138 2426 1253 2467 nos
1308 2404 1632 2468 sustineat
1689 2412 1885 2485 atque
1932 2414 2213 2485 vegetet,
2273 2424 2411 2466 om·
2463 2420 2467 2483 ζ
2520 2400 2656 2479 das,
2703 2402 3006 2477 multum,
3058 2418 3128 2468 ut
3173 2425 3380 2484 spere,
3429 2404 3740 2485 proderis.

468 2512 696 2571 uiaque
740 2490 971 2571 capitis
1016 2490 1230 2555 officia
1273 2490 1561 2572 impleat.
1635 2487 1896 2555 Crassis
1942 2492 2193 2553 interea
2237 2510 2411 2554 com·
2463 2486 2467 2515 ¹
2693 2491 2794 2552 De
2841 2488 3133 2570 Boquino
3163 2493 3216 2565 θ)
3261 2512 3518 2572 semper
3562 2492 3749 2555 timui
3795 2492 3962 2573 quod
4010 2490 4262 2555 accidit.
4349 2494 4469 2555 At-

470 2576 701 2641 wnntis
768 2574 847 2639 dc
913 2576 1317 2639 substantiae
1386 2576 1851 2640 commixtione
1913 2574 2163 2637 aditum
2224 2597 2407 2658 pras·-
2463 2578 2468 2639 f
2519 2597 2644 2655 que
2690 2576 2941 2639 utinam
2987 2575 3360 2640 Balduinus
3414 2576 3587 2658 apud
3634 2577 3975 2659 Bituriges
4027 2579 4236 2658 potius
4283 2596 4470 2640 man·

465 2660 683 2727 cludo:
744 2662 895 2743 quia
952 2662 1113 2725 mihi
1175 2662 1333 2725 satis
1392 2672 1508 2739 est,
1569 2660 1727 2725 dum
1784 2664 1848 2724 in
1895 2661 2151 2725 coelesti
2206 2661 2412 2743 gloria
2462 2656 2467 2681 ¹
2520 2664 2712 2724 sisset
2755 2682 2952 2742 quam
2999 2661 3194 2726 huius
3240 2662 3404 2739 hirci
3461 2662 3705 2727 foetore
3751 2663 4159 2744 inquinasset
4203 2683 4471 2745 gregem

469 2758 685 2811 manet
721 2748 973 2811 Christi
1019 2768 1272 2829 corpus,
1320 2748 1523 2811 vitam
1569 2748 1650 2812 ab
1696 2768 1771 2811 co
1817 2745 1897 2809 ad
1944 2770 2060 2811 nos
2107 2746 2417 2821 defluere:
2519 2747 2786 2810 Christi.
2878 2748 2980 2811 'Pu
3035 2748 3238 2829 igitur
3295 2750 3362 2811 in
3421 2748 3594 2812 malo
3654 2747 3776 2813 hoc
3820 2748 4134 2825 sanand0,
4193 2760 4268 2812 ut
4309 2747 4472 2813 facis

468 2854 595 2897 non
655 2854 840 2898 secus
885 2854 959 2899 ac
1007 2832 1191 2897 radix
1257 2854 1523 2898 succum
1583 2832 1667 2897 ad
1723 2854 1940 2897 ramos
2001 2834 2408 2897 transmittit.
2518 2834 2794 2897 enitere:
2841 2853 2970 2915 qua
3013 2833 3083 2897 in
3129 2855 3218 2911 re,
3267 2835 3348 2898 D.
3394 2834 3742 2899 Sturmium
3787 2850 3852 2899 et
3891 2834 4259 2900 Sleidanum
4307 2834 4472 2900 fidos

462 2918 855 3002 Quanquam
913 2928 1131 2983 autem
1181 2928 1456 2997 veteres,
1515 2938 1591 2984 ac
1633 2918 1963 2983 Hilarium
2022 2920 2409 3001 praesertim
2460 2936 2466 3003 ς
2517 2919 2638 2983 tibi
2682 2916 3009 2983 adiutores
3053 2920 3192 2984 fore
3236 2920 3613 2997 arbitror.⁷)
3687 2922 3789 2985 De
3834 2930 4008 2986 statu
4055 2942 4273 2985 rerum
4319 2941 4472 2986 nos-

461 3014 527 3069 et
569 3004 897 3089 Oyrillum
948 3005 1207 3085 longius
1266 3026 1463 3087 quam
1522 3026 1644 3089 par
1696 3007 1784 3069 sit
1827 3014 2168 3088 provectos
2212 3006 2410 3069 fuisso
2461 3024 2466 3087 g
2517 3016 2770 3069 trarum
2813 3006 3218 3070 commodius
3273 3006 3512 3070 referet
3554 3006 3661 3071 hic
3717 3008 3919 3071 frater
3973 3016 4040 3070 et
4100 3015 4471 3090 symmysta

460 3091 682 3157 video:
746 3100 967 3156 tamen
1022 3111 1245 3155 corum
1286 3090 1683 3177 hyperbolae
1726 3113 1858 3156 non
1914 3090 2264 3158 admodum
2311 3093 2410 3154 in-
2517 3109 2721 3171 moue,
2767 3113 2961 3174 quam
3007 3091 3218 3158 literis
3260 3092 3604 3175 complecti
3648 3114 3900 3176 queam.
3975 3092 4196 3174 Quare
4242 3114 4325 3157 ne
4371 3092 4470 3159 bis

461 3189 702 3244 sector:
761 3178 891 3242 nisi
937 3176 1108 3260 quod
1168 3177 1454 3260 ingenue
1507 3198 1765 3260 semper
1811 3200 1915 3243 me
1969 3199 2309 3262 opponam,
2356 3179 2411 3243 si
2517 3178 2710 3256 idem,
2783 3179 2906 3244 hac
2972 3181 3352 3243 narratione
3418 3180 3732 3245 abstineo.
3818 3179 4008 3254 Vale,
4053 3180 4470 3244 ornatissime

464 3265 668 3329 errori
724 3264 1163 3378 patrocinium
1220 3271 1591 3346 quaeratur.
1682 3264 1862 3328 Dum
1908 3265 2081 3328 enim
2142 3273 2409 3329 conten·
2461 3287 2466 3314 τ
2518 3264 2623 3329 vir
2665 3275 2732 3328 et
2775 3263 2939 3328 mihi
2985 3266 3053 3327 in
3092 3265 3376 3330 Domino
3420 3286 3680 3349 semper
3723 3264 4142 3332 observande.
4234 3264 4472 3330 Saluta

464 3351 650 3427 dunt,
707 3349 1049 3414 Christum
1106 3351 1280 3432 patri
1326 3349 1637 3428 ὁμοοόσιον
1681 3372 1843 3428 esso,
1900 3351 2054 3433 quia
2094 3351 2409 3433 scriptum
2461 3357 2467 3416 l
2518 3349 2870 3434 diligenter
2914 3351 3155 3415 amicos
3191 3350 3274 3415 D.
3319 3350 3687 3430 Simmiam,
3727 3351 4017 3417 Zankum
4053 3365 4120 3416 et
4162 3350 4468 3434 reliquos.

466 3436 579 3501 sit:
650 3435 794 3518 Ego
860 3444 925 3499 et
989 3443 1176 3518 pater
1240 3457 1443 3501 unum
1507 3457 1750 3513 sumus,
1820 3435 1971 3501 dum
2033 3444 2412 3519 retorquent
2461 3431 2467 3510 l
2519 3437 2599 3500 D.
2648 3437 2925 3501 Petrum
2983 3435 3420 3504 Aleoeandrum
3478 3438 3906 3519 praeteritum
3965 3437 4133 3516 nolo,
4203 3437 4284 3501 de
4341 3458 4470 3520 quo

466 3521 699 3587 Ariani
743 3520 911 3604 quod
956 3542 1110 3586 mox
1156 3521 1446 3587 additum
1492 3530 1611 3599 est,
1665 3531 1743 3587 ut
1795 3523 1929 3586 sint
1985 3524 2109 3606 ipsi
2153 3542 2411 3606 quoque
2517 3522 2688 3586 nihil
2722 3522 3070 3605 attigeram
3096 3522 3302 3588 donec
3331 3524 3491 3589 certi
3528 3523 3773 3606 aliquid
3810 3526 4135 3590 rescirem.
4163 3525 4219 3606 ⁸)
4277 3523 4470 3588 Nunc

466 3629 671 3672 unum
719 3606 1076 3686 nobiscum,
1136 3607 1231 3673 illi
1288 3609 1359 3672 in
1417 3629 1537 3674 sua
1582 3609 1842 3674 inscitia
1893 3609 2283 3692 deprehensi
2329 3607 2411 3673 ad
2518 3622 2872 3690 antequam
2916 3607 3145 3673 literas
3189 3608 3482 3693 obsigno,
3543 3609 3917 3676 admonitus
3961 3631 4110 3676 sum
4162 3609 4472 3674 Gau-nerii

470 3695 771 3758 miseram
814 3692 1133 3759 latebram
1178 3695 1570 3777 suffugiunt,
1630 3716 1751 3759 nos
1806 3716 2060 3778 quoque
2120 3695 2409 3759 eiusdem
2518 3695 2745 3771 literis,
2804 3716 3047 3777 magna
3105 3715 3188 3759 ex
3243 3707 3426 3777 parte
3483 3695 3739 3760 sedatas
3796 3697 3938 3761 eius
3993 3695 4283 3760 adventu
4328 3715 4472 3760 esse

466 3802 612 3845 cum
669 3779 934 3844 Christo
992 3801 1133 3845 esse
1190 3781 1523 3846 essentiae.
1614 3781 1759 3846 Hoc
1818 3791 2039 3846 autem
2097 3781 2411 3855 confesse,
2517 3780 2761 3846 turbas.
2837 3780 3105 3846 Utinam
3149 3781 3230 3844 ad
3276 3802 3422 3845 eum
3469 3781 3834 3847 iuvandum
3881 3784 4026 3846 usui
4071 3801 4214 3846 esse
4248 3791 4471 3863 posset

470 3866 696 3931 multis
741 3863 1037 3930 absurdis
1081 3865 1331 3930 involvi
1382 3867 1641 3930 neccsse
1688 3868 1826 3931 fuit.
1911 3867 2045 3931 sed
2088 3867 2285 3932 modo
2329 3888 2413 3932 ne
2462 3803 2468 3924 l
2518 3888 2662 3932 mea
2729 3887 2942 3950 opera.
3034 3866 3286 3931 Verum
3352 3868 3407 3931 si
3468 3867 3775 3933 ecclesiae
3831 3868 4161 3951 suffragiis
4220 3868 4470 3933 electus

466 3972 693 4016 eorum
740 3953 1150 4016 autoritatem
1199 3952 1381 4017 nobis
1437 3953 1795 4018 obtendant
1856 3955 2011 4017 novi
2066 3953 2178 4017 isti
2238 3954 2410 4017 fuso·
2517 3953 2736 4026 fuerit,
2783 3974 2905 4017 sua
2928 3952 3370 4018 moderatione
3405 3954 3828 4035 tranquillam
3861 3956 4083 4019 statim
4108 3952 4469 4030 ecclesiam,

472 4059 602 4112 res,
663 4037 827 4102 mihi
870 4039 1032 4103 satis
1078 4038 1205 4102 erit
1250 4060 1379 4102 non
1428 4039 1863 4118 subscribere,
1924 4061 2006 4103 ne
2061 4039 2231 4103 ultro
2298 4059 2410 4104 eos
2519 4039 2648 4104 nisi
2711 4038 2919 4114 fallor,
2989 4038 3234 4104 reddet.
3339 4039 3664 4103 Dominus
3730 4048 3795 4104 te
3859 4061 4118 4122 semper
4186 4046 4470 4116 tueatur,

468 4125 536 4189 in
604 4145 869 4188 arenam
938 4123 1332 4207 protraham.
1446 4127 1581 4188 lam
1648 4126 1841 4189 venio
1906 4125 1988 4190 ad
2056 4124 2409 4190 secundam

465 4209 1152 4285 communicationem,
1211 4233 1374 4293 quac
1435 4211 1612 4274 illius
1657 4211 1893 4294 prioris
1936 4210 2101 4275 mihi
2157 4210 2412 4276 fructus
2517 4247 2926 4256 —-——----

466 4305 567 4361 est
622 4317 698 4362 ao
753 4297 1039 4360 effectus.
1130 4297 1295 4361 Nam
1362 4307 1698 4377 postquam
1746 4296 2049 4363 Christus
2101 4297 2413 4363 interiore

466 4383 739 4466 spiritus
796 4383 1048 4448 virtute
1107 4383 1229 4446 sibi
1290 4407 1402 4444 nos
1461 4383 1764 4446 devinxit
1818 4394 2010 4465 atque
2068 4385 2285 4447 univit
2341 4383 2411 4448 in
2722 4380 2784 4447 4)
2826 4381 2913 4435 De
2947 4381 3381 4464 0004350’309‘338
3414 4396 3462 4435 v·
3502 4381 3577 4463 ‚N-
3612 4379 3767 4435 ‘2089-
3803 4381 3956 4435 2125·
3992 4380 4149 4463 2342·
4365 4453 4374 4463 ,

465 4489 700 4554 corpus
756 4489 985 4544 suum,
1042 4469 1393 4533 secundam
1455 4491 1485 4532 s
1535 4470 1727 4532 iritus
1778 4469 2093 4534 virtutem
2149 4470 2412 4546 exserit,
2721 4450 3092 4573 ξέἰιθαηὲῗ
3125 4450 3390 4572 (ξωῗῆ
3424 4466 3579 4531 ⁶⁸!“3
3612 4466 3804 4572 ’'⁰02⁰’'
3848 4450 4094 4575 {sembm
4127 4451 4475 4532 ⁸9anae

468 4555 654 4620 donis
719 4554 854 4619 suis
920 4574 1041 4618 nos
1100 4554 1463 4636 locupletan
1514 4575 1569 4619 o.
1683 4553 1877 4635 Quod
1942 4576 2100 4640 ergo
2166 4576 2283 4640 spe
2349 4564 2416 4620 et
2464 4533 2470 4582 ¹
2514 4535 2691 4654 Jzssp'
2691 4534 2984 4642 ‘wlff
2995 4590 3029 4642 1.
3057 4535 3101 4644 (ἰ,
3127 4551 3240 4641 *Ῑᾲο
3289 4534 3903 4651 ,ζᾟηαᾚπξέξᾷᾆω
3918 4535 4167 4648 ahuaz-²0
4189 4520 4475 4658 Zet—322}

468 4640 782 4725 patientia
823 4641 1021 4704 fortes
1063 4661 1323 4718 sumus,
1380 4639 1549 4723 quod
1605 4639 1817 4705 sobrie
1863 4649 1928 4705 et
1970 4649 2417 4725 temperanter
2521 4656 2828 4712 Garamas
2861 4656 2997 4712 dist·
3069 4659 3152 4711 eit
3187 4628 3252 4712 v?
3289 4605 3408 4709 228.
3474 4657 3592 4722 (Cf.
3628 4656 3705 4712 N.
3743 4657 3899 4720 2267,
3935 4665 4044 4712 not.
4073 4645 4159 4723 ’2.)

472 4749 589 4790 nos
625 4726 1038 4793 continemus
1073 4747 1112 4789 a
1145 4726 1378 4790 mundi
1424 4726 1763 4800 illecebris,
1811 4726 1983 4808 quod
2019 4728 2100 4792 ad
2147 4728 2414 4792 doman-
2687 4724 2785 4807 ,6)
2832 4723 2991 4808 ΟΜ,
3063 4729 3112 4781 1'0
3156 4727 3223 4780 de
3268 4725 3528 4807 quuino
3576 4728 3830 4795 Quum?
3864 4726 4014 4780 Rem
4067 4727 4290 4780 omnino
4342 4742 4469 4794 Βίῳ·

471 4815 586 4876 dos
631 4812 846 4876 carnis
891 4813 1165 4877 affectus
1208 4821 1477 4876 strenue
1520 4813 1980 4890 incumbimus,
2026 4813 2198 4896 quod
2235 4813 2415 4896 viget
2464 4851 2470 4908 ἱ
2510 4801 2732 4917 P'Jff·
2767 4794 3097 4919 Fegsstff‘m'ss
3126 4795 3417 4916 ssffff‘gg
3461 4810 3632 4918 ⁶⁰2²oe
3637 4795 3883 4918 16ὴῖἕῶ
3907 4799 4468 4918 “ffiffltffiqmfflssg

472 4901 540 4961 in
578 4899 762 4961 nobis
798 4898 1085 4962 iustitiae
1121 4906 1187 4961 et
1220 4899 1480 4980 pietatis
1516 4898 1826 4976 studium,
1863 4899 2035 4981 quod
2072 4898 2153 4964 ad
2188 4919 2415 4983 preces
2465 4913 2470 4990 Ι
2519 4871 2698 4987 ‘135403‘
2727 4865 2890 4987 itiam
2919 4880 3277 4987 {fflufnffss
3303 4863 3829 4987 ὤμ’)ωηΐραίυίηο
3863 4905 4168 5002 suspectam
4199 4905 4393 4998 [μζ-,ω
4458 4905 4472 4918 ”

472 5003 698 5048 sumus
764 4983 1026 5061 intenti,
1094 4984 1266 5066 quod
1334 5004 1453 5048 nos
1512 4987 1773 5049 futurae
1838 4987 2014 5049 vitae
2079 4985 2414 5050 meditatio
2725 5000 2780 5066 7)
2827 5001 3059 5074 Uterque
3091 5003 3269 5057 coetui
3303 5002 3516 5055 Gallico
3549 5002 3935 5068 adhaerebant,
3977 5001 4275 5057 Sleidanus
4307 5002 4472 5057 etim

472 5089 731 5134 sursum
788 5070 978 5153 rapit,
1035 5070 1103 5134 id
1160 5090 1245 5133 ex
1304 5069 1589 5134 secunda
1640 5071 1768 5134 ista
1824 5071 2415 5140 communicatione
2518 5069 2756 5126 dudm
2785 5072 3068 5154 Pmfiyter
3095 5072 3227 5152 fuit.
3298 5069 3572 5136 (Schmidt
3606 5072 3642 5124 ²·
3678 5070 3711 5123 l.
3750 5070 3892 5140 ¹⁷1)

473 5175 743 5219 manare
807 5152 968 5232 dico,
1035 5155 1195 5223 dum
1238 5155 1564 5233 Christus,
1631 5179 1715 5221 ne
1780 5161 2025 5222 otiosus
2091 5159 2160 5222 in
2226 5156 2414 5224 nobis
2519 5217 2569 5264 a
2602 5213 2664 5264 in
2699 5138 3133 5280 εξὲηέῂέζηῆεΐ
3157 5139 4472 5332 Ξῗξαῧνέζξέἒᾘᾞιέὲξξααὸωζ

473 5238 743 5315 habitet,
792 5242 921 5304 vim
959 5243 1227 5323 spiritus
1264 5243 1364 5308 sui
1408 5242 1477 5306 in
1518 5242 1884 5307 manifestis
1919 5243 2105 5308 donis
2148 5245 2411 5326 profert.
2517 5279 2780 5334 acuatum.
2850 5279 2941 5334 De
2975 5279 3289 5335 Almam„-
3322 5279 3561 5334 “dvm
3595 5295 3643 5333 υ,
3681 5277 3757 5334 Ν,
3963 5284 4016 5333 α
4052 5279 4208 5334 Mart
4280 5295 4362 5334 ω
4398 5277 4475 5333 aa

470 5325 607 5393 Nee
653 5344 813 5391 vero
855 5326 1207 5394 absurdum
1251 5339 1370 5406 est,
1417 5327 1779 5406 Christum,
1827 5329 1932 5394 ubi
1980 5331 2051 5392 in
2087 5331 2226 5394 eius
2270 5351 2413 5396 cor·
2463 5299 2470 5401 ³.
2517 5346 2604 5401 23.
2643 5346 2789 5417 Sept.
4207 5294 4280 5349 Ψ
