4850 6200
513 417 641 477 803

515 600 882 668 Mauricius
898 605 953 671 1Ι)
1006 599 1116 665 1116
1164 620 1448 682 pransus
1496 605 1597 665 est
1651 600 1757 664 die
1813 599 2142 664 hesterno.
2243 599 2461 665 Breve

508 689 691 754 inter
750 708 868 751 nos
911 686 1038 749 fuit
1094 685 1486 768 colloquium
1530 686 1682 767 quia
1725 684 2033 751 Gaiensis
2098 686 2461 767 praefectus

513 774 787 841 honeris
831 791 1026 836 causa
1069 792 1197 836 non
1244 770 1467 853 procul
1493 771 1734 845 aberat,
1780 780 1848 835 et
1891 769 2068 834 nullo
2102 770 2293 835 modo
2335 771 2462 835 ’1111-

509 860 758 945 petrari
817 858 1034 940 potuit
1080 864 1154 920 ut
1198 856 1445 920 diutius
1490 864 1799 921 maneret.
1890 857 2186 921 Venerat
2227 856 2462 940 plenus

507 944 903 1030 prodigiosis
962 943 1310 1026 figmentis.
1401 942 1670 1008 Utinam
1720 960 1869 1006 eum
1926 942 2090 1006 bene
2135 963 2462 1026 purgave-

512 1032 660 1097 rim.
747 1032 849 1095 De
892 1027 1201 1093 fratribus
1248 1028 1522 1111 captivis
1539 1029 1596 1107 ⁸)
1642 1026 1855 1091 adhue
1888 1027 2247 1109 pendemus
2283 1029 2463 1093 inter

511 1138 698 1199 spem
741 1124 810 1179 et
854 1125 1120 1179 metum.
1188 1113 1439 1179 Iterum
1484 1112 1718 1177 valete.
1788 1113 2102 1178 Genevae
2149 1118 2205 1178 3.
2249 1115 2462 1180 calen—

514 1202 633 1270 das
678 1201 983 1269 Octobris
1031 1202 1219 1263 1555.

1408 1334 1688 1399 Ioannes
1731 1334 2050 1402 Calvinus
2096 1346 2328 1403 vester.

1267 1641 1677 1657 m

1394 1862 1599 1931 2309.

860 2014 1428 2083 HOTOMANUS
1474 2018 2113 2085 BULLINGERO.

681 2186 985 2253 Basileae
1025 2189 1255 2253 multos
1308 2188 1470 2253 videt
1518 2188 1898 2254 Castalionis
1941 2191 2266 2268 studioso-3,
2318 2191 2460 2258 Gal-

506 2274 646 2340 vini
680 2275 1111 2339 obtrectatores.
1188 2275 1311 2355 Qui
1343 2277 1505 2339 satis
1535 2277 1721 2357 yravi
1754 2275 1963 2341 morbo
1996 2298 2159 2342 nunc
2202 2278 2458 2344 laborat.

509 2443 864 2510 OExcerptnm
902 2460 968 2496 ex
1005 2444 1134 2497 Cod.
1174 2446 1346 2499 Paris.
1388 2445 1531 2498 Bibl.
1566 2448 1768 2500 nation.
1803 2445 1960 2515 8586,
2002 2449 2094 2502 fol.
2138 2447 2187 2501 2.
2227 2452 2458 2518 Autegr.

506 2513 785 2581 Integram
834 2513 1092 2566 exhibent
1143 2516 1278 2583 Epp.
1327 2515 1756 2568 Hotomanorum
1809 2517 2103 2584 impressae
2156 2518 2241 2574 ed.
2288 2519 2340 2572 J.
2391 2519 2458 2573 G.

1001 2582 1186 2635 Meelii
1226 2586 1402 2636 Amst.
1441 2581 1596 2638 1700.
1633 2586 1685 2636 4.
1725 2603 1845 2654 pag.
1885 2585 1963 2651 1.)

684 2748 1064 2819 Clarissimo
1127 2756 1264 2818 viro
1312 2755 1393 2819 D.
1440 2755 1729 2820 Henrico
1766 2758 2152 2842 Bullingero
2215 2760 2460 2842 pastori

509 2835 819 2902 ecclesiae
864 2839 1220 2922 Tigurinae
1265 2840 1568 2924 theologo
1610 2845 2189 2993 praestantiss'irmo.
2248 2932 2261 2944 ·

2099 2952 2283 3013 igun.

511 3130 595 3141 —
639 3131 724 3141 ⁴—
773 3134 828 3140 σι’-
895 3135 959 3143 -
1014 3133 1100 3143 -
1146 3133 1228 3143 —
1267 3133 1346 3144 .-
1386 3137 1462 3146 —
1514 3137 1593 3146 —
1645 3137 1965 3147 ———
2007 3139 2086 3146 ———
2128 3140 2208 3148 —
2254 3139 2459 3151 ——

511 3180 836 3245 Sulcerum
863 3187 912 3262 ¹)
958 3193 1025 3246 et
1047 3182 1536 3247 Amorbaclzium
1578 3186 1781 3267 probo
1802 3187 2123 3268 inprimis.
2172 3190 2457 3269 itemque

515 3267 927 3332 Grata-rolum
969 3279 1287 3342 nostrum,
1334 3291 1542 3352 neque
1588 3269 1813 3336 dubito
1862 3273 2003 3355 ipse
2049 3275 2206 3338 alios
2262 3295 2457 3356 quam

507 3353 765 3426 multoe,
839 3375 1114 3433 quorum
1160 3354 1501 3436 integritas
1546 3369 1612 3419 et
1654 3358 1880 3440 religio
1929 3360 2069 3422 Deo
2114 3371 2304 3442 grata
2348 3361 2456 3424 sit.

510 3436 644 3502 Sed
709 3437 1089 3506 Castalionis
1149 3440 1240 3503 ita
1300 3455 1453 3503 sunt
1497 3441 1768 3506 studiosi
1815 3455 1880 3506 et
1924 3457 2217 3509 amantes
2261 3446 2455 3526 pleri·

507 3544 664 3605 que,
734 3535 805 3587 ut
870 3525 992 3589 hoc
1058 3527 1241 3608 quasi
1311 3528 1576 3591 Atlante
1640 3529 1890 3593 coelum
1948 3530 2164 3595 fulciri
2229 3531 2459 3612 religio

510 3623 575 3673 et
620 3609 826 3693 pietas
872 3612 1302 3675 existimetur.
1412 3612 1590 3692 Quid
1636 3636 1791 3697 ergo
1838 3616 2213 3697 impressori
2269 3617 2457 3700 galli·

510 3716 734 3760 corum
793 3696 1211 3762 bibliorum2›
1274 3699 1353 3761 de
1413 3697 1695 3764 hominis
1740 3701 2022 3766 stultitia
2058 3700 2356 3776 dixerim,
2394 3713 2460 3766 et

506 3781 1067 3862 interpretationis
1140 3784 1360 3865 inepta
1424 3785 1736 3861 audacia„
1798 3796 1911 3850 aut
1967 3788 2182 3853 furore
2227 3790 2460 3870 potins,

453 3906 460 3915 ·
511 3866 729 3931 sciunt
787 3888 916 3930 non
977 3869 1196 3949 pauci:
1260 3868 1607 3952 Quumque
1661 3893 1701 3934 a
1744 3892 1848 3936 me
1894 3874 2193 3938 nonnulli
2239 3876 2461 3956 petiis-

510 3962 660 4016 sent
717 3963 791 4014 ut
837 3954 1254 4034 praefat-ionis
1310 3956 1652 4019 stultitiam
1678 3965 1730 4032 3)
1789 3959 2203 4040 explicarem,
2256 3962 2462 4045 serip-

509 4038 636 4101 tori
675 4058 818 4100 meo
862 4037 1101 4103 dictavi
1138 4040 1305 4105 hanc
1328 4041 1971 4121 admonitiunculam,
2015 4067 2213 4126 quam
2246 4048 2316 4110 in
2360 4046 2466 4111 his

506 4122 719 4187 literis
776 4124 1028 4189 inclusi.
1117 4124 1192 4190 Si
1253 4127 1524 4192 facultas
1592 4129 1791 4192 ferret
1847 4132 2293 4214 maximopere
2347 4154 2462 4197 cu·

511 4229 734 4292 perem
794 4211 1258 4291 praefationem
1322 4215 1588 4288 mutari,
1638 4236 1805 4296 quae
1859 4216 2107 4294 Gallis,
2167 4239 2463 4299 praeser-

514 4294 633 4358 tim
693 4295 937 4369 aulicis,
998 4298 1052 4361 si
1097 4298 1177 4360 ab
1223 4299 1314 4360 eis
1361 4298 1633 4381 legatur,
1682 4301 2073 4381 perridicula
2120 4303 2460 4368 videbitur.

689 4380 990 4445 Calvinus
1047 4395 1263 4447 autem
1323 4384 1528 4447 nihilo
1581 4384 1816 4450 melius
1882 4386 1986 4452 hie
2045 4387 2228 4452 audit
2269 4410 2461 4472 quam

513 4465 841 4532 Lutetiae.
867 4471 918 4545 ⁴)
1009 4466 1199 4548 Quod
1261 4469 1314 4532 si
1375 4470 1518 4550 quis
1571 4483 1686 4534 aut
1730 4470 2131 4536 deierantem
2180 4487 2297 4539 aut
2338 4474 2461 4539 las-

513 4551 866 4616 civientem
910 4565 1238 4636 coarguat,
1265 4553 1636 4620 Calvinista
1672 4558 2102 4622 contumeliae
2125 4581 2322 4625 causa
2346 4581 2461 4625 no·

513 4689 664 4698 -—--
721 4693 778 4697 ...-

721 4769 782 4832 2)
821 4773 1061 4841 Leqatus
1110 4777 1297 4840 reqiue
1343 4775 1574 4830 Morelet
1620 4777 1685 4831 de
1733 4777 1986 4844 Mueeau,
2036 4781 2181 4836 aliae
2219 4781 2465 4836 Maurus

521 4841 804 4895 Musaeum.
876 4842 989 4906 (Of.
1029 4843 1102 4896 N.
1140 4842 1294 4897 2306.
1329 4843 1508 4905 2314.)

723 4908 782 4970 3)
826 4909 1341 4967 Cameriaeensnbue.

513 4977 793 5043 28661)
832 4981 1124 5033 Suicerum.
1169 4981 1277 5034 Ed.

723 5046 783 5106 2)
827 5047 1101 5117 leupo-essa
1148 5056 1278 5104 sunt
1319 5066 1417 5118 per
1454 5050 1536 5104 Io.
1568 5048 1911 5119 Hervaqium
1947 5068 2014 5105 m.
2055 5053 2270 5108 Martio
2304 5052 2462 5109 1555.

726 5114 788 5180 3)
825 5115 913 5171 De
938 5135 1048 5188 qua
1078 5125 1138 5173 tu
1169 5134 1286 5185 11166
1315 5119 1538 5173 iudices.
1575 5120 1983 5187 Descripeimus
2010 5135 2184 5189 supra
2211 5121 2289 5176 N.
2311 5122 2462 5178 1889.

724 5183 785 5246 4)
827 5185 900 5238 ld
943 5202 1076 5241 eane
1111 5188 1456 5244 Academicis
1489 5187 1896 5244 Basilieneibue
1938 5197 2213 5258 accepitne·
2257 5192 2464 5258 referre

511 5256 758 5332 peterat,
807 5254 1068 5319 fortassis
1118 5259 1283 5312 etiam
1333 5258 1636 5314 recentibus
1687 5257 1931 5327 politicis
1983 5261 2161 5315 turbis
2217 5259 2464 5317 06116666

2024 408 2547 476 ΕΡῙΒΤΟΒΔΕ
2592 411 2966 475 2308-231
2979 411 3014 472 2

4383 413 4509 475 804

2562 598 2871 663 minatur.
2957 598 3284 665 Dominus
3328 598 3786 665 Genevensem
3842 596 4182 664 ecelesiam
4225 604 4510 680 tueatur,

2564 705 2728 766 quae
2772 684 3170 768 singularem
3215 685 3542 768 quandam
3566 683 3975 767 disciplinam
4020 693 4085 748 et
4128 702 4286 749 vere
4312 682 4515 750 chris·

2564 771 2811 834 tianam
2841 780 3206 836 conservat.
3231 808 3311 819 —
3359 807 3437 819 -
3483 806 3570 817 —
3606 805 3793 816 ——

2739 853 2822 920 D.
2846 854 3160 930 Calvinus,
3185 877 3387 940 quum
3412 856 3596 919 illinc
3617 855 3901 933 discessi,
3918 856 3977 927 ὃ)
4002 855 4229 921 lateris
4251 875 4512 921 6111111116

2568 941 2788 1006 dolore
2844 942 3265 1007 afficiebatur.

2567 1027 2666 1091 dis
2701 1029 2927 1093 morbo
2970 1027 3483 1110 pertimescebat.

2566 1113 2801 1178 tissimi
2876 1115 3005 1178 viri
3082 1113 3524 1179 valetudinem
3611 1113 3922 1178 ecelesiae
3987 1124 4137 1179 tuae
4209 1114 4513 1196 precibus

2566 1199 2984 1264 commendes
3018 1221 3299 1281 eumque
3341 1200 3472 1264 tuis
3508 1200 3715 1264 literis
3759 1200 4106 1264 consolere.
4174 1200 4345 1263 Nam
4388 1221 4513 1264 un-

2569 1285 2763 1366 dique
2839 1285 3183 1351 allatratur
3259 1286 3812 1369 importunissime
3877 1294 3946 1349 et
4019 1285 4514 1350 immanissime.

2569 1369 2752 1450 Quos
2788 1371 3154 1455 significem
3197 1372 3353 1436 satis
3395 1374 3566 1436 nesti
3617 1410 3689 1417 —
3730 1408 3810 1419 -
3858 1408 3919 1415 --
3964 1408 4053 1418 —-
4094 1407 4171 1418 -
4209 1371 4516 1437 Basileae

2569 1460 2626 1520 3.
2675 1456 2810 1522 Cal.
2861 1456 3085 1523 Octob.
3141 1463 3318 1522 1555.

3476 1594 3869 1661 Franciseus
3910 1593 4338 1659 Hotomanus.

3364 942 3592 1006 Textor
3646 941 3937 1006 medicus
3998 944 4057 1007 ei
4117 963 4158 1006 a
4199 942 4513 1025 pleureti-

3575 1027 3839 1108 Quaeso
3882 1033 3957 1091 nt
3999 1029 4227 1111 optimi
4273 1036 4341 1091 61
4381 1029 4513 1093 for·

3326 1889 3739 1898 ———-——.

3439 2106 3628 2176 231⁰.

2957 2259 3625 2328 BULLINGERUS
3671 2260 4105 2326 CALVINO.

2735 2430 2938 2497 Mittit
2991 2433 3050 2497 ei
3104 2433 3267 2498 duas
3325 2432 3618 2515 epistolas
3666 2431 4158 2498 Melanchthonis
4200 2439 4256 2499 et
4300 2433 4513 2502 Lusci.

2567 2603 2988 2672 (Autegraphon
3034 2610 3213 2655 exstat
3261 2604 3315 2656 in
3361 2603 3487 2656 Cod.
3537 2603 3739 2657 GeneV.
3776 2602 3892 2669 114,
3941 2603 4035 2659 fol.
4071 2602 4157 2656 94.
4229 2604 4407 2658 Habet
4454 2611 4513 2660 et

2565 2673 2826 2726 Simlerus
2864 2672 2985 2725 Vol.
3023 2672 3105 2725 85.
3177 2672 3365 2724 Edidit
3418 2674 3553 2725 Beza
3596 2672 3794 2726 Gener.
3843 2691 3896 2742 p.
3945 2670 4055 2741 174,
4104 2673 4263 2726 Laus.
4300 2692 4353 2744 p.
4392 2674 4511 2742 357,

2875 2742 3086 2794 HanoV.
3122 2758 3175 2810 p.
3207 2739 3329 2807 400,
3363 2741 3571 2794 Chouet
3602 2759 3655 2810 p.
3693 2739 3814 2809 235,
3850 2743 4022 2797 Amet.
4053 2740 4199 2808 108.)

2562 2911 2944 2978 Clarissimo
2989 2915 3131 2978 viro
3170 2913 3250 2977 D.
3278 2912 3508 2977 Ioanni
3532 2912 3814 2978 Calvino
3857 2912 4269 2978 Genevensis
4305 2913 4511 2979 66616-

2562 3000 2694 3063 siae
2729 2999 2975 3082 pastori
3020 2998 3396 3097 fidelissimo
3440 2998 3700 3098 domino
3722 2998 4174 3065 colendissimo
4209 3008 4275 3064 et
4322 3001 4511 3065 fratri

3268 3107 3601 3151 carissime
3645 3107 3807 3152 11166.

2734 3255 2803 3322 S.
2877 3258 2951 3320 D.
3025 3259 3281 3339 Accipe,
3345 3258 3679 3322 carissime
3744 3258 3835 3322 mi
3876 3259 4081 3323 frater
4137 3269 4204 3321 et
4248 3255 4508 3324 demine

2562 3341 3033 3416 colendissime,
3072 3344 3370 3426 exempla
3405 3343 3824 3425 epistolarum
3867 3344 4122 3408 harum.
4155 3348 4205 3414 ¹)
4276 3341 4509 3409 Putavi

2562 3428 2630 3491 in
2654 3426 2757 3492 his
2780 3449 2919 3492 esse
2945 3449 3109 3510 quae
3152 3439 3217 3493 te
3262 3429 3526 3493 omnino
3563 3429 3726 3492 seire
3769 3431 4132 3495 conveniat.
4198 3427 4358 3494 Ideo
4393 3450 4511 3511 per

2563 3535 2876 3597 generum
2929 3535 3150 3578 meum
3168 3516 3226 3590 2)
3287 3514 3559 3579 describi
3616 3516 3857 3580 curavi.
3960 3516 4371 3598 Copiosiores
4426 3516 4511 3579 li-

2563 3608 2739 3664 teras
2785 3600 3035 3664 adferet
3072 3601 3155 3664 D.
3182 3600 3468 3665 Thomas
3502 3600 3850 3676 Leverus⁸)
3902 3601 4172 3685 Anglus‚
4217 3601 4319 3666 cui
4363 3601 4513 3667 hen‘

2565 3685 2684 3750 tibi
2753 3686 3048 3752 ferendas
3113 3685 3373 3750 tradidi.
3462 3684 3849 3769 Opportune
3909 3708 4084 3753 nune
4150 3686 4379 3751 aderat
4419 3687 4508 3753 D.

2572 3770 2906 3854 (hi-spinas
2948 3781 3190 3850 noster,
3210 3774 3269 3853 ⁴)
3314 3771 3419 3837 cui
3464 3772 3585 3835 has
3622 3772 3778 3838 dare
3834 3775 4030 3839 volui.
4119 3772 4305 3838 Vale.
4395 3773 4507 3837 'ri-

2566 3857 2731 3940 guri,
2769 3858 2999 3923 ultima
3040 3856 3369 3939 Septemb.
3424 3861 3602 3922 1555.

3688 3996 4111 4081 Bullingerus
4158 4005 4331 4062 tuus.

2770 4213 2805 4266 5
2869 4214 2933 4269 Si
2963 4216 3100 4286 quid
3134 4217 3375 4271 videmus
3409 4219 3522 4270 iam
3556 4217 3763 4270 dudum
3806 4217 3998 4270 itineri
4038 4233 4094 4272 66
4135 4218 4362 4274 dederat
4398 4218 4509 4284 (N.

2564 4282 2717 4337 2249.
2893 4291 2911 4345 )
2949 4293 2999 4340 et
3032 4287 3241 4340 interea
3279 4286 3542 4341 Calvinae
3575 4286 3942 4340 convalescere
3971 4289 4175 4355 potuit.-
4219 4305 4350 4342 nam
4386 4289 4508 4357 ipse

2565 4354 2628 4406 in
2661 4355 3051 4408 recentioribus
3082 4356 3322 4422 epistolis
3357 4355 3422 4408 de
3457 4356 3558 4409 tali
3588 4355 3770 4409 morbo
3808 4362 3960 4409 tacet.

2568 4420 2829 4480 zalal)
2869 4424 3111 4476 Alteram
3176 4423 3611 4478 Melancmhonis
3665 4423 3742 4478 N.
3800 4422 3968 4493 2275,
4035 4427 4262 4480 alteram
4333 4425 4511 4482 Laod

2571 4488 2645 4543 N·
2681 4487 2836 4622 22925).
2872 4557 3071 4612 Plures
3114 4558 3306 4613 habuit
3346 4576 3588 4629 generos,
3635 4560 3875 4615 Ulricum
3909 4561 4248 4629 Ztoinyliun,
4297 4561 4513 4616 Ionia-

2570 4625 2857 4680 simler-um
2891 4634 2941 4681 et
2978 4628 3318 4683 Ludovicum
3360 4627 3704 4683 Βαναῖον-11111.

2773 4694 2834 4762 3)
2870 4695 2958 4749 De
3008 4697 3218 4751 Levero
3269 4705 3440 4767 (quem
3489 4699 3761 4754 Lenerum
3816 4707 4007 4754 vocant
4059 4698 4208 4764 edd.)
4261 4697 4388 4752 vide
4432 4698 4510 4754 N.

2565 4761 2722 4845 2307,
2756 4770 2864 4845 πρε.
2907 4763 2983 4818 12.
3062 4763 3214 4834 Quae
3257 4771 3382 4834 ipsa
3426 4770 3652 4835 epistola
3700 4784 3764 4823 ea
3798 4775 3877 4823 eet
3919 4784 4080 4837 quan·
4116 4766 4298 4836 Anyto
4333 4767 4509 4821 trado·-

2565 4832 2712 4887 dwoe
2743 4833 2939 4966 affin:
2975 4902 3387 4966 Franeor'ordia
3419 4904 3610 4958 redux.
3685 4904 3767 4972 Of.
3803 4904 3879 4959 N.
3917 4903 4068 4958 2293.
