4850 6200
444 403 570 464 619

442 597 544 653 est
584 585 959 651 humanitas
1003 584 1340 667 pietasque
1384 582 1547 649 adeo
1592 603 1752 668 erga
1801 583 2057 664 fratres,
2102 581 2185 649 de
2227 604 2387 665 quo-

443 693 592 738 rum
656 670 851 738 corde
907 670 1257 753 animoque
1321 669 1439 735 tibi
1498 677 1802 736 constare
1856 677 2016 753 puto
2075 690 2394 752 speroque

442 758 620 825 satis.
712 755 847 823 Sed
889 756 1053 822 haec
1094 755 1285 820 nobis
1340 756 1516 820 inter
1557 775 1680 821 nos
1719 757 1981 821 firmata
2024 763 2393 839 testataque

443 844 605 911 satis
648 844 1044 908 omittantur
1084 841 1375 925 posthac.

618 930 701 995 D.
753 928 1055 1010 Philippo
1096 928 1192 1014 τῷ
1231 928 1419 1005 Μελ.,
1440 929 1499 1002 ²)
1544 948 1749 1010 quum
1790 924 2059 1010 legisset
2099 926 2263 991 mihi
2310 925 2395 991 ad

445 1038 515 1083 se
571 1023 734 1092 tuas,
793 1022 985 1079 autor
1037 1013 1135 1079 fui
1174 1021 1248 1078 ut
1302 1013 1530 1078 statim
1586 1013 1709 1078 tibi
1763 1011 2168 1079 rescriberet.
2255 1012 2394 1078 Re-

442 1102 848 1185 scripserunt
889 1099 1092 1164 etiam
1147 1098 1393 1183 aliquot
1434 1098 1644 1164 multi.
1732 1097 1871 1163 Nec
1914 1110 2017 1164 est
2058 1098 2231 1180 quod
2272 1098 2391 1163 du-

442 1186 612 1253 bites
667 1195 735 1252 te
790 1185 967 1270 apud
1024 1184 1247 1251 doctos
1304 1183 1634 1268 bonosque
1688 1183 1936 1268 passim
1988 1184 2134 1250 heic
2192 1185 2392 1250 etiam

442 1272 757 1357 plurimos
820 1273 889 1336 in
955 1292 1213 1337 summa
1277 1280 1345 1336 et
1407 1270 1621 1355 gratia
1684 1291 1826 1336 esse
1889 1279 1956 1335 et
2020 1271 2387 1335 autoritate.

440 1359 717 1426 Utinam
757 1357 923 1423 illud
957 1378 1164 1422 unum
1196 1357 1525 1422 Dominus
1559 1356 1914 1423 clementer
1951 1355 2055 1421 vel
2100 1367 2391 1441 tempore

444 1444 601 1511 dare
635 1465 768 1510 non
805 1442 1290 1527 dedignaretur,
1327 1454 1406 1507 ut
1440 1442 1547 1508 vel
1582 1463 1704 1507 nos
1747 1452 2005 1507 tantum
2041 1442 2214 1508 inter
2250 1464 2387 1519 nos,

443 1538 560 1597 aut
580 1538 957 1596 nostrorum
999 1537 1114 1593 aut
1134 1538 1509 1595 vestrorum
1546 1530 1747 1593 etiam
1779 1529 2155 1612 principum
2191 1529 2390 1595 ductu

443 1617 922 1699 autoritateque
965 1634 1184 1680 coram
1227 1616 1425 1679 etiam
1459 1613 1770 1698 congredi
1804 1614 2148 1697 possimus,
2171 1617 2225 1695 ⁸)
2273 1622 2392 1679 aut

443 1703 501 1768 si
546 1701 823 1767 Domino
882 1700 1220 1768 videretur
1275 1699 1578 1765 omnibus
1634 1700 1837 1765 etiam
1895 1701 2226 1767 veteribus
2284 1722 2390 1766 re-

441 1788 967 1869 centioribusque
1010 1785 1430 1864 ἅπικειμένοις
1473 1787 1848 1851 convocatis
1902 1787 1974 1850 in
2018 1808 2225 1851 unum
2276 1786 2388 1851 ob·

440 1876 627 1940 viare
688 1874 919 1938 liceret
982 1870 1134 1936 κατὰ
1188 1873 1511 1954 πρόσωπον
1566 1879 1687 1945 τοῖς
1744 1880 2239 1952 κατεγνωσμένοις
2290 1876 2391 1935 καὶ

442 1960 544 2024 οὐκ
612 1957 1055 2043 ὀρθοποδοῦσιν
1118 1957 1274 2041 πρὸς
1340 1957 1447 2034 τήν
1509 1955 1802 2035 ἀλήθειαν
1864 1961 1969 2020 τοῦ
2032 1957 2389 2039 εὐαγγελίου,

443 2068 640 2130 quam
686 2046 948 2110 visurus
992 2064 1185 2121 esses,
1246 2043 1340 2107 mi
1389 2041 1662 2122 Calvino,
1722 2045 1813 2107 mi
1855 2044 2061 2109 frater
2112 2043 2388 2123 Calvina,

443 2132 648 2198 oeulis
714 2133 844 2195 tuis
913 2143 1123 2214 wan
1179 2140 1447 2245 ‘pawn
1505 2141 1613 2237 ΡἾ
1674 2144 1903 2214 rix-tn
1956 2144 2186 2214 τίκ-11.
2255 2150 2390 2195 non

460 2250 844 2334 Westphalos
884 2248 1095 2328 modo,
1160 2249 1440 2325 stabias,
1485 2250 1894 2331 Amsdmfios,
1946 2249 2311 2328 Galbiculos,
2332 2254 2391 2329 ⁴)

444 2337 560 2403 sed
603 2339 983 2403 universam
1028 2338 1226 2401 etiam
1283 2335 1537 2400 lernam
1582 2336 1907 2401 malorum
1954 2344 2070 2401 aut
2119 2338 2392 2403 confun-

445 2423 727 2489 dendam
782 2423 1139 2506 propalam,
1201 2432 1318 2487 aut
1374 2421 1458 2485 ad
1517 2423 1844 2487 saniorem
1889 2434 2177 2487 mentem
2224 2423 2394 2488 redi-

444 2518 681 2575 turam.
759 2510 984 2574 Etiam
1029 2529 1111 2573 ex
1157 2508 1475 2590 episcopis
1527 2507 1659 2574 illis
1715 2509 1787 2572 in
1830 2507 2034 2573 verba
2086 2508 2245 2573 idoli
2290 2531 2394 2574 ro-

443 2597 626 2660 mani
690 2597 819 2658 iam
883 2594 1043 2660 olim
1105 2594 1340 2659 iuratis
1394 2594 1745 2660 nonnullos
1800 2594 1939 2659 fore
1997 2594 2392 2660 confiderem

444 2689 551 2757 (ut
592 2696 767 2747 certe
810 2679 984 2763 apud
1028 2702 1146 2745 nos
1188 2682 1321 2744 iam
1364 2699 1540 2745 nunc
1582 2688 1741 2745 sunt
1782 2680 2101 2764 quidam),
2160 2682 2395 2764 quibus

442 2767 653 2832 multo
696 2766 1068 2832 mitioribus
1113 2765 1650 2848 aequioribusque
1691 2786 1887 2849 quam
1945 2788 2232 2850 unquam
2278 2790 2395 2832 an-

442 2864 571 2931 tea,
618 2861 732 2919 aut
774 2874 951 2918 nunc
995 2850 1220 2918 credat
1263 2853 1629 2935 quisquam,
1675 2873 1908 2918 usuros
1951 2875 2072 2918 nos
2108 2855 2395 2936 experiri

444 2940 588 3024 ipse
632 2940 860 3022 possis.
950 2938 1053 3003 Ne
1096 2937 1324 3003 credas
1368 2938 1546 3003 enim
1568 2939 1603 2976 *
1647 2945 1825 3003 certe
1881 2936 2143 3021 quidem
2195 2961 2395 3023 quam

441 3025 634 3091 multi
677 3023 921 3107 alioqui
979 3022 1240 3088 honesti
1284 3032 1352 3087 et
1394 3024 1628 3107 optimi
1674 3024 1800 3087 viri
1841 3023 1947 3090 his
1991 3032 2125 3089 tam
2166 3025 2395 3091 multis

444 3112 855 3193 diversisque
896 3111 1017 3172 τῶν
1057 3110 1404 3190 σχισμᾰτων
1445 3109 1868 3190 οἷποσχίσμασι
1920 3109 2219 3194 impediti
2261 3114 2398 3179 sint

444 3219 521 3263 ac
565 3196 1011 3280 impediantur
1052 3197 1123 3260 in
1167 3196 1346 3261 hunc
1389 3195 1564 3260 diem
1609 3203 1677 3260 et
1718 3196 2256 3277 scandalizentur,
2312 3219 2397 3263 ne

443 3303 683 3349 manus
718 3281 873 3346 dare
909 3280 1178 3347 Christo
1210 3282 1675 3365 captivareque
1716 3281 2130 3348 intellectum
2176 3285 2247 3348 in
2283 3285 2395 3351 ob-

444 3369 748 3453 sequium
783 3367 1082 3433 veritatis
1125 3368 1329 3434 solius
1372 3369 1505 3434 iam
1541 3389 1718 3435 nunc
1752 3376 2023 3452 possent
2066 3377 2202 3434 tam
2245 3371 2395 3436 cito.

444 3453 639 3537 Quod
664 3456 722 3528 ὅ)
766 3456 823 3520 si
858 3461 1185 3520 sectarum
1220 3456 1699 3519 neotericamm
1742 3454 2020 3520 istarum
2053 3456 2396 3539 paleoteri-

444 3560 799 3624 carumque
843 3541 1111 3606 nomina
1152 3549 1292 3605 tam
1336 3540 1727 3623 multiplicia
1783 3548 1850 3605 et
1904 3541 2254 3607 innumera
2310 3564 2399 3609 ne

442 3626 642 3693 fando
686 3626 949 3710 quidem
995 3635 1214 3692 essent
1259 3625 1502 3704 audita,
1562 3636 1628 3691 et
1668 3628 1917 3692 veritas
1974 3628 2121 3712 ipsa
2162 3648 2284 3711 per
2325 3648 2397 3694 se

443 3716 618 3779 inter
660 3712 884 3779 doctos
921 3712 1438 3795 moderatosque,
1483 3713 2027 3779 convenientibus
2070 3716 2143 3778 in
2186 3736 2396 3780 unum

446 3800 549 3864 vel
595 3801 668 3863 in
711 3800 1148 3877 oecumenica,
1196 3798 1300 3864 vel
1343 3801 1414 3863 in
1456 3799 1797 3874 nationali,
1845 3800 1951 3865 vel
1996 3800 2396 3884 quibuscun-

444 3906 572 3969 que
614 3884 884 3950 tandem
931 3885 1055 3968 piis
1099 3885 1603 3968 christianisque
1648 3906 1724 3950 ac
1779 3884 2006 3952 liberis
2051 3898 2119 3951 et
2174 3886 2395 3971 legiti-

443 3972 571 4037 mis
614 3978 745 4044 ταῖς
787 3967 1057 4044 συνόδοις
1100 3970 1556 4055 congressibus
1601 3979 1716 4036 aut
1757 3971 2091 4055 colloquiis
2135 3974 2391 4039 amicis:

444 4056 746 4144 equidem
769 4058 1035 4121 omnino
1057 4058 1257 4122 etiam
1284 4064 1478 4140 atque
1512 4060 1713 4122 etiam
1737 4077 2124 4140 persuasum
2148 4058 2395 4124 habent

443 4141 617 4209 docti
681 4143 1162 4226 optimatesque
1226 4153 1293 4207 et
1353 4141 1860 4209 moderatissimi
1939 4144 2178 4228 quique
2257 4163 2392 4211 tam

435 4228 629 4295 facile
659 4250 848 4312 posse
868 4228 950 4293 de
984 4229 1457 4314 principalibus
1492 4230 1798 4295 omnibus
1832 4231 2116 4315 transigi
2150 4232 2392 4298 consti-

437 4318 665 4399 tuique
721 4315 1002 4379 formula
1047 4335 1199 4382 vere
1243 4315 1369 4397 piis
1411 4322 1478 4379 et
1533 4315 1871 4383 catholicis
1925 4319 2230 4400 sanisque
2273 4338 2393 4402 per

438 4402 661 4467 omnia
694 4400 1050 4485 probanda,
1087 4420 1285 4483 quam
1327 4402 1515 4468 facile
1540 4423 1808 4468 manum
1845 4415 2063 4469 vertas
2087 4403 2391 4469 dextram

441 4497 639 4553 tuam.
727 4486 875 4552 Hac
919 4486 1001 4552 de
1042 4508 1116 4552 re
1160 4508 1363 4570 quum
1408 4508 1540 4553 non
1597 4490 1841 4571 possim
1901 4488 2226 4572 deponere
2266 4511 2392 4555 un-

646 4778 707 4842 2)
750 4777 981 4833 Constat
1017 4795 1137 4833 eum
1172 4777 1224 4834 d.
1266 4779 1346 4833 10.
1389 4779 1539 4834 Mais·
1573 4780 1807 4848 Lipsiae
1835 4781 2025 4846 fuisse.

647 4846 708 4913 3)
747 4847 873 4901 Iam
920 4848 1051 4903 inde
1096 4864 1134 4902 a
1180 4855 1445 4903 conventu
1493 4848 1908 4918 Numburyensi
1938 4866 2009 4904 m.
2050 4849 2210 4904 Maio
2258 4849 2395 4904 1554

441 4917 706 4974 celebrato
739 4916 806 4970 de
838 4916 1105 4986 colloquio
1138 4917 1259 4972 theo
1346 4933 1501 4972 orum
1519 4919 1785 4985 agebatur
1891 4934 1925 4973 ο
1960 4918 2178 4974 tandem
2212 4933 2396 4974 omnes

441 4986 843 5042 οοπῠνοοενείαε
891 4989 1222 5054 sopirentur.
1351 4986 1461 5040 uod
1508 4988 1746 5040 maxime
1835 5003 1913 5040 aa
1971 4987 2394 5057 Christophorus

494 5055 779 5178 figggoslae
793 5055 1075 5184 Ισόιέξώαἰ.
1148 5054 1391 5121 (Planck
1426 5056 1493 5109 V.
1526 5054 1578 5118 2,
1610 5071 1667 5124 p.
1702 5052 1822 5108 441.
1871 5055 2063 5124 Heppe
2112 5057 2393 5113 deutschen·

650 5190 708 5255 4)
744 5189 832 5257 Of.
867 5191 947 5247 N.
984 5191 1139 5246 2204.
1193 5191 1498 5258 (Hebraico
1530 5208 1597 5246 ese
1628 5198 1789 5261 parte
1822 5192 1920 5248 Pa.
1955 5193 2038 5247 91.
2074 5191 2147 5255 8.)

647 5257 710 5324 5)
752 5259 1043 5330 Sequentia
1087 5263 1141 5316 ει·
1185 5261 1264 5315 ad
1306 5261 1445 5331 leues
1487 5262 1693 5332 1090·oeae
1735 5263 1950 5332 wigere
2002 5263 2241 5318 valum
2280 5264 2390 5318 cris

446 5331 581 5385 1111711·
609 5344 843 5398 macnus
873 5329 1089 5399 Apollo.

1952 393 2480 463 EPISTOLAE
2524 397 2951 462 2207—2209

4324 398 4453 464 620

2497 604 2696 667 quam
2741 605 2967 651 curam
3012 583 3601 668 cogitationemque
3651 585 3868 664 istam,
3926 584 4088 668 quin
4132 585 4246 650 diu
4290 605 4449 652 noc-

2497 675 2700 753 tuque
2744 667 3024 735 mediter
3080 690 3247 753 quae
3291 670 3375 736 ad
3430 691 3659 754 pacem
3702 669 3917 736 videri
3972 677 4218 755 queant
4257 671 4450 736 Iern-

2495 755 2720 836 salem,
2765 756 2975 820 multa
3017 775 3210 839 saepe
3257 757 3531 822 veniunt
3570 755 3643 821 in
3689 764 4011 822 mentem:
4057 778 4179 824 nec
4222 755 4448 823 dubito

2493 843 2672 924 quin,
2730 842 2788 907 si
2832 841 2939 907 vel
2980 848 3307 908 vestrates
3350 841 3576 927 aliqui,
3635 843 3741 909 vel
3786 850 4117 908 nostrates
4174 842 4446 927 quidam

2494 929 2712 1005 etiam,
2747 928 3274 994 coniunctionem
3307 930 3486 1013 piam
3507 928 3746 993 malint
3764 950 3963 1012 quam
3984 928 4445 996 distractiones

2493 1011 2789 1079 duriores
2833 1013 3451 1097 periculosioresque
3492 1021 3562 1079 et
3604 1014 3795 1097 priva
3829 1014 4152 1098 quaedam
4194 1036 4444 1100 suaque

2493 1106 2562 1163 et
2615 1121 2751 1164 non
2811 1120 2976 1183 quae
3015 1098 3268 1166 Christi
3322 1108 3391 1166 et
3431 1099 3886 1168 universitatis
3902 1152 3919 1180 ‚
3977 1100 4286 1167 facillime
4339 1108 4446 1181 (ut

2492 1182 2661 1261 dixi)
2708 1185 2936 1252 haberi
2991 1188 3249 1269 possint
3304 1187 3541 1251 omnia.
3634 1184 3957 1267 Quamvis
4002 1188 4142 1254 sint
4182 1188 4294 1270 qui
4343 1185 4443 1252 di-

2492 1279 2673 1350 cant,
2729 1271 2907 1337 hunc
2959 1281 3260 1337 nostrum
3318 1272 3518 1338 etiam
3565 1271 3940 1355 Philippum
3993 1294 4174 1340 nunc
4222 1274 4444 1357 ipsum

2491 1356 2692 1422 etiam
2736 1357 3089 1423 abhorrere
3131 1358 3212 1424 ab
3257 1358 3438 1423 omni
3490 1379 3844 1442 congressu
3888 1366 3956 1424 et
3998 1357 4442 1442 disputatione

2491 1443 2960 1526 colloquiisque
3017 1443 3097 1509 de
3151 1443 3468 1528 religione
3525 1444 3830 1510 omnibus
3894 1464 4101 1529 paene
4165 1446 4441 1528 publicis

2491 1550 2568 1594 ac
2610 1529 3041 1596 liberioribus.
3111 1529 3455 1612 Quantum
3494 1537 3716 1596 tamen
3760 1530 3878 1595 tibi
3919 1530 4188 1609 tribuat,
4235 1551 4442 1614 quan-

2492 1621 2762 1699 tumque
2803 1624 2867 1680 te
2911 1624 3103 1694 amet,
3163 1636 3298 1681 non
3355 1626 3519 1699 puto
3576 1615 3697 1681 tibi
3739 1637 3883 1682 esse
3933 1617 4308 1683 obscurum:
4375 1626 4444 1684 et

2490 1700 2572 1765 ad
2617 1722 2723 1766 me
2768 1700 2872 1767 his
2930 1702 3091 1784 ipsis
3131 1700 3362 1767 diebus
3417 1712 3557 1766 tam
3615 1700 3971 1768 honorifice
4013 1702 4441 1769 amicissime-

2491 1808 2634 1870 que,
2693 1795 2773 1852 ut
2812 1788 2982 1853 nihil
3026 1789 3231 1871 possit
3273 1787 3813 1854 honorificentius
3849 1809 4162 1872 unquam.
4251 1789 4440 1874 Rogo

2492 1879 2578 1952 te,
2637 1874 2693 1939 si
2737 1872 2897 1956 quid
2939 1875 3149 1938 bonae
3192 1873 3333 1957 spei
3390 1874 3461 1938 in
3506 1875 3748 1939 vestris
3790 1874 4283 1958 magistratibus
4323 1876 4440 1942 iis—

2491 1979 2617 2042 que
2652 1980 2850 2042 penes
2885 1980 3045 2042 quos
3080 1981 3337 2025 summa
3369 1960 3506 2025 fere
3541 1979 3721 2024 nunc
3755 1982 3971 2026 rerum
4011 1969 4130 2041 est,
4164 1970 4234 2026 et
4266 1962 4441 2045 quod

2492 2043 2577 2110 ad
2611 2045 2868 2111 scholas
2904 2055 2972 2109 et
2993 2047 3168 2129 quod
3201 2046 3284 2110 ad
3320 2043 3590 2124 εὐταξίαν
3627 2045 3882 2112 adtinet
3915 2045 4438 2127 ecclesiasticam,

2493 2130 2660 2195 mihi
2715 2138 2794 2195 ut
2848 2132 3140 2197 vicissim
3198 2133 3654 2199 communices.
3742 2133 3969 2199 Nostri
4024 2133 4269 2217 frigent
4323 2133 4439 2199 ad-

2495 2216 2760 2282 modum
2799 2226 2866 2281 et
2907 2218 3349 2300 occupatiores
3386 2227 3544 2283 sunt
3575 2218 3785 2283 multo
3807 2219 3926 2284 filii
3961 2219 4157 2284 huius
4192 2219 4440 2286 saeculi

2494 2324 2644 2369 cum
2700 2304 2876 2369 curis
2934 2304 3079 2369 istis
3130 2304 3268 2369 suis
3312 2303 3392 2367 de
3435 2302 3630 2370 rebus
3686 2304 4186 2388 temporalibus,
4241 2325 4439 2389 saepe

2496 2390 2693 2453 etiam
2736 2387 3028 2469 ludicris,
3073 2389 3462 2473 voluptariis
3502 2411 3588 2455 116
3632 2390 3957 2458 dicamus:
4007 2411 4321 2475 quaerere
4363 2402 4440 2456 ut

2498 2473 2848 2540 absumant
2890 2476 3238 2558 absumpta
3294 2476 3627 2559 requirere
3672 2485 3924 2542 certum
3938 2528 3954 2555 ,
4016 2486 4210 2560 atque
4262 2479 4447 2560 ipsae

2499 2561 2684 2627 vitiis
2748 2570 2906 2626 sunt
2970 2561 3282 2626 alimenta
3345 2563 3542 2640 vices,
3569 2564 3625 2645 ⁶)
3702 2583 3897 2645 quam
3963 2570 4041 2628 ut
4150 2584 4222 2629 ro
4287 2583 4447 2629 sano

2500 2647 2711 2711 multa
2776 2645 3128 2712 videantur
3192 2647 3430 2712 facturi
3494 2650 3959 2731 suscepturive.
4133 2649 4212 2715 isi
4276 2648 4449 2732 quod

2498 2732 2764 2816 quidam
2807 2734 3126 2816 multique
3179 2733 3341 2798 adeo
3394 2734 3467 2798 in
3524 2735 3828 2800 omnibus
3891 2742 4219 2819 quaerunt
4280 2755 4449 2818 quae

2500 2838 2620 2884 sua
2684 2832 2872 2899 sunt,
2940 2840 3074 2885 non
3139 2840 3307 2902 quae
3370 2820 3526 2887 Iesu
3592 2819 3840 2886 Christi
3904 2821 4317 2905 nominisque
4380 2830 4450 2887 et

2500 2905 2830 3056 mrigelii
2891 2905 3343 3058 libergatdisque
3358 2904 3651 3057 ‚tOltiristi
3712 2907 3814 3057 itla)
3870 2908 4326 3008 abutantur-⁷).
4372 2916 4451 2973 ut

2733 3012 2951 3074 supra.
3098 3013 3135 3057 e
3232 3012 3376 3058 v1v1
3500 3014 3694 3059 amen
3817 3014 4078 3060 ommus
4129 3014 4243 3076 qm
4306 3016 4450 3079 ipse

2502 3076 2842 3145 ecclesiam
2886 3098 3196 3162 sponsam
3238 3079 3643 3146 carissimam
3677 3100 3868 3146 suam
3911 3078 4166 3147 liberali
4201 3088 4452 3148 asseret

2501 3185 2703 3230 causa
2724 3168 2761 3200 ⁴*
2802 3185 3137 3248 manuque
3180 3185 3302 3231 sua
3345 3166 3798 3249 omnipotenti.

2676 3247 2810 3315 Sed
2854 3260 3203 3335 provectus
3246 3272 3395 3317 sum
3435 3251 3698 3336 longius
3733 3273 3953 3318 amore
3987 3252 4250 3336 quidem
4293 3274 4452 3339 erga

2503 3342 2569 3399 te
2611 3356 2757 3401 meo
2801 3335 3122 3421 singulari
3163 3358 3363 3421 quem
3404 3345 3472 3403 et
3512 3338 3790 3422 accipies
3833 3347 3910 3404 tu
3949 3339 4047 3405 ita
4086 3340 4160 3405 in
4194 3347 4452 3424 partem

2502 3422 2832 3505 optimam.
2921 3424 3016 3489 Et
3073 3423 3396 3490 similibus
3438 3423 3817 3491 melioribus
3861 3435 3929 3490 et
3984 3445 4182 3508 quam
4234 3427 4452 3510 copio-

2501 3508 2761 3573 sissime
2803 3508 3244 3592 respondebis.
3307 3512 3675 3576 Aeternum
3718 3510 3884 3592 vale,
3929 3512 4035 3579 vir
4078 3511 4453 3580 doctissime

2499 3592 3103 3678 humanissimeque
3180 3604 3250 3663 et
3327 3598 3533 3664 amice
3611 3605 3945 3682 perpetue.
4049 3596 4209 3665 Dat.
4270 3600 4452 3666 ocius

2498 3679 2770 3764 Lipsiae
2820 3685 2916 3747 12.
2963 3680 3233 3749 Galend.
3277 3679 3459 3748 Iiinii
3500 3704 3675 3749 anno
3726 3689 3909 3750 1555.

3299 3824 3667 3887 Aeternum
3711 3829 3780 3887 et
3821 3843 3906 3887 ex
3949 3821 4167 3887 animo
4212 3828 4365 3888 tuus

3477 3907 3875 3974 Valentinus
3916 3908 4189 3975 Paceus.

3379 4505 3577 4575 22⁰8.

2862 4658 3397 4727 BER'PLINUS
3442 4659 4078 4728 BULLINGERO.

2671 4831 2874 4898 Mittit
2925 4834 2986 4898 ei
3040 4831 3316 4899 libellum
3374 4831 3748 4917 Wesbphali,
3804 4834 4038 4917 qaudet
4079 4854 4124 4899 a
4183 4831 4449 4902 Calvino

2494 4919 2857 5070 w,
2903 4924 2959 4984 et
2999 4922 3165 5002 optat
3205 4924 3277 4983 ut
3309 4918 3460 4987 haec
3498 4920 3796 5002 refutatio
3825 4921 4177 5003 yermanice
4207 4941 4448 5003 quoquc

2697 5261 2755 5328 6)
2802 5260 2958 5317 Unde
2989 5262 3090 5317 hos
3122 5276 3315 5317 verm
3347 5263 3640 5332 sumpserit
3664 5278 3774 5331 pro
3807 5268 4043 5332 tempore
4073 5265 4362 5319 nomm

2702 5330 2762 5398 7)
2798 5331 2957 5387 abaci
2982 5330 3285 5386 ubertatis!
