4850 6200
1189 607 1392 678 2200.

434 763 910 832 GALVINUS
957 763 1442 831 MINISTRIS
1485 762 2160 830 BERNENSIBUS.

490 938 890 1003 Remustmt
954 942 1167 1002 contra
1232 956 1543 1019 nuperum
1604 936 1873 1003 Senatus
1941 937 2267 1013 decretum,

320 1030 513 1106 utpote
589 1025 843 1089 evitati
914 1022 1297 1089 ὠνίεῠίαηαε
1374 1024 1756 1089 contrarium
1826 1029 1882 1087 ei
1959 1022 2084 1088 sibi
2139 1023 2270 1104 ipsi

318 1112 660 1189 inanium,
708 1111 1031 1191 poscitque
1086 1114 1156 1173 ut
1211 1108 1475 1192 colleoae
1515 1110 1738 1174 bonam
1788 1129 2049 1174 eausam
2096 1107 2270 1189 apud
2316 1158 2321 1171 .

317 1217 462 1263 suos
502 1198 873 1263 sustineant.

316 1368 635 1450 (Exemplar
670 1368 1043 1421 authenticum
1077 1382 1146 1421 ex
1180 1376 1340 1436 parte
1361 1367 1569 1421 calvini
1590 1384 1752 1421 manu
1787 1367 1893 1420 scri
1933 1372 2047 1419 tum
2085 1372 2266 1419 exstat

315 1441 367 1492 in
402 1437 602 1491 Codice
638 1436 844 1490 Gener.
885 1432 1027 1489 107⁸.
1062 1436 1154 1489 sol.
1192 1434 1276 1490 98.
1364 1435 1695 1506 Apographa
1729 1447 1893 1490 contu
1916 1436 2054 1488 imus
2089 1433 2264 1488 Gene-

315 1523 478 1560 vense
514 1506 793 1560 Turretini
831 1504 962 1559 Cod.
1004 1502 1120 1558 108.
1161 1504 1254 1558 fol.
1290 1503 1377 1571 44,
1422 1510 1690 1559 Beruense
1727 1505 1869 1574 Epp.
1905 1503 2003 1556 VI.
2052 1519 2103 1571 p.
2141 1500 2264 1567 442,

313 1584 370 1629 et
410 1575 722 1630 Turicensia
767 1574 904 1639 duo,
957 1574 1191 1627 alterum
1245 1575 1586 1628 amanuensis
1644 1572 1960 1642 Hottingeri
2011 1573 2067 1624 in
2121 1572 2263 1625 Bibl.

312 1645 481 1697 civica
514 1643 579 1699 F.
612 1642 700 1697 46.
735 1644 864 1698 olim
901 1642 995 1697 xl.
1030 1643 1123 1696 sol.
1149 1642 1271 1709 656,
1307 1645 1538 1697 alterum
1574 1642 1790 1697 Simleri
1843 1642 1956 1694 Vol.
1990 1639 2076 1693 84„
2157 1640 2264 1693 De·

312 1715 476 1782 nique
532 1713 805 1767 recentius
856 1712 1188 1782 descriptum
1262 1712 1495 1766 vidimus
1548 1712 1769 1765 Parisiis
1828 1712 1886 1763 in
1951 1710 2079 1765 eod.
2132 1709 2261 1763 bibl.

394 1783 597 1836 astion.
666 1783 863 1852 Dupuy
903 1780 1018 1847 102,
1056 1783 1147 1836 fol.
1181 1779 1267 1834 21.
1342 1780 1539 1835 Versio
1574 1782 1784 1850 anglica
1818 1778 1913 1833 111.
1948 1777 2095 1841 171.)
2126 1781 2169 1843 ¹)

480 1953 553 2021 S.
623 1953 822 2035 Quan
870 1973 1020 2018 uam
1066 1967 1335 2020 senatus
1379 1953 1606 2019 literae
1652 1974 1799 2019 cum
1844 1951 2081 2018 ultimo
2125 1971 2262 2015 res-

309 2062 509 2124 ponso
549 2039 722 2124 quod
768 2060 853 2104 no
896 2041 954 2104 is
997 2038 1267 2105 dederat
1325 2040 1671 2122 proconsul
1688 2042 1743 2119 ²)
1789 2039 2058 2104 minime
2106 2056 2261 2100 con-

309 2127 618 2204 veniunt,
676 2126 904 2208 optimi
962 2135 1031 2189 et
1088 2123 1441 2190 venerandi
1497 2127 1759 2199 fratres,
1819 2124 1986 2190 nihil
2042 2135 2260 2187 tamen

309 2212 541 2280 accidit
574 2211 748 2296 quod
784 2232 914 2276 non
951 2212 1150 2277 fuerit
1187 2210 1567 2277 timendum.
1630 2210 1958 2295 Optabam
1997 2208 2261 2292 quidem

308 2319 497 2382 posse
553 2319 695 2364 rem
752 2300 821 2362 in
867 2297 1105 2363 melius
1149 2297 1481 2381 componi,
1536 2308 1611 2362 ut
1651 2297 1817 2362 mihi
1874 2312 1941 2362 et
1993 2294 2262 2379 collegis

308 2385 467 2451 meis
512 2385 845 2468 quiescere
888 2384 1148 2450 liceret:
1195 2405 1318 2448 nec
1354 2382 1623 2448 verbum
1678 2405 1939 2449 oramus
2004 2382 2259 2460 facturi,

307 2473 359 2536 si
404 2471 503 2535 vel
540 2470 908 2555 pauxillum
953 2469 1230 2536 remedii
1272 2471 1682 2554 gravissimis
1737 2470 1928 2534 malis
1988 2467 2258 2533 allatum

306 2558 487 2623 foret.
593 2555 729 2623 Sed
773 2577 976 2638 quum
1024 2556 1282 2634 vulnus,
1327 2555 1498 2638 quod
1540 2556 1672 2621 iam
1718 2556 2043 2640 prioribus
2086 2553 2260 2619 edic-

304 2645 465 2719 tis⁸)
526 2643 845 2708 inflictum
907 2651 1082 2719 erat,
1143 2642 1381 2707 ultima
1447 2642 1608 2707 haec
1667 2642 1959 2725 epistola,
1982 2644 2038 2721 ⁴)
2092 2660 2258 2722 quae

303 2729 711 2795 moderatrix
754 2749 895 2794 esse
941 2727 1273 2805 debuerat,
1318 2728 1564 2793 iterum
1618 2730 1970 2805 renovarit,
2022 2726 2257 2793 saltem

301 2836 460 2881 voce
504 2820 735 2879 nostra
776 2816 1073 2898 cogimur
1116 2816 1341 2880 testari
1388 2835 1583 2897 quam
1639 2813 1875 2880 acerba
1929 2815 2015 2879 sit
2067 2811 2257 2878 nobis

302 2901 465 2968 haec
506 2899 887 2986 indignitas,
936 2921 1103 2984 quae
1156 2911 1224 2965 et
1276 2899 1604 2985 evangelii
1655 2900 1854 2966 fidem
1907 2899 2256 2966 labefactat

301 2996 369 3053 et
421 2987 701 3053 exitium
763 2986 1053 3054 ecclesiis
1112 2987 1419 3052 minatur.
1519 2986 1791 3053 Utinam
1858 2985 1927 3051 id
1981 3004 2256 3069 agamus

302 3094 455 3141 cum
512 3072 734 3158 aliquo
790 3073 1103 3158 profectu.
1215 3071 1467 3139 Verum
1529 3080 1605 3138 ut
1671 3093 1978 3141 successu
2039 3078 2259 3138 careat

302 3159 486 3226 labor
541 3168 781 3237 noster,
838 3180 1106 3226 necesse
1150 3165 1373 3225 tamen
1432 3168 1536 3225 est
1590 3159 1696 3225 vel
1755 3161 1894 3226 sine
1950 3158 2088 3225 ulla
2139 3179 2256 3242 spe

304 3246 605 3314 clamare.
737 3245 907 3311 Nam
992 3245 1190 3312 huius
1265 3244 1641 3328 tragoediae
1715 3247 1952 3312 otiosos
2029 3242 2257 3311 sedere

304 3339 706 3418 spectatores
747 3331 900 3415 plus
943 3352 1140 3416 quam
1183 3332 1398 3415 turpis
1438 3339 1611 3396 esset
1650 3331 1940 3415 perfidia.
2027 3329 2259 3397 ante-

302 3439 451 3485 rum
495 3416 759 3501 quando
799 3418 872 3483 in
906 3437 1109 3482 manu
1155 3417 1427 3482 Domini
1471 3430 1749 3483 eventus
1791 3428 1908 3496 est,
1964 3416 2254 3500 sperabi-

301 3526 453 3571 mus
497 3505 719 3589 ipsum
775 3505 1102 3570 facturum
1156 3524 1242 3569 ne
1297 3504 1488 3568 irrita
1543 3505 1679 3570 sint
1734 3514 1961 3570 nostra
2016 3501 2252 3568 studia.

302 3589 439 3656 Sed
483 3590 638 3673 quia
680 3589 752 3655 in
796 3590 1125 3657 communi
1190 3609 1391 3655 causa
1447 3611 1567 3656 vos
1625 3589 1956 3656 adiutores
2014 3588 2256 3654 habere

302 3676 624 3760 cupimus,
670 3675 886 3741 danda
941 3674 1141 3740 simul
1183 3696 1382 3759 opera
1426 3685 1526 3742 est
1589 3687 1664 3741 ut
1710 3675 1892 3742 vobis
1948 3675 2257 3757 probetur

301 3770 604 3828 nostrum
646 3761 1007 3828 consilium.
1101 3760 1255 3827 Scio
1299 3775 1364 3826 et
1406 3762 1696 3838 memini,
1744 3783 1945 3845 quum
1990 3769 2259 3826 senatus

302 3848 469 3914 nihil
514 3850 587 3913 in
629 3849 948 3915 utramvis
983 3857 1236 3932 partem
1277 3849 1721 3929 pronuncians
1739 3849 1796 3933 ⁵)
1834 3870 1951 3913 uos
1986 3846 2255 3912 domum

302 3935 689 4014 remitteret,
745 3936 1047 4018 quamvis
1107 3931 1352 3999 decreti
1406 3932 1777 4000 absurditas
1834 3955 1966 3999 non
2022 3954 2257 4016 parum

303 4042 422 4087 vos
485 4019 876 4097 offenderet,
956 4028 1177 4086 tamen
1242 4018 1824 4102 obtemperandum
1889 4029 2174 4102 putasse,
2202 4021 2256 4099 ⁶)

304 4128 389 4171 ne
465 4106 839 4172 constantia
913 4115 1142 4171 nostra
1220 4104 1534 4188 quosdam
1606 4106 1775 4172 male
1841 4106 2109 4170 affectos
2173 4103 2255 4168 ad

304 4192 677 4257 nocendum
754 4192 964 4276 magis
1042 4190 1441 4256 accenderet.
1566 4190 1699 4258 Sed
1778 4211 1900 4277 ego
1966 4192 2255 4256 rationes

302 4289 465 4345 tunc
500 4278 694 4343 attuli
729 4297 899 4361 quae
934 4276 1192 4343 abunde
1226 4275 1311 4342 ad
1339 4279 1825 4343 excusationem
1862 4278 2255 4344 sufficerent.

302 4364 477 4431 Nam
522 4385 725 4449 quum
769 4363 1025 4448 publice
1068 4364 1251 4429 missi
1304 4384 1616 4444 essemus,
1676 4386 1716 4429 a
1770 4362 2098 4429 mandatis
2155 4384 2256 4429 se·

304 4465 500 4517 natus
542 4450 755 4517 nostri
799 4448 1132 4516 discedere
1166 4451 1500 4534 integrum
1536 4471 1671 4516 non
1706 4451 1849 4529 fuit,
1887 4458 1956 4514 et
1999 4449 2257 4514 servilis

304 4538 613 4621 ignaviae
688 4535 953 4614 fuisset,
1046 4545 1183 4600 tam
1263 4557 1556 4603 crassum
1627 4536 1982 4602 ludibrium
2064 4536 2257 4601 tacite

307 4812 585 4879 280111)
634 4811 719 4878 Of.
766 4810 1028 4867 Trocmi.
1076 4812 1119 4865 1.
1166 4810 1272 4865 204
1317 4811 1605 4867 Has-deols.
1648 4828 1705 4879 p.
1751 4809 1872 4865 295.
1921 4837 1986 4849 -—
2039 4809 2262 4866 Rudent

308 4883 407 4938 VI·
444 4880 955 5074 :ggffffleqasnu
990 4950 1214 5005 mitiora
1245 4951 1565 5018 promisisse
1598 4950 1827 5005 videtur.
1893 4948 1972 5015 Cf.
2008 4946 2258 5017 praeced.

512 5086 874 5221 {3115121751
913 5152 1066 5208 εγω.

512 5224 577 5293 5)
610 5228 666 5281 le
699 5224 951 5280 different
967 5224 1123 5295 doigt
1155 5233 1303 5280 estre
1333 5235 1389 5278 et
1415 5225 1705 5281 demourer
1734 5227 2095 5279 entierement
2120 5239 2257 5292 sopy

311 5304 369 5352 a
401 5295 733 5430 abacti&
762 5295 1051 5418 gana-au·
1090 5361 1165 5416 N.
1202 5359 1356 5415 2184.

2130 425 2291 485 1555
2334 416 2519 485 MAI.

2307 2588 2314 2675 Ι

4200 426 4326 491 606

2374 608 2668 675 haurire:
2715 610 2947 676 saltem
2990 632 3192 697 quum
3236 618 3304 676 et
3344 612 3567 676 verbis
3608 622 3677 678 et
3717 613 3958 694 scripto
4001 612 4329 696 pollicitus

2373 708 2546 759 esset
2584 709 2853 761 senatus
2897 706 3136 770 vester,
3182 718 3252 762 se
3297 717 3498 763 causa
3531 699 3794 781 cognita
3834 697 3916 762 de
3958 720 4032 762 re
4074 710 4144 763 et
4175 720 4326 784 per-

2372 782 2555 846 sonis
2610 782 2705 846 ita
2761 781 3202 849 iudicaturum
3269 794 3346 847 ut
3399 782 3674 849 sublatis
3724 783 4137 850 offendiculis
4193 806 4327 868 pax

2373 867 2550 931 inter
2604 868 2909 933 ecclesias
2960 869 3379 946 coalesceret,
3435 868 3765 953 rogandus
3819 867 3950 933 fuit
4004 881 4079 934 ut
4129 871 4326 937 fidem

2371 964 2760 1035 praestaret.
2865 953 2943 1018 Id
3002 976 3158 1018 vero
3229 976 3440 1038 neque
3496 953 3851 1020 modestius
3913 957 4056 1021 fieri
4111 959 4328 1039 potuit

2371 1059 2568 1120 quam
2613 1040 2856 1105 factum
2896 1043 3093 1115 est,⁷)
3140 1060 3263 1104 nec
3305 1062 3453 1105 cum
3490 1041 3703 1125 magis
3745 1041 4005 1123 placida
4039 1052 4109 1107 ct
4150 1043 4326 1108 facili

2370 1125 2533 1190 iuris
2577 1125 2784 1191 nostri
2827 1127 3229 1192 remissione.
3329 1126 3549 1192 Multa
3600 1129 3779 1191 enim
3837 1127 4197 1205 omisimus,
4250 1132 4324 1194 in

2370 1210 2609 1292 quibus
2654 1224 2924 1277 senatus
2963 1213 3104 1296 ipse
3150 1212 3415 1277 videbat
3454 1233 3577 1277 nos
3621 1213 3864 1278 iniuste
3906 1212 4118 1279 laesos
4159 1235 4320 1281 esse.

2369 1297 2658 1362 Praefati
2704 1299 2899 1362 etiam
2938 1319 3185 1375 sumus,
3223 1298 3350 1363 nisi
3391 1297 3689 1364 iniuncta
3722 1297 3964 1384 legatio
4006 1302 4325 1383 coegisset

2371 1403 2492 1448 nos
2569 1405 2698 1448 non
2778 1382 2981 1450 fuisse
3048 1386 3462 1462 venturos‚⁸)
3544 1394 3618 1448 ut
3687 1384 3875 1450 facile
3941 1386 4085 1450 colli
4171 1396 4323 1451 rent

2368 1488 2615 1545 omnes,
2655 1490 2775 1534 nos
2820 1470 2989 1534 serio
3032 1490 3164 1534 non
3209 1469 3584 1535 incumbere
3630 1471 3733 1534 vel
3778 1472 3954 1547 eniti,
4175 1483 4320 1536 tan·-

2370 1563 2510 1619 tum
2534 1555 2774 1620 leviter
2809 1554 3078 1639 defungi
3115 1555 3219 1621 his
3242 1554 3556 1638 partibus.
3615 1556 3760 1640 Ego
3802 1557 4000 1622 etiam
4025 1577 4321 1623 seorsum

2369 1651 2437 1705 et
2490 1641 2801 1724 privatim
2862 1662 3006 1705 meo
3068 1645 3333 1707 nomine
3380 1652 3659 1708 testatus
3713 1663 3862 1707 sum
3881 1695 3898 1719 ,
3953 1654 4155 1711 totam
4215 1664 4320 1710 ac·

2367 1727 2616 1791 tionem
2661 1748 2768 1791 me
2812 1727 3156 1811 deponere,
3201 1730 3257 1793 si
3308 1726 3502 1793 modo
3546 1748 3586 1792 a
3629 1728 3902 1794 sinistra
3953 1738 4114 1794 nota
4169 1728 4320 1795 doc-

2367 1814 2610 1877 trinam
2655 1834 2866 1878 meam
2906 1822 2976 1878 et
3010 1813 3444 1878 ministerium
3491 1813 3782 1879 eximere
3818 1814 4081 1880 vellent.

2540 1899 2782 1964 Exitus
2797 1904 2855 1973 ⁹)
2903 1921 3036 1965 non
3075 1900 3199 1964 fuit
3241 1921 3321 1964 ex
3363 1910 3532 1965 voto.
3590 1899 3724 1966 Sed
3768 1900 3892 1965 hoc
3928 1922 4055 1966 non
4083 1904 4322 1967 efficiet

2366 1995 2442 2049 ut
2507 2006 2612 2049 me
2677 2006 2965 2069 unquam
3023 1984 3220 2051 huius
3276 1996 3415 2051 tam
3477 1986 3852 2051 moderatae
3919 2008 4037 2052 nec
4099 1989 4321 2053 minus

2368 2072 2772 2137 neocesariae
2827 2073 3103 2138 actionis
3146 2073 3495 2156 poeniteat,
3551 2082 3627 2137 ut
3680 2072 4020 2157 proderem
4068 2073 4320 2140 Christi

2366 2178 2651 2223 causam.
2754 2157 3123 2241 Impetrare
3181 2180 3220 2223 a
3276 2158 3508 2242 legatis
3554 2180 3683 2223 non
3746 2161 3926 2241 potui
3975 2169 4048 2224 ut
4091 2180 4162 2225 se
4208 2160 4319 2224 de-

2366 2241 2581 2308 decori
2617 2252 2686 2308 et
2704 2244 2994 2327 periculo
3025 2256 3467 2328 exponerent:
3514 2265 3634 2309 nec
3675 2266 3829 2310 vero
3851 2244 4067 2322 debui,
4112 2267 4319 2329 quum

2365 2328 2529 2393 mihi
2574 2330 2980 2395 incumberet
3034 2351 3379 2396 commune
3417 2351 3602 2407 onus,
3661 2329 3766 2395 vel
3810 2331 3931 2397 hoc
3979 2331 4112 2396 illis
4167 2355 4316 2398 sua·

2363 2412 2518 2480 dere
2562 2414 2669 2480 vel
2711 2437 2858 2481 meo
2897 2417 3197 2499 exemplo
3241 2438 3495 2500 mecum
3533 2437 3643 2481 eos
3687 2417 3946 2483 trahere
3991 2418 4062 2482 in
4107 2421 4318 2483 mani-

2362 2502 2599 2575 festum
2645 2502 3014 2568 discrimen.
3117 2503 3336 2585 Atque
3398 2514 3474 2567 ut
3525 2503 3672 2569 istis
3714 2504 4077 2569 rationibus
4136 2504 4319 2569 colli-

2362 2586 2594 2673 gendis
2655 2588 3114 2670 supersedeam
3135 2641 3149 2663 ,
3215 2589 3347 2654 nisi
3412 2589 3615 2654 libere
3689 2592 4017 2673 professus
4084 2611 4317 2668 essem,

2361 2672 2524 2738 mihi
2582 2695 2716 2739 non
2776 2694 2917 2739 esse
2974 2675 3398 2751 satisfactum,
3456 2674 3778 2740 dixissent
3830 2696 4057 2740 omnes
4121 2675 4318 2760 vulgo

2361 2781 2499 2837 me,
2553 2761 2711 2843 quia
2763 2760 2935 2825 male
2990 2760 3289 2827 conscius
3347 2760 3514 2825 mihi
3569 2760 3805 2839 forem,
3875 2761 4092 2827 lucem
4136 2772 4317 2826 metu

2358 2846 2697 2930 fugitasse.
2801 2845 2995 2927 Quod
3037 2847 3319 2912 scribere
3364 2847 3493 2912 nisi
3535 2847 3755 2913 alieno
3798 2847 4123 2931 permissu
4170 2847 4318 2912 ausi

2360 2952 2499 2998 non
2543 2932 2762 2998 fuistis
2820 2932 3164 2999 consilium
3221 2932 3384 2997 illud
3428 2932 3593 2997 mihi
3649 2953 3911 3017 semper
3965 2932 4314 3016 displicuit.

2360 3016 2496 3083 Sed
2539 3020 2694 3103 quia
2733 3019 3088 3103 praeterita
3131 3019 3457 3104 corrigere
3512 3039 3649 3084 non
3702 3020 3870 3098 licet,
3925 3017 4083 3103 quid
4141 3040 4318 3086 nunc

2358 3106 2535 3171 factu
2579 3126 2741 3189 opus
2773 3106 2861 3172 sit
2898 3105 3214 3191 dispicite.
3274 3105 3469 3187 Quod
3502 3106 3585 3172 ad
3607 3128 3714 3173 me
3746 3113 4018 3191 spectat,
4063 3109 4318 3172 utinam

2357 3212 2466 3257 me
2508 3192 2704 3257 officii
2748 3192 2912 3258 fides
2956 3202 3023 3257 et
3066 3193 3296 3278 religio
3339 3203 3557 3259 tacere
3601 3201 3957 3277 pateretur,
4003 3192 4317 3276 quemad-

2357 3278 2626 3343 modum
2662 3277 2746 3343 ad
2789 3279 3012 3344 omnia
3053 3278 3325 3345 ferenda
3359 3277 3658 3345 obdurui.
3746 3277 3879 3346 Sed
3926 3299 4133 3360 quum
4177 3298 4319 3344 coe-

2357 3364 2585 3430 lestem
2625 3362 2878 3430 Christi
2912 3364 3295 3441 doctrinam,
3331 3366 3518 3430 cuius
3551 3385 3660 3430 me
3693 3365 3899 3431 voluit
3935 3365 4314 3430 ministrum

2357 3471 2521 3529 esse,
2579 3450 2824 3533 passim
2882 3449 3143 3516 videam
3202 3450 3667 3516 contumeliose
3720 3447 4071 3534 proscindi,
4121 3471 4318 3533 quam

2360 3548 2552 3685 turpe
2609 3536 2775 3601 mihi
2818 3546 2991 3602 esset
3046 3537 3231 3619 quasi
3289 3537 3643 3603 constricta
3695 3539 3927 3621 lingua
3986 3535 4318 3601 obmutes-

2357 3644 2506 3689 cere
2581 3624 2661 3700 ιο)

2532 3710 2640 3773 An
2696 3729 2818 3793 ego
2892 3708 3244 3774 verborum
3313 3707 3672 3791 patrocinio
3743 3728 3890 3773 eam
3943 3706 4317 3773 flaudarem

2306 3827 2311 3838 ν
2358 3814 2480 3877 pro
2523 3815 2655 3876 qua
2698 3795 2911 3860 sancti
2955 3804 3281 3880 martyres
3341 3795 3680 3879 proprium
3731 3794 4124 3878 sanguinem
4169 3795 4320 3860 fun-

2360 3880 2515 3945 dere
2575 3900 2708 3945 non
2768 3880 3118 3946 dubitant?
3217 3878 3294 3946 Si
3339 3880 3486 3963 quis
3543 3880 3857 3964 excipiat,
3916 3880 4117 3946 alium
4178 3901 4321 3946 esse

2360 3965 2600 4049 probae
2644 3977 2711 4030 et
2752 3966 3086 4050 legitimae
3130 3964 3525 4032 defensionis
3566 3966 3852 4044 modum,
3904 3988 4100 4050 quam
4147 3978 4222 4032 ut
4277 3987 4318 4031 a

2359 4066 2624 4117 terreno
2666 4053 3061 4135 magistratu
3104 4059 3365 4136 petatur
3407 4054 3547 4117 eius
3591 4052 3992 4137 approbat-io,
4037 4052 4200 4117 mihi
4244 4054 4314 4117 in

2361 4145 2669 4221 promptu
2719 4139 3058 4221 responsio
3115 4149 3245 4216 est,
3293 4159 3400 4203 me
3447 4138 3615 4203 nihil
3667 4139 3912 4203 morari
3971 4139 4316 4204 hominum

2359 4223 2676 4307 suffragia
2709 4223 3113 4306 libenterque
3149 4224 3272 4289 hoc
3305 4226 3640 4289 remittere
3682 4244 3769 4289 ne
3823 4245 4011 4290 suam
4070 4224 4315 4290 autori-

2359 4320 2565 4374 tatem
2608 4311 3048 4394 interponant,
3094 4309 3286 4375 modo
3329 4311 3619 4376 vicissim
3664 4331 3749 4375 ne
3792 4309 4070 4392 obliquis
4127 4329 4314 4393 prae-

2359 4396 2622 4463 iudiciis
2664 4394 3014 4461 confodiar.
3125 4394 3259 4461 Sed
3303 4417 3502 4479 quum
3549 4394 3633 4460 ad
3673 4416 3782 4460 me
3839 4394 4008 4462 falsa
4065 4394 4315 4462 invidia

2359 4481 2773 4567 gravandum
2817 4482 3029 4550 edicta
3072 4504 3240 4566 quae
3283 4484 3489 4549 nostis
3532 4481 3825 4558 volitent,
3870 4483 3998 4547 nisi
4047 4503 4152 4547 me
4198 4502 4314 4565 op-

2360 4589 2550 4652 pono,
2596 4569 2741 4651 quis
2785 4588 2921 4633 non
2964 4567 3326 4636 socordiam
3371 4589 3582 4634 meam
3641 4566 3951 4634 damnet?
4040 4567 4139 4634 Ut
4191 4567 4314 4633 hoc

2360 4674 2617 4739 quoque
2651 4655 2969 4734 omittam,
3005 4656 3193 4721 fasne
3214 4655 3378 4720 mihi
3422 4655 3550 4721 erit
3571 4654 3764 4719 tacite
3798 4674 4034 4718 vorare
4078 4655 4316 4735 probra

2360 4761 2528 4824 quae
2571 4739 2864 4807 eiusdem
2909 4739 3238 4826 evangelii
3285 4741 3683 4824 professores
3735 4741 3808 4804 in
3867 4760 3974 4806 me
4020 4737 4313 4804 iactant?

2358 4826 2589 4910 Nuper
2615 4825 2954 4893 cartellam
2997 4834 3065 4892 et
3085 4826 3524 4912 Hieronymus,
3549 4831 3568 4866 ¹
3587 4830 3634 4894 ¹)
3679 4826 3903 4892 classis
3938 4825 4312 4891 'Bononien-

2567 5083 2630 5221 g),
2660 5082 2922 5222 &6313
2926 5123 3000 5208 'et
3032 5154 3312 5223 sapentia
3347 5153 3545 5206 omnia.

2566 5222 2630 5288 9)
2664 5221 2881 5277 Abhinc
2919 5220 3182 5276 oasim
3213 5235 3384 5302 mana
3410 5220 3662 5300 propria.

2534 5290 2630 5426 ff),
2659 5291 2812 5416 {ide
2839 5288 3454 5429 waeffinrdcffzm.
3470 5355 3552 5410 18.
