4850 6200
468 423 594 488 235

640 604 712 673 S.
757 604 844 671 D.
911 601 1258 671 Sententia
1299 602 1384 668 D.
1427 599 1678 669 Calvini
1719 600 1803 668 de
1845 600 2215 669 coercendis
2258 601 2414 667 hae-

466 691 689 761 reticis
732 690 943 776 deque
999 688 1318 774 supplicio
1361 696 1621 771 sumpto
1664 687 1747 754 de
1795 686 2038 755 Serveto
2079 687 2414 771 probatur,

469 778 830 846 clarissime
889 775 1042 854 Vir,
1101 775 1233 840 Dn.
1281 773 1592 858 Philippo
1640 773 2060 855 Melanthoni,
2103 771 2277 856 quod
2333 792 2417 837 ex

464 865 677 1019 ἰθείας
715 883 828 929 ore
871 861 1092 928 audivi
1135 861 1204 925 in
1248 859 1567 944 colloquio
1622 859 1849 926 habito
1892 860 1956 925 N
1958 859 2226 942 eoburgi
2254 861 2300 937 ¹)
2343 859 2415 923 in

622 951 635 965 .
739 950 754 964 .
1262 951 1289 984 ,.
1828 946 1841 960 .
2205 944 2217 957 .

467 947 1002 1104 nffissknffi
1019 951 1402 1110 ῗὶῗὲιὲἕέἓ
1424 944 2417 1116 ,ἷέἳὲῗξὲἒξῖἓὰἒέἷὲξὲἓὲ

470 1121 907 1191 discederetur
941 1140 1026 1185 ex
1059 1118 1202 1184 loco
1237 1139 1603 1196 consessus,
1640 1118 1878 1184 obtulit
1912 1116 2414 1201 perlegendum:

471 1232 547 1276 ac
589 1206 836 1292 perlegi
880 1226 1040 1271 sane
1073 1204 1369 1282 libenter,
1414 1204 1713 1287 quamvis
1757 1211 1910 1269 ante
1953 1203 2155 1268 semel
2198 1203 2417 1268 visum

469 1295 712 1362 lectum
756 1313 852 1358 ue.
948 1289 1174 1372 Quum
1217 1299 1436 1355 autem
1481 1298 1704 1373 postea
1742 1288 2103 1368 redderem,
2164 1310 2240 1355 ac
2284 1288 2418 1371 pri-

469 1380 680 1447 vatim
764 1400 802 1442 e
845 1376 1236 1462 quibusdam
1280 1377 1492 1454 rebus,
1549 1385 1624 1441 ut
1667 1378 1763 1454 fit,
1808 1377 2271 1453 conferremus,
2315 1374 2417 1438 in·

470 1475 571 1532 ter
613 1469 870 1531 caetera
911 1462 1158 1538 retulit,
1206 1463 1290 1528 D.
1342 1461 1592 1528 Calvino*
1635 1462 1949 1527 iudicium
1996 1459 2077 1525 de
2121 1458 2418 1525 animad-

468 1551 773 1620 versione
807 1550 876 1614 in
912 1548 1273 1615 haereticos
1308 1548 1431 1613 sibi
1467 1548 1892 1615 vehementer
1927 1547 2205 1632 probari.
2270 1546 2419 1610 Hac

469 1646 693 1704 autem
735 1636 1105 1713 occasione,
1164 1636 1450 1700 maxime
1508 1656 1665 1701 vero
1722 1644 1987 1718 propter
2043 1633 2290 1697 librum
2331 1631 2416 1696 D.

468 1721 725 1791 Urbani
770 1721 977 1805 Remi,
999 1725 1056 1800 ²)
1100 1742 1302 1803 quum
1342 1720 1645 1799 antehac,
1691 1730 1835 1785 tum
1879 1739 2038 1787 vero
2079 1727 2146 1784 et
2183 1738 2418 1799 nuper,

471 1817 629 1877 ante
672 1807 897 1873 decem
941 1808 1174 1889 opinor
1217 1804 1385 1884 dies,
1443 1808 1596 1889 quia
1651 1827 1828 1872 nunc
1869 1806 2141 1889 passim,
2198 1802 2421 1886 impri-

469 1895 602 1961 mis
645 1892 721 1959 in
764 1892 1118 1958 ditionibus
1168 1893 1535 1976 principum
1579 1893 2031 1958 Palatinorum
2086 1897 2153 1955 et
2196 1887 2419 1954 Land-

473 1981 690 2066 gravii
732 1977 815 2043 ad
879 1985 1165 2044 tractum
1207 1979 1451 2058 Rheni,
1499 1979 1972 2063 Anabaptistae
2030 1976 2295 2061 quidam
2337 1973 2422 2040 ad

470 2065 863 2133 seditionem
906 2074 971 2131 et
1014 2087 1119 2131 res
1153 2084 1364 2131 novas
1400 2064 1810 2148 adspirantes
1852 2072 2051 2147 caput
2088 2068 2421 2136 exserunt,

471 2151 760 2218 edictum
818 2159 921 2216 est
976 2151 1188 2217 ubivis
1232 2151 1522 2216 locorum
1564 2151 2070 2236 promulgatum,
2115 2148 2196 2213 de
2239 2149 2421 2213 Ana-

470 2237 777 2321 baptistis
818 2237 1110 2305 severius
1153 2235 1547 2303 coercendis.
1594 2268 2421 2285 ———————

473 2359 557 2372 -
603 2361 686 2373 --
727 2323 978 2389 Datum
1022 2322 1368 2408 Marpurgi
1423 2322 1508 2389 ad
1565 2322 1738 2389 diem
1792 2320 1958 2387 xviii
2013 2319 2422 2405 Septembris

1494 2493 1795 2561 Andreas
1837 2490 2178 2578 Hyperius

1793 2606 1968 2663 tuus.

1295 2892 1604 2900 ’,ψ-*ῳ
1617 2893 1634 2899 -

1349 3125 1546 3195 2⁰14.

947 3277 1474 3347 VERMILIUS
1520 3278 1956 3347 OALVINO.

650 3450 870 3537 Refert
905 3452 1061 3534 quid
1113 3472 1315 3533 nuper
1356 3452 1766 3537 Arycntorati
1819 3454 1985 3519 inter
2034 3458 2315 3521 senatum
2368 3459 2426 3520 et

473 3542 798 3608 „sinistros
831 3542 1216 3605 tran-samm
1247 3539 1333 3605 sit
1372 3539 1450 3603 de
1472 3539 1775 3621 papisnw
1815 3558 1896 3604 ex
1937 3539 2089 3608 urbe
2118 3540 2422 3623 pellendo.

473 3714 671 3779 (lanu
704 3711 810 3765 scri
849 3717 911 3764 ta
953 3725 1063 3763 non
1108 3713 1309 3764 exstat.
1376 3709 1568 3764 Edidit
1600 3710 1748 3764 Besa
1782 3710 1985 3765 Genev.
2021 3730 2078 3783 p.
2110 3711 2229 3780 147,
2264 3714 2425 3769 Laus.

629 3798 686 3851 p.
719 3778 790 3834 33
825 3821 841 3849 ,
876 3777 1085 3833 Hsnov.
1120 3794 1175 3848 p.
1207 3776 1331 3848 370,
1368 3778 1577 3834 Chouet
1608 3796 1663 3849 p.
1700 3777 1818 3848 198,
1850 3779 2022 3838 Amat.
2057 3799 2112 3853 p.
2151 3781 2263 3850 91.)

647 3949 876 4032 Quum
920 3945 1308 4016 vestratium
1366 3951 1478 4034 qui
1519 3950 1954 4019 Francfordia
1995 3951 2275 4020 redeunt
2315 3975 2424 4022 co-

521 4037 589 4103 ia
632 4036 854 4115 detur,
906 4041 984 4100 ut
1025 4035 1269 4118 absque
1313 4037 1476 4102 meis
1525 4035 1736 4103 literis
1779 4040 2083 4105 venirent
2126 4042 2263 4124 pati
2304 4061 2425 4106 no-

503 4123 592 4189 ui.
677 4121 816 4188 Res
857 4129 1120 4188 nostrae
1144 4126 1197 4196 ²)
1243 4142 1362 4204 pro
1407 4131 1696 4207 tempore
1751 4146 1827 4191 ac
1868 4125 2009 4191 loco
2061 4139 2222 4193 sunt
2263 4127 2425 4194 satis

470 4207 880 4293 tranquillae.
990 4206 1264 4273 Doctori
1332 4206 1708 4289 Marpaehio
1784 4209 2078 4278 redditae
2156 4214 2427 4280 fuerunt

468 4293 706 4363 literae
750 4314 912 4378 quas
955 4291 1038 4358 ad
1082 4313 1234 4358 eum
1277 4293 1647 4377 scripseras.
1669 4297 1727 4380 ²)
1814 4295 1992 4379 Quid
2035 4300 2427 4383 profecerint

470 4382 733 4468 ignoro,
797 4377 1121 4462 siquidem
1175 4378 1345 4445 nihil
1387 4380 1552 4446 mihi
1594 4382 1675 4448 de
1716 4381 1850 4449 illis
1884 4387 2421 4454 communicavit:

474 4655 662 4711 2018.
687 4653 741 4724 1)
776 4652 2280 4737 imoNunburaiffquuau-smelectorprotoetanmm
2298 4679 2422 4718 con·

473 4730 691 4806 ming-⁸
725 4729 1118 4780 cosmocrat
1160 4741 1259 4795 qm
1302 4725 1371 4780 de
1491 4796 1503 4809 υ
1570 4727 1866 4809 religionis·
1886 4731 2156 4794 proximis
2190 4731 2424 4787 commis

474 4791 778 4874 maenaa
809 4791 1181 4875 deliberares&
1247 4793 1389 4849 Theo
1409 4812 1496 4866 oye
1534 4796 1768 4852 aderant
1799 4796 2232 4869 Vateberqemes,
2260 4800 2432 4856 Hem·

476 4869 534 4919 et
576 4860 894 4944 βιαᾱαπαε.
969 4861 1060 4917 len
1098 4862 1161 4917 od
1199 4878 1432 4946 maxime
1478 4866 1711 4948 aych-emt
1763 4872 1831 4946 ut·
1873 4882 2028 4948 fuam
2081 4884 2303 4951 causam
2354 4871 2425 4925 ab

474 4928 587 5055 gb&
632 4939 1012 5121 ρέῧοιιετειξιε.
1031 4929 1622 5082 &lugasstgfegmaenlt
1666 5003 1784 5058 682.
1833 5003 1903 5060 11.
1941 4938 2169 5062 1043„d
2168 4938 2426 5073 ἒέἠῖιαιῖἶῗ

479 5068 612 5124 Mel.
763 5069 802 5136 .)
883 5068 1118 5151 Hypera
1165 5077 1481 5155 mentionem
1514 5075 1656 5141 facit
1703 5073 1832 5128 Mel.
1887 5074 2045 5145 Cor-p.
2105 5075 2227 5142 Res.
2277 5076 2423 5131 VIII.

475 5135 596 5192 282.
632 5134 756 5272 2533)
855 5248 867 5261 .
905 5156 942 5261 1⁸
937 5145 1038 5263 9337
1040 5156 1198 5277 ’tm
1210 5140 1432 5263 aldveom
1469 5143 1523 5197 d.
1563 5142 1644 5196 20.
1693 5143 1853 5197 Mau.

477 5274 748 5410 2014.ss
783 5276 1109 5404 &sigga-3
1141 5279 1419 5348 qaudam.

1966 410 2491 481 EPISmLAE
2534 415 2959 480 2013—2016

2479 5351 2485 5391 Ι

4342 413 4466 478 236

2521 600 2637 669 sed
2679 609 2756 667 ut
2792 608 2985 668 antea
3026 601 3146 668 tibi
3188 602 3747 687 significaveram,
3806 619 3997 685 spero
4053 599 4281 668 turbas
4320 600 4471 669 illas

2519 688 2703 755 brevi
2755 688 3230 771 conquieturas.
3328 687 3664 772 Satagunt
3725 687 3927 754 huius
3978 685 4288 754 ecclesiae
4346 688 4471 753 mi·

2520 774 2715 839 nistri
2776 795 2852 840 ac
2908 774 3132 840 multis
3189 773 3400 841 modis
3455 784 3804 853 conantur,
3863 785 3940 840 ut
3994 773 4345 841 sacrificuli
4402 782 4472 840 et

2520 862 2720 925 missa
2758 881 2988 926 rursus
3029 860 3187 926 hinc
3244 861 3617 927 eiiciantur:
3640 862 3698 945 ⁸)
3753 881 3875 926 nec
3929 867 4191 925 tantum
4234 882 4272 926 e
4314 882 4469 945 sug-

2520 956 2709 1031 gestu
2744 967 3007 1012 causam
3041 955 3322 1030 egerunt
3353 947 3630 1023 fortiter,
3674 944 3789 1012 sed
3823 946 4128 1012 adierunt
4168 956 4472 1012 senatum

2521 1033 2711 1115 eique
2754 1032 2949 1097 simul
2994 1053 3220 1098 omnes
3273 1033 3495 1098 testati
3550 1041 3734 1110 sunt,
3797 1031 3929 1097 nisi
3986 1032 4109 1097 hoc
4165 1032 4470 1111 effecerit,

2522 1138 2594 1183 se
2639 1118 2791 1183 hinc
2836 1118 3249 1202 migraturos,
3294 1118 3467 1201 quod
3504 1125 3831 1202 nequeant
3863 1120 4035 1184 bona
4070 1117 4473 1183 conscientia

2523 1204 2631 1270 hic
2676 1203 2950 1269 ulterius
3007 1205 3409 1284 ministrare,
3467 1203 3579 1270 ubi
3632 1214 3819 1269 tanta
3876 1203 4053 1269 domi
4110 1205 4361 1269 feratur
4404 1218 4472 1270 et

2522 1287 2911 1355 defendatur
2952 1288 3335 1356 idololatria.
3425 1290 3619 1356 Hanc
3671 1290 3934 1355 illorum
3993 1290 4317 1355 actionem
4369 1313 4472 1356 se-

2523 1388 2715 1441 natus
2760 1376 3146 1459 gravissime
3187 1377 3357 1455 tulit,
3393 1386 3463 1441 et
3502 1386 3648 1461 post
3689 1376 3934 1459 aliquot
3977 1375 4114 1442 dies
4148 1378 4305 1459 ipsis
4350 1376 4473 1442 du·

2523 1463 2686 1526 riter
2741 1460 3092 1527 admodum
3148 1462 3501 1546 respondit.
3590 1463 3670 1527 Id
3716 1462 4102 1544 praesertim
4160 1463 4468 1528 obiicien-

2524 1557 2640 1626 tes,
2686 1547 2857 1630 quod
2903 1557 3054 1614 ante
3098 1548 3338 1614 multos
3397 1569 3604 1613 annos
3657 1548 4276 1633 Wittenbergenses
4320 1569 4473 1615 con-

2523 1633 2747 1698 silium
2784 1633 3102 1715 dederint,
3147 1636 3250 1700 cui
3287 1635 3620 1712 Latherus,
3667 1634 3883 1710 Ionas,
3932 1633 4359 1700 Promercmus
4400 1644 4471 1700 et

2526 1719 2759 1785 horum
2826 1719 3071 1785 similes
3134 1741 3337 1785 manu
3401 1723 3669 1805 propria
3725 1720 4278 1803 subscripserunt,
4343 1741 4473 1804 quo

2523 1807 2843 1883 sentiunt,
2901 1808 3323 1889 magistratus
3378 1808 3449 1871 in
3494 1805 3964 1889 rebuspublicis
4018 1807 4123 1873 ius
4186 1828 4317 1872 nou
4362 1807 4475 1873 ha·

2522 1892 2677 1958 bere
2719 1890 2825 1957 vel
2869 1900 3267 1974 potestatem
3325 1893 3528 1958 ullam
3572 1893 3643 1958 in
3700 1891 4004 1959 ecclesias
4063 1892 4474 1958 cathedrales

2525 1985 2595 2043 et
2631 1978 2922 2061 collegia.
3010 1977 3293 2061 Ideoque
3348 1977 3721 2045 consultum
3763 2000 3903 2044 esse
3948 1988 4025 2043 ut
4062 1979 4204 2062 pios
4246 1979 4473 2043 minis·

2527 2074 2663 2130 tros
2707 2065 2829 2129 sibi
2876 2073 3244 2146 procurent,
3289 2064 3402 2148 qui
3436 2064 3674 2147 populo
3710 2064 4130 2148 evangelium
4171 2085 4332 2148 pure
4368 2064 4479 2131 do·

2525 2159 2717 2216 ceant
2758 2152 2829 2214 in
2873 2149 3021 2216 aliis
3076 2150 3369 2233 templis,
3426 2150 3506 2215 ab
3558 2150 3688 2216 illis
3743 2151 4153 2227 abstineant,
4208 2173 4327 2218 nec
4383 2150 4477 2215 ibi

2526 2235 2879 2319 quidquam
2940 2247 3256 2302 conentur
3313 2235 3699 2302 reformare:
3766 2257 3969 2320 quum
4038 2246 4259 2301 tamen
4320 2256 4479 2303 suos

2525 2324 2700 2388 cives
2746 2329 2990 2405 queant
3031 2323 3174 2387 iure
3218 2322 3581 2406 prohibere,
3626 2344 3712 2389 ne
3746 2344 3888 2388 sese
3923 2321 4286 2388 idololatria
4327 2345 4478 2390 con·

2527 2408 2870 2473 taminent.
2960 2405 3084 2473 Sui
3140 2419 3361 2473 autem
3419 2408 3673 2475 consilii
3732 2408 3905 2475 hanc
3958 2409 4284 2474 rationem
4327 2409 4481 2475 sub-

2526 2494 2778 2574 iiciunt,
2823 2493 2992 2576 quod
3024 2493 3334 2561 ecclesiae
3376 2494 3784 2560 cathedrales
3826 2502 3896 2559 et
3937 2494 4212 2579 collegia
4255 2495 4481 2564 huius-

2529 2577 2727 2659 modi,
2764 2600 2898 2645 non
2942 2601 2983 2645 a
3025 2579 3520 2663 rebuspublicis,
3568 2601 3795 2645 verum
3840 2602 3880 2645 a
3923 2580 4299 2664 proceribus
4342 2581 4481 2648 Im-

2528 2666 2696 2750 perii
2738 2666 2846 2732 vel
2890 2665 2974 2730 ab
3016 2665 3177 2750 ipsis
3218 2665 3733 2749 Imperatoribus
3787 2667 4133 2733 institutae
4175 2689 4252 2735 ac
4297 2666 4481 2734 dota-

2528 2764 2636 2817 tae
2688 2752 2949 2817 fuerint.
3039 2750 3393 2835 Quumque
3449 2773 3655 2836 papae
3711 2754 4028 2818 autoritas
4084 2753 4153 2817 in
4195 2755 4480 2821 civitati·

2528 2836 2650 2903 bus
2696 2837 3093 2922 evangelicis
3137 2838 3383 2904 reiecta
3424 2840 3530 2919 sit,
3576 2847 3813 2923 putant
3852 2839 4129 2904 istarum
4175 2839 4481 2907 ecclcsia-

2524 2945 2677 2990 rum
2734 2924 3083 2990 arbitrium
3132 2924 3216 2989 ad
3270 2922 3752 3008 Imperatorem
3806 2922 4217 2991 devolutum:
4277 2946 4481 3010 quare

2524 3007 2626 3075 illi
2689 3017 2949 3075 tantum
3011 3016 3398 3093 potestatem
3471 3008 3865 3076 immutandi
3943 3017 4010 3077 et
4080 3032 4280 3095 repur
4414 3011 4483 3079 di

2526 3095 2743 3164 cultus
2798 3094 2927 3162 Dei
2981 3095 3194 3180 quoad
3245 3095 3397 3163 illas
3461 3096 3729 3164 faciunt.
3815 3096 3943 3163 Illo
3998 3097 4218 3182 itaque
4373 3108 4486 3166 tus

2525 3183 2796 3248 consilio
2839 3190 3063 3249 noster
3096 3182 3521 3267 magistratus
3551 3183 3888 3266 repulsam
3922 3182 4103 3249 dedit
4140 3185 4487 3265 ministris,

2526 3274 2606 3333 ut
2648 3269 2761 3353 qui
2804 3276 2998 3353 putet
3052 3277 3312 3335 autores
3364 3270 3504 3335 eius
3557 3269 3812 3336 consilii
3864 3270 4109 3337 nostris
4160 3271 4485 3339 ministris

2525 3353 2723 3439 longe
2767 3352 3104 3421 doctiores.
3193 3353 3546 3421 Caeterum
3590 3354 3663 3421 hi
3703 3376 4092 3439 responsum
4150 3355 4277 3421 hoc
4327 3356 4485 3425 licet

2527 3439 2918 3524 acceperint,
2964 3460 3098 3506 non
3142 3448 3299 3506 sunt
3331 3440 3551 3506 animo
3584 3441 3792 3522 fracti,
3839 3463 4051 3524 neque
4094 3442 4177 3509 ab
4217 3443 4484 3541 incepto

2527 3524 2950 3592 destiterunt:
3007 3523 3123 3591 sed
3178 3547 3414 3592 rursus
3467 3528 3753 3608 instant,
3808 3547 3884 3593 ac
3927 3525 4008 3592 de
4049 3527 4165 3593 illo
4208 3528 4486 3596 consilio

2526 3633 2568 3678 a
2622 3611 2994 3679 doctoribus
3064 3611 3755 3699 Wittenbergensibus
3829 3620 3982 3680 ante
4047 3614 4295 3682 multos
4361 3634 4484 3680 an-

2526 3717 2650 3764 nos
2697 3697 2848 3763 dato
2898 3696 3276 3765 satisfacere
3327 3720 3404 3766 ac
3453 3698 3846 3783 respondere
3894 3709 4233 3767 conantur.
4314 3700 4485 3768 Pos-

2526 3783 2752 3851 teriori
2793 3805 2955 3851 vero
3009 3805 3364 3870 congressu
3384 3789 3439 3863 ⁴)
3479 3785 3693 3852 lenius
3747 3806 3824 3852 ac
3874 3787 4099 3851 mitius
4155 3811 4195 3852 a
4251 3793 4489 3853 senatu

2524 3871 2797 3938 fuerunt
2834 3870 3099 3955 accepti,
3138 3871 3253 3955 qui
3296 3879 3556 3955 tempus
3600 3870 3685 3937 ad
3727 3869 4222 3938 deliberandum
4256 3893 4485 3957 sump-

2527 3958 2634 4024 sit.
2743 3957 3009 4025 Interea
3086 3956 3244 4042 quid
3319 3958 3618 4041 responsi
3696 3956 3983 4024 dandum
4057 3961 4141 4023 sit
4216 3958 4486 4044 ignora-

2526 4051 2656 4110 tur.
2747 4042 2884 4111 Sed
2926 4064 3048 4127 ego
3089 4042 3349 4123 ariolor,
3393 4043 3551 4110 dum
3594 4043 3838 4110 ansar
3882 4045 4124 4110 vixerit
4166 4065 4307 4110 rem
4349 4065 4486 4112 non

2525 4149 3006 4197 successuram:
3066 4149 3191 4196 nec
3245 4128 3473 4196 dubito
3527 4137 3829 4196 nostrum
3886 4151 4187 4196 senatum
4244 4150 4485 4214 cupere

2528 4215 2793 4302 quidem
2848 4214 3187 4297 impietate
3243 4236 3320 4282 ac
3373 4214 3744 4281 idololatria
3801 4217 4133 4282 civitatem
4186 4218 4483 4294 liberare,

2530 4301 2646 4370 sed
2687 4300 2939 4367 nollent
2980 4301 3383 4368 occasionem
3425 4301 3745 4386 gravioris
3788 4302 4167 4368 offensionis
4213 4302 4481 4369 Caesari

2732 4520 2788 4584 3)
2828 4521 3189 4578 Marbachinoe
3231 4524 3295 4579 in
3339 4522 3523 4579 diario
3571 4523 3649 4578 ad
3691 4523 3740 4578 6.
3776 4524 3831 4578 Δ
3908 4566 3920 4577 .
3955 4523 4123 4578 1554.-
4175 4525 4483 4581 Conventus

2529 4591 2651 4647 eccl.
2687 4589 2939 4646 decrevit:
2980 4592 3071 4647 die
3106 4593 3201 4645 wil
3233 4592 3324 4647 die
3367 4593 3619 4716 pagiisten
3653 4610 3815 4647 vnser
3909 4594 4088 4648 'rchen
4140 4596 4223 4648 nit
4267 4596 4481 4648 minder-

2529 4659 2767 4715 schaden
2800 4660 3051 4730 zuffigten
3088 4660 3260 4727 (denn
3297 4662 3386 4715 die
3463 4663 3686 4730 ectirer)
3729 4664 3799 4718 ob
3844 4663 3953 4716 dan
4000 4665 4085 4716 nit
4119 4664 4184 4718 V.
4222 4664 4290 4717 H.
4340 4665 4479 4717 auch

2528 4728 2833 4783 iretbalben
2869 4729 3205 4784 anzusnchen
3243 4747 3428 4784 weron
3462 4730 3574 4785 vnd
3608 4733 3710 4785 mit
3736 4748 3848 4784 was
3872 4732 4042 4786 Ernst
4076 4732 4339 4786 nachdem
4380 4736 4477 4785 wir

2531 4815 2641 4851 nun
2678 4815 2796 4851 zum
2833 4798 3028 4852 ofl'tern
3064 4800 3174 4852 mal
3220 4800 3433 4856 erfsren
3480 4800 3578 4853 das
3611 4800 3739 4853 kein
3773 4801 4053 4854 Lindikeit
4089 4802 4197 4855 vnd
4232 4801 4473 4856 freundt—

2529 4866 2689 4920 likeit
2732 4868 2896 4921 wolte
2939 4867 3281 4922 erheischen:
3328 4871 3444 4924 also
3497 4870 3572 4922 ist
3609 4870 3714 4922 mir
3757 4869 4038 4924 bcfolchen
4073 4869 4294 4925 worden
4333 4873 4475 4924 mein

2532 4936 2845 4990 bedencken
2882 4938 3227 4992 anzustellen.
3300 4938 3414 4993 Die
3448 4936 3531 4993 15.
3568 4939 3814 5009 Auyusti
3855 4941 4207 5008 mayistratm‘
4240 4940 4475 4995 oblatum

2531 5013 2609 5060 oet
2653 5006 2960 5060 memoriale
3014 5007 3388 5063 ministrorum
3443 5013 3637 5063 contra
3689 5008 3996 5077 pupianum
4050 5007 4477 5078 redinteqratum

2528 5075 2823 5140 (Riederer
2878 5075 3015 5131 Abla.
3050 5091 3153 5131 aus
3188 5076 3241 5131 d.
3278 5075 3411 5132 KG.
3449 5075 3585 5130 1768
3627 5093 3681 5145 p.
3716 5076 3864 5146 239),
3910 5094 3947 5133 α
3984 5077 4313 5134 Man-bachio
4350 5082 4475 5132 vica

2529 5159 2655 5199 voce
2700 5118 3079 5212 confirmatum
3132 5145 3289 5212 (ibid.
3322 5163 3379 5214 p.
3415 5144 3560 5209 337).
3647 5145 3857 5215 Quibus
3902 5154 4124 5203 senatus
4166 5164 4218 5202 a.
4254 5147 4312 5203 d.
4352 5148 4476 5202 ΙΠ.

2536 5212 2666 5338 Gala
2703 5212 2847 5282 Sept.
2893 5229 3075 5269 severe
3120 5213 3405 5282 respondit
3447 5214 3606 5281 (W.
3644 5213 3790 5280 343).
3869 5215 4229 5272 Boelm'chius
4278 5215 4371 5270 m.
4408 5214 4477 5268 36

2529 5284 2590 5336 in
2664 5285 2716 5337 ie
2750 5289 2914 5337 errat.

2735 5350 2796 5419 4)
2833 5351 2887 5407 d.
2920 5349 3006 5405 20.
3043 5350 3189 5421 Sept.
3228 5350 3441 5418 (Marb.
3476 5352 3667 5420 dian).
