4850 6200
543 421 669 483 807

541 604 799 671 endroit
842 614 910 669 et
950 624 1034 667 en
1078 602 1405 685 plusieurs
1448 610 1668 665 autres
1703 599 1954 664 l’avons
1997 605 2229 661 trouve
2273 595 2484 673 fidele,

543 711 708 756 nous
744 691 997 755 seriens
1041 689 1186 753 bien
1227 689 1478 767 ingrate
1526 694 1595 749 et
1639 685 1876 748 vilains
1910 685 1965 749 si
2002 704 2165 748 nous
2210 703 2292 746 ne
2333 702 2486 746 con-

541 776 838 861 clnyions
882 796 953 839 co
996 776 1105 857 qui
1152 786 1254 837 est
1287 772 1509 837 escrit:
1580 771 1673 833 (Jo
1703 772 1870 834 Dieu
1914 780 2014 833 est
2049 779 2270 833 nostre
2315 768 2486 831 Dieu
2532 794 2540 847 ι

550 868 593 927 a
636 861 1169 937 tousiours-mais,
1209 859 1250 923 il
1295 879 1457 923 nous
1492 856 1802 923 conduira
1829 857 2088 937 iusques
2125 861 2165 919 a
2198 853 2260 917 la
2296 862 2487 917 mort.

544 947 679 1013 Par
726 969 797 1011 ce
851 968 975 1029 que
1031 944 1260 1011 desa-sus
1315 964 1560 1026 pouvez
1604 944 1790 1023 inger
1832 962 1911 1006 en
1960 941 2173 1023 quelle
2216 940 2487 1022 disposi-

543 1033 682 1186 ξεῖ]
710 1054 900 1182 lSioua
944 1052 1222 1097 sommes
1268 1038 1472 1113 quant
1517 1050 1555 1094 a
1599 1028 1866 1111 l'esprit‚
1912 1048 2138 1111 graces
2184 1033 2226 1091 a
2268 1035 2488 1090 nostre

629 1140 672 1185 n
777 1140 900 1183 neu.

1303 1407 1710 1417 ..-.-——-.-——

1413 1640 1603 1711 2313.

960 1792 1535 1877 TORNAGU81)
1581 1793 2018 1860 CALVINO.

711 1969 975 2034 Animos
1017 1968 1192 2033 addit
1216 1969 1550 2033 calumniis
1593 1972 1806 2031 vexato
1853 1970 1908 2030 et
1947 1967 2254 2050 neyotium
2287 1967 2478 2046 quod-

536 2055 683 2119 dam
715 2054 1003 2119 mulieris
1046 2058 1266 2119 tractat
1308 2074 1451 2120 aere
1493 2053 1694 2118 alieno
1729 2072 2004 2134 pressae.

846 2225 948 2291 (Ex
988 2226 1324 2293 autographo
1361 2224 1489 2277 eod.
1529 2223 1762 2277 Gothani
1800 2221 1919 2290 405,
1955 2222 2045 2275 sol.
2085 2222 2194 2288 61.)

707 2397 990 2479 Egregie
1035 2396 1185 2461 Iesu
1232 2394 1477 2461 Christi
1526 2416 1714 2459 servo
1763 2391 1847 2459 D.
1896 2393 2128 2457 Ioanni
2176 2392 2474 2459 Calvina

1876 2479 1939 2546 A
1986 2479 2300 2545 Genesve.

702 2650 770 2717 S.
831 2672 904 2717 ao
963 2652 1135 2717 vitae
1181 2652 1639 2716 innocentiam.
1730 2649 1936 2717 Vanis
1981 2663 2045 2715 et
2088 2651 2472 2734 plerumque

529 2738 710 2805 falsis
768 2738 1139 2803 rumoribus
1197 2760 1322 2801 non
1392 2738 1595 2801 solum
1653 2738 1946 2801 infirmos
1991 2758 2223 2801 verum
2273 2740 2471 2802 etiam

530 2836 899 2889 constantes
966 2825 1215 2888 turbari
1283 2824 1467 2897 nosti,
1536 2822 1938 2887 observande
2010 2821 2281 2887 Calvine.
2371 2824 2471 2888 Ne

527 2910 786 2977 mireris
830 2910 1034 2989 igitur
1078 2909 1134 2973 si
1171 2910 1531 2989 exiguam*
1570 2930 1609 2971 a
1654 2919 1716 2971 te
1762 2909 1983 2973 literas
2029 2908 2181 2990 (etsi
2228 2909 2319 2973 sis
2363 2910 2471 2975 ob·

529 3006 716 3061 rutus
763 2996 1067 3077 negotiis)
1113 2995 1349 3075 quibus
1395 2996 1630 3058 certior
1677 2998 1881 3059 faetus
1928 2993 2006 3057 de
2055 3004 2232 3058 statu
2267 2996 2468 3059 eccle-

529 3084 662 3148 siae
729 3094 795 3144 et
857 3080 1249 3164 reipublicae
1312 3082 1376 3144 in
1452 3079 1735 3144 Domino
1790 3080 2162 3144 consolari*
2207 3082 2467 3163 possim.

533 3169 840 3232 versutia
900 3169 1188 3230 Satanae
1253 3167 1448 3229 etiam
1516 3167 1622 3248 qui
1693 3167 1780 3247 pii
1848 3166 2172 3231 habentur
2237 3166 2470 3232 leviter

528 3253 820 3325 credunt,
875 3252 1094 3315 omnia
1151 3264 1212 3316 to
1258 3263 1480 3316 autore
1524 3253 1592 3315 in
1639 3262 1870 3316 senatu
1915 3253 2055 3316 fieri
2101 3273 2175 3317 ac
2219 3254 2271 3316 si
2318 3275 2468 3317 san-

625 3339 749 3402 inis
806 3335 1172 3401 sitibundus
1219 3341 1491 3419 esses.²)
1581 3336 1714 3402 Sed
1772 3336 1940 3401 bono
2022 3337 2240 3401 animo
2307 3349 2465 3403 estO.

527 3361 896 3508 ffirgamus
948 3443 1061 3505 por
1127 3423 1534 3504 ignomiam*
1599 3436 1664 3487 et
1706 3423 1944 3487 bonam
1978 3423 2241 3500 famam,
2291 3425 2471 3487 velut

527 3513 912 3592 impostores
979 3519 1043 3574 et
1101 3518 1316 3572 tanwn
1385 3529 1662 3573 veraces.
1769 3509 2095 3573 Dominus
2164 3531 2278 3574 nos
2337 3530 2470 3574 non

528 3596 813 3672 deser0t3
877 3597 942 3658 in
1009 3606 1299 3678 tempore
1365 3594 1587 3659 aderit.
1679 3594 1829 3659 Meo
1874 3594 2053 3659 tenui
2099 3595 2337 3661 iudicio
2375 3605 2470 3659 te-

528 3681 744 3747 xenda
799 3691 970 3744 esset
1014 3681 1332 3762 Apologia
1376 3701 1541 3762 quae
1600 3699 1636 3742 a
1683 3678 2068 3762 dyacossis*
2113 3682 2471 3764 approbata

528 3769 739 3832 exiret
783 3768 849 3830 in
889 3768 1114 3840 lucem,
1163 3777 1227 3828 et
1263 3775 1503 3847 quanto
1548 3764 1738 3830 eitius
1780 3787 1855 3829 eo
1910 3765 2162 3830 melius.
2254 3767 2470 3831 Multa

527 3851 735 3916 habeo
762 3850 1117 3924 scribenda,
1155 3849 1268 3914 sed
1315 3872 1446 3914 non
1491 3850 1771 3932 expedit.
1839 3850 1918 3916 In
1967 3852 2127 3915 haec
2173 3863 2469 3935 tempora.

528 3939 830 4004 venimus
891 3951 961 4000 ut
1021 3938 1108 4000 nil
1159 3951 1290 4000 tam
1339 3937 1614 4019 simplex
1662 3948 1730 4000 et
1773 3950 2020 4000 rectum
2066 3939 2152 4000 sit
2193 3940 2350 4020 quin
2395 3937 2465 4001 in

530 4022 912 4088 deteriorem
977 4033 1223 4104 partem
1282 4024 1601 4106 rapiatur:
1663 4024 1750 4086 ita
1806 4020 2222 4105 praeiudiciis
2272 4044 2467 4088 occu-

525 4119 682 4192 pata
725 4121 880 4172 sunt
925 4109 1258 4172 hominum
1306 4108 1587 4188 ingenia.

705 4195 801 4258 De
849 4192 1037 4258 rebus
1087 4195 1325 4258 uostris
1371 4196 1608 4276 paucis.
1680 4192 1970 4258 Iohanne
2020 4195 2312 4273 Gerardi,
2360 4216 2464 4260 co-

526 4281 814 4346 mitata‘··‘
886 4291 1157 4360 comiato
1204 4280 1511 4344 Gabriele
1557 4280 1738 4344 Levet
1803 4280 2304 4363 pharmacopola
2358 4302 2465 4345 me

527 4367 768 4438 invisit,
817 4365 1084 4446 cupiens
1131 4379 1204 4428 ut
1250 4365 1589 4430 liberarem
1637 4365 1732 4429 illi
1770 4388 1925 4430 suas
1970 4365 2201 4430 archas
2250 4377 2315 4430 et
2351 4387 2465 4430 ve-

526 4451 628 4516 lut
683 4451 807 4514 fido
868 4451 1149 4514 iubere*
1197 4473 1309 4532 pro
1352 4453 1525 4516 omni
1572 4451 1806 4527 debito,
1851 4453 2040 4516 modo
2083 4452 2225 4516 sine
2265 4450 2467 4528 lucro,

528 4537 879 4621 quotannis
935 4550 1186 4618 partem
1245 4537 1526 4619 aliquam
1597 4537 1824 4602 solvat.
1913 4537 2253 4602 Pollicitus
2320 4559 2468 4602 sum

526 4644 633 4688 me
679 4633 741 4686 te
787 4633 1164 4702 rogaturum
1212 4633 1286 4686 ut
1324 4625 1649 4688 accersitis
1693 4623 1937 4700 amieis,
1964 4624 2045 4687 D.
2084 4644 2125 4687 a
2152 4623 2467 4688 Norman-

527 4709 657 4783 dia,
709 4707 1068 4784 Frumento,
1115 4708 1422 4784 Gabriele,
1467 4720 1683 4773 vestro
1729 4720 1968 4773 starem
2013 4707 2304 4786 arbitrie,
2345 4708 2468 4772 etsi

525 4795 840 4859 iacturam
886 4794 1165 4876 aliquam
1207 4814 1308 4857 me
1353 4803 1647 4878 oporteat
1690 4794 1917 4858 facere.
2010 4793 2240 4859 Scribo
2297 4793 2467 4858 Free-

524 4885 720 4945 mento
785 4879 1118 4962 copiosius.
1248 4879 1347 4943 Ne
1411 4880 1708 4964 graveris
1774 4898 1924 4942 oum
2005 4880 2230 4945 amicis
2286 4879 2468 4945 hunc

523 4967 746 5030 subire
785 4965 1086 5030 laborem.
1146 4965 1416 5029 Nullum
1462 4987 1577 5048 pro
1622 4973 1686 5030 te
1729 4965 2216 5050 subterfugiam.
2286 4965 2469 5030 Bene

523 5183 792 5242 m18.1)
833 5186 1149 5240 Montium-is
1201 5201 1322 5239 eum
1374 5202 1425 5240 v.
1474 5185 1528 5242 d.
1574 5201 1641 5239 n.
1689 5187 1865 5253 luibae
1918 5186 2201 5256 Aquileiae
2254 5187 2465 5257 (Asyla)

527 5253 604 5312 N.
645 5253 796 5388 ¹⁵⁴⁶ss
832 5253 1035 5388 292⁵&
1072 5323 1226 5379 22⁶3.
1261 5321 1415 5377 asso.

2033 407 2559 476 EPISTOLAE
2602 408 3027 473 2312—2316

4408 406 4534 468 808

2591 595 2753 660 vale.
2813 594 3101 660 Oremus
3132 616 3252 678 pro
3294 595 3579 660 invicem
3620 602 3694 657 ut
3730 593 4057 659 Dominus
4089 613 4247 657 snae
4288 591 4533 674 gloriae

2588 702 2705 745 nos
2748 682 3069 746 inservire
3090 681 3302 757 faciat,
3348 681 3489 745 sive
3532 699 3650 761 per
3674 679 3877 743 vitam
3919 681 4063 744 sive
4097 698 4215 761 per
4237 686 4532 742 mortem.

2588 765 3032 917 bsssmfsggoe'
3106 767 3326 832 Nostri
3371 776 3437 830 te
3492 765 3800 831 salutant.
3871 765 4186 848 Aquileae
4235 769 4287 827 l.
4333 762 4535 828 Octo·

3472 960 3649 1027 Tuus
3686 961 3971 1028 Ioannes
4010 983 4049 1027 a
4084 960 4444 1026 Thornaco.

3457 1371 3653 1443 2314.

2970 1525 3478 1594 HALLERUS
3524 1525 4157 1593 BULLINGERO.

2758 1697 3062 1764 Calvinus
3106 1699 3280 1780 apud
3312 1698 3629 1780 plurimos
3662 1700 3935 1782 pessime
3975 1703 4239 1763 notatus.
4310 1697 4525 1764 Italus

2585 1782 2836 1849 Bernae
2875 1782 3183 1864 captivus.

2584 1954 2941 2023 (Exest-ptum
2994 1973 3062 2009 ex
3108 1955 3445 2025 autographo
3493 1954 3661 2008 Arcb.
3699 1956 3874 2009 Tui-ic.
3923 1955 4067 2008 Plut.
4102 1954 4196 2008 vl.
4246 1955 4366 2009 Vol.
4403 1953 4523 2022 154,

2615 2024 2745 2076 olim
2789 2025 2950 2079 scrin.
2990 2026 3053 2078 B.
3085 2025 3228 2095 Epp.
3264 2025 3414 2078 Tem.
3451 2023 3535 2088 32,
3572 2024 3664 2077 fol.
3702 2023 3820 2076 214.
3860 2052 3924 2063 -
3962 2023 4172 2076 Simler.
4210 2023 4335 2077 Vol.
4372 2021 4488 2089 85.)

2583 2231 2661 2239 --—-
2709 2232 2789 2241 n-
2852 2230 2931 2240 —-
2990 2232 3073 2241 ..ιν-
3132 2231 3217 2241 -
3270 2232 3354 2240 ——
3414 2233 3490 2241 ——n
3540 2233 3621 2241 -ι-
3668 2230 3752 2241 -
3794 2231 3879 2240 ο-
3922 2231 4007 2241 —
4054 2230 4128 2241 —
4175 2231 4263 2241 —
4310 2230 4389 2239 —
4437 2232 4521 2244 —-

2581 2278 2763 2355 Quod
2842 2279 3270 2346 Genevenses
3346 2281 3598 2359 attinet,
3660 2280 3785 2345 fuit
3848 2280 3983 2345 illic
4048 2280 4227 2346 bisce
4292 2280 4525 2347 diebus

2581 2364 2937 2431 Mauritius
2972 2377 3214 2431 noster.
3279 2366 3678 2431 Humaniter
3713 2364 3841 2429 fuit
3879 2376 4203 2447 exceptus.
4265 2366 4526 2432 Retulit

2582 2450 2838 2517 Calvino
2903 2455 3085 2516 varia
3144 2475 3308 2535 quae
3374 2452 3454 2517 de
3519 2473 3594 2516 eo
3661 2451 3979 2517 dicantur.
4070 2451 4193 2515 Ille
4253 2454 4525 2536 negavit

2577 2537 2811 2601 omnia.
2902 2536 3120 2603 Simul
3162 2537 3413 2603 audivit
3457 2560 3575 2622 per
3627 2547 3828 2601 totam
3875 2536 4273 2602 Sabaudiam
4319 2539 4523 2605 miros

2576 2644 2871 2688 rumores
2913 2622 2992 2689 de
3041 2624 3297 2689 Calvino
3339 2633 3405 2689 et
3448 2624 3592 2689 aliis
3637 2625 3972 2688 ministris.
4062 2624 4197 2686 Vix
4242 2627 4522 2689 centesi-

2576 2729 2722 2774 mus
2782 2712 3106 2792 reperitur
3163 2711 3275 2793 qui
3310 2710 3390 2775 de
3434 2732 3509 2775 eo
3554 2709 3798 2791 aliquid
3843 2709 4145 2792 loquatur
4187 2708 4357 2774 boni.
4448 2710 4522 2777 Is

2574 2794 2687 2875 qui
2732 2795 2839 2859 hic
2883 2798 3184 2878 captivus
3230 2794 3560 2860 detinetur
3584 2800 3634 2874 ¹)
3659 2795 3978 2859 nihildum
4016 2794 4352 2860 confessus
4398 2804 4519 2862 est.

2576 2881 2905 2944 Miserunt
2960 2883 3166 2945 nostri
3208 2882 3523 2947 nuncium
3562 2881 3903 2946 Genevam
3951 2902 4066 2963 pro
4109 2881 4519 2947 confessione

2575 2987 2773 3047 quam
2816 2967 2950 3032 illic
2996 2969 3161 3031 feeit.
3250 2968 3351 3031 Ea
3397 2969 3508 3033 ubi
3558 2967 3755 3031 allata
3797 2968 3994 3031 fuerit
4036 2967 4318 3050 amplius
4362 2990 4520 3033 eum

2575 3073 2651 3117 eo
2718 3062 2964 3136 agetur.
3055 3054 3268 3119 Natus
3335 3067 3433 3119 est
3498 3055 3669 3118 Rom
3715 3103 4043 3119 ......
4089 3062 4156 3117 et
4198 3053 4519 3136 qualiter-

2574 3160 2832 3288 {unque
2877 3139 3123 3204 doctus.
3167 3175 3763 3187 —————
3783 3139 4044 3204 Bernae
4086 3139 4189 3204 die
4237 3143 4293 3203 7.
4320 3138 4523 3206 Octo—

2615 3224 2706 3288 ris
2752 3229 2932 3289 1555.

3930 3337 4113 3400 Tuus
4155 3335 4205 3401 Ι.
4254 3336 4338 3401 Η.

3445 3778 3639 3849 2315.

2833 3934 3164 4002 eALviN
3210 3933 3408 4001 on
3452 3933 4080 4036 PRiSONNIERs
4123 3934 4241 4001 DE

3246 4036 3847 4121 OHAMBERY1)

2738 4210 3081 4276 Dernieres
3117 4210 3543 4275 consolation-3.

2570 4429 2830 4496 2314.1)
2869 4428 3054 4498 Scipio
3105 4428 3193 4483 del
3250 4427 3443 4483 Castro
3496 4429 3568 4494 cf.
3616 4428 3692 4483 N.
3740 4428 3892 4483 2306.
3932 4458 3996 4468 —
4032 4429 4226 4484 Bolsec
4271 4429 4371 4488 012.
4409 4431 4511 4487 20.-

2567 4499 2730 4553 Ledit
2764 4498 2953 4567 espion
3005 4497 3114 4550 s'en
3154 4499 3325 4551 allant
3357 4497 3488 4550 hors
3523 4498 3590 4551 de
3624 4500 3840 4552 Geneve
3876 4515 4001 4552 vers
4036 4498 4227 4552 l’ltalie
4261 4502 4512 4570 desgnise'

2569 4577 2625 4620 et
2660 4567 2880 4636 masque
2916 4567 3072 4619 dune
3106 4566 3277 4620 fanlse
3301 4567 3468 4619 barbe
3503 4567 3746 4631 blanche,
3781 4568 3864 4619 fut
3899 4567 3931 4620 a
3965 4568 4020 4620 la
4054 4577 4347 4638 poursuyte
4383 4571 4509 4624 dili·

2605 4644 2729 4689 ente
2765 4637 2860 4688 des
2895 4636 2949 4688 fn
2992 4635 3105 4688 'tifz
3122 4635 3355 4699 (Perrt'n
3383 4637 3501 4698 etc.)
3534 4637 3706 4705 repris
3726 4653 3849 4705 pres
3867 4636 4040 4690 Evien
4059 4637 4199 4690 etde
4218 4637 4272 4690 la
4290 4640 4512 4693 remens

2566 4655 2603 4761 ἓ
2637 4706 2834 4773 Berne,
2868 4703 2937 4758 οὐ
2992 4705 3262 4758 ibrement
3298 4711 3356 4757 et
3392 4703 3752 4757 entierement
3786 4706 3827 4757 il
3862 4705 4104 4758 confessa
4138 4706 4192 4758 la
4227 4708 4400 4760 ve'rite'
4437 4710 4511 4762 du

2569 4775 2725 4842 fauet,
2771 4773 3012 4826 assavoir
3058 4779 3355 4835 comment,
3402 4790 3502 4843 par
3548 4774 3640 4841 qui
3690 4781 3745 4826 et
3790 4789 4068 4843 pourquoy
4116 4774 4154 4828 il
4198 4778 4347 4828 avoit
4394 4777 4511 4830 este'

2568 4843 2703 4896 ainsi
2745 4841 3038 4922 'pi-actique
3091 4849 3147 4895 ot
3198 4841 3406 4895 induiot
3449 4841 3491 4923 ‘a
3542 4842 3833 4923 calumnier
3887 4859 4020 4896 ceux
4072 4844 4309 4913 lesquelz
4356 4846 4396 4898 il
4441 4863 4510 4899 ne

2569 4919 3155 5049 &affimativa
3173 4911 3411 5033 ¹33¹:
3445 4910 4511 5052 2025223123502033¹⁰3z¹⁰ss0322132233

2570 5049 2987 5171 paz-descritlfiu
3033 5048 3425 5128 secretairende
3447 5049 3886 5169 lla-Seigneurie,
3908 5065 3985 5171 lce
4021 5051 4112 5130 qui
4149 5051 4269 5132 leur
4302 5052 4389 5133 fut
4421 5069 4507 5106 ac-

2570 5126 2849 5241 issnfssessi,
2886 5123 3444 5239 <12⁰2032⁰3322310P
3469 5134 3677 5173 “⁸¹⁰¹'¹'⁸
3724 5135 3860 5188 Μ’
3929 5135 4024 5172 ‘'¹¹''
4061 5121 4417 5188 '⁰⁸⁸¹fi⁰⁸¹⁵¹⁰¹¹
4453 5127 4511 5174 ‘³‘

2572 5255 2750 5311 2815.
2783 5257 2837 5318 1)
2876 5255 2931 5309 11
2963 5259 3046 5309 est
3088 5259 3205 5321 sort
3235 5254 3492 5323 probatu
3523 5270 3626 5325 que
3658 5261 3787 5310 cette
3829 5255 3982 5310 lettre
4014 5271 4084 5308 ne
4122 5259 4351 5325 par-viat
4380 5257 4510 5326 plus

2570 5324 2609 5379 ὁ
2649 5340 2752 5380 eon
2794 5324 3027 5379 adressa.
3110 5323 3222 5378 Les
3259 5325 3605 5393 prisonns'ers
3648 5332 3741 5379 ont
3785 5324 3861 5378 da
3902 5326 4129 5393 soum-nr
4174 5328 4223 5382 k
4266 5333 4509 5398 martyre
