4850 6200
337 424 456 487 821

339 612 604 676 uiarum
695 608 1100 683 instituatur,
1187 607 1733 690 quemadmon
1801 609 1946 674 fieri
2012 607 2294 673 libenter

338 696 549 773 audio,
596 704 663 760 et
705 695 865 760 haec
909 693 1214 758 diluatur.

509 780 722 847 Aiunt
773 781 1068 863 reginam
1129 780 1466 845 Navarrae
1515 802 1632 864 pro
1688 779 1977 846 subsidio
2045 800 2291 863 paupe-

339 889 488 934 rum
547 867 630 931 ad
689 876 756 930 te
801 867 1058 931 misisse
1102 872 1271 930 4000
1316 878 1674 943 coronatos,
1710 874 1787 930 ut
1831 867 1898 929 in
1940 887 2097 931 usus
2131 885 2292 948 pau-

337 975 568 1039 perum
630 964 698 1017 et
752 952 1057 1017 exsulum
1119 952 1703 1017 distribuerentur:
1762 974 1908 1017 eam
1944 952 2291 1035 pecuniam

339 1055 404 1105 te
461 1038 873 1104 transtulisse
929 1040 999 1102 in
1061 1059 1221 1103 usus
1281 1040 1572 1121 proprios
1632 1048 1700 1103 et
1743 1039 2052 1120 privatos,
2083 1057 2294 1120 neque

339 1127 532 1191 etiam
577 1126 781 1190 fuisse
823 1136 1204 1189 contentum
1240 1145 1316 1189 ea
1361 1145 1635 1201 summa,
1693 1124 1807 1189 sed
1843 1124 1993 1206 plus
2032 1125 2175 1187 auri
2211 1122 2291 1186 ab

339 1235 416 1278 ea
445 1214 708 1295 petiiset
756 1210 928 1293 quod
965 1231 1164 1291 quum
1202 1210 1316 1274 illa
1352 1209 1756 1294 denegasset,
1793 1220 1860 1274 te
1905 1210 2293 1293 gravissime

337 1300 661 1364 offensum
717 1296 978 1380 publico
1037 1298 1280 1380 scripto
1326 1298 1396 1360 in
1438 1297 1620 1361 illam
1664 1298 2019 1362 invectum.
2102 1295 2291 1360 Haec

336 1406 539 1468 quum
587 1405 747 1449 vero
792 1382 1134 1447 dissimilia
1178 1405 1296 1465 per
1331 1406 1400 1447 se
1443 1395 1616 1457 sunt,
1678 1403 1890 1463 neque
1946 1404 1985 1445 a
2029 1402 2134 1444 me
2179 1401 2291 1445 ne-

337 1493 461 1554 que
539 1471 622 1534 ab
688 1469 828 1533 ullo
895 1470 1063 1533 bono
1127 1468 1502 1545 creduntur,
1556 1466 2101 1552 quemadmodum
2170 1487 2290 1531 nec

337 1568 598 1622 caetera
662 1577 827 1637 quae
890 1554 1253 1636 blasphemi
1320 1555 1618 1619 homines
1663 1575 1795 1619 non
1840 1554 1980 1619 sine
2016 1551 2289 1617 offendi-

337 1644 483 1708 culo
529 1641 685 1706 hinc
728 1641 884 1705 inde
928 1644 1243 1723 garriunt.
1332 1640 1693 1705 Videretur
1746 1650 1969 1704 tamen
2027 1660 2163 1703 non
2207 1638 2288 1702 ab

335 1750 408 1795 re
454 1730 514 1794 si
557 1727 817 1810 publico
862 1729 1102 1808 scripto
1147 1726 1406 1808 singula
1441 1728 1952 1792 confutarentur.
2036 1724 2171 1790 Sed
2220 1742 2288 1787 tu

335 1836 455 1898 pro
537 1826 652 1878 tuo
732 1813 1031 1889 candore,
1096 1814 1471 1896 integritate
1537 1822 1605 1876 et
1669 1812 1902 1876 iudicio
1968 1810 2288 1893 singulari

335 1901 442 1966 his
507 1899 702 1965 rebus
770 1900 1106 1963 consulere
1170 1900 1415 1981 poteris
1451 1901 1593 1963 sine
1637 1921 1784 1963 mea
1826 1897 2288 1971 admonitione.

335 1987 540 2052 Dolet
574 1985 763 2050 nobis
811 1998 946 2049 tam
992 1985 1279 2068 indignis
1323 1985 1533 2049 modis
1577 1996 1661 2059 te,
1708 2007 1826 2067 per
1869 2004 2064 2066 quem
2109 1992 2293 2046 tanta

337 2088 436 2141 est
481 2073 809 2139 Dominus
852 2086 1174 2153 operatus.
1221 2071 1563 2153 proscindi.

511 2160 698 2223 Haec
741 2158 921 2221 nolui
945 2159 1264 2240 copiosius
1300 2157 1474 2240 apud
1521 2170 1586 2221 te
1630 2178 1823 2239 agere
1860 2156 2014 2238 quia
2056 2164 2123 2218 te
2142 2174 2292 2238 gra-

337 2246 633 2312 vioribus
679 2244 876 2308 rebus
938 2259 1326 2325 occupatum
1375 2244 1527 2307 scio.
1617 2243 1840 2308 Unum
1880 2263 1918 2306 a
1963 2251 2050 2317 te,
2092 2241 2290 2305 caris-

336 2336 503 2399 sime
547 2331 772 2405 frater,
811 2340 988 2410 peto:
1037 2350 1234 2409 quum
1284 2351 1495 2412 nuper
1538 2328 1707 2412 apud
1755 2330 1837 2393 D.
1885 2327 2292 2391 Ambrosiam

337 2439 570 2486 essem.
610 2415 742 2479 vidi
777 2416 1210 2479 Harmoniam
1258 2426 1438 2479 tuam
1484 2415 1555 2478 in
1592 2424 1729 2479 tres
1772 2418 2023 2496 priores
2070 2412 2292 2477 Evan-

335 2506 626 2589 gelistas,
683 2502 1067 2565 thesaurum
1123 2512 1523 2582 exoptatum.
1607 2502 1781 2565 Eum
1860 2500 2100 2564 librum
2160 2518 2290 2561 nou

334 2591 635 2675 ligatum,
683 2587 796 2652 sed
843 2598 1062 2650 tamen
1106 2598 1511 2669 compactum
1556 2595 1633 2650 ut
1675 2607 1714 2650 a
1758 2594 2142 2668 tempestate
2188 2594 2292 2646 tu-

334 2686 443 2742 tus
487 2674 570 2740 ad
607 2695 715 2738 me
748 2672 1022 2756 perferri
1059 2674 1281 2755 possit,
1325 2694 1444 2755 per
1487 2673 1665 2737 hunc
1707 2672 2025 2737 nuncium
2067 2669 2150 2734 ad
2186 2689 2294 2732 me

337 2764 604 2827 mittere
651 2761 956 2843 digneris.
1017 2760 1170 2841 Ipse
1213 2760 1556 2841 pecuniam
1606 2779 1724 2841 pro
1769 2779 1844 2823 eo
1889 2756 2290 2822 numerabit:

339 2851 442 2915 cui
503 2856 763 2911 tantum
824 2845 1050 2929 paucis
1093 2848 1374 2927 pretium
1422 2845 1722 2928 significa
1768 2865 1851 2908 ne
1895 2843 2034 2908 falli
2069 2844 2292 2925 possit.

329 2934 504 2999 Vale
551 2933 620 2997 in
679 2932 950 2997 Christo
991 2930 1144 2995 Iesu
1188 2944 1255 2995 et
1297 2952 1400 2995 me
1447 2932 1545 2995 tui
1591 2931 2115 2996 amantissimum
2160 2926 2293 2991 tuis

331 3020 638 3106 precibus
682 3016 1211 3082 commendatum
1265 3017 1521 3081 habeto.
1612 3017 1872 3082 Biireae
1927 3020 2107 3078 1555.
2199 3020 2292 3076 15.

332 3106 564 3174 Octob.

417 3245 700 3330 Ignosce
744 3241 928 3320 mihi,
975 3261 1130 3305 nam
1176 3241 1341 3305 mire

417 3329 860 3397 festinandum
909 3327 1051 3392 suit.

1285 3463 1800 3546 Christophorus
1835 3463 2204 3546 Piperinus,

1266 3559 1489 3632 pastor
1534 3550 1845 3615 ecclesiae
1887 3549 2223 3614 Biirensis.

1107 3842 1498 3855 —

1210 4095 1403 4165 2324.

717 4249 1217 4320 MUSOULUS
1261 4248 1897 4316 BULLINGERO.

505 4427 632 4492 Hic
675 4446 912 4508 quoque
953 4444 1132 4506 aeyre
1164 4424 1288 4504 fert
1320 4422 1743 4488 dissensiones
1770 4420 2083 4486 Genevam
2118 4421 2282 4485 inter

329 4521 387 4580 et
430 4514 711 4579 Ber-nam
753 4512 959 4577 indies
999 4511 1498 4594 ingravescente-3.

330 4685 443 4751 (Ex
491 4683 830 4753 autographo
875 4683 1007 4736 Cod.
1042 4681 1221 4803 Turi&
1257 4680 1510 4816 1188ῗηῖ1
1546 4676 1631 4744 74,
1679 4678 1769 4731 fol.
1805 4677 1924 4732 939.
1963 4707 2022 4716 —
2064 4677 2278 4731 Simler.

1225 4766 1258 4804 o
1282 4790 1294 4803 .
1401 4790 1415 4805 .

504 4941 888 5007 Clarissimo
948 4939 1252 5022 theologo
1323 4937 1415 5002 M.
1472 4933 1837 5000 Heinricho
1894 4934 2284 5018 Bullingero

331 5027 649 5111 compatri
693 5048 808 5090 suo
852 5025 924 5089 in
969 5026 1253 5091 Domino
1296 5022 1651 5089 carissimo.

1864 5107 2112 5191 Tiguri.

506 5250 578 5316 S.
623 5249 894 5316 Utinam
944 5247 1051 5313 vel
1088 5247 1312 5324 vestri,
1357 5253 1689 5328 compater
1744 5245 1813 5308 in
1859 5242 2144 5308 Domino
2180 5261 2286 5307 ca-

333 5338 614 5414 rissime,
660 5334 907 5419 aliquid
951 5334 1071 5401 zeli
1117 5333 1405 5399 nominis
1448 5331 1581 5397 Dei
1635 5328 2003 5398 ostendant.
2074 5328 2288 5395 Video

2079 420 2244 484 1555
2289 376 2616 485 octroB.

4224 429 4351 491 822

2397 606 2759 672 multorum
2803 608 3056 673 animos
3096 629 3365 691 prorsus
3407 611 3478 674 in
3522 631 3721 677 causa
3755 632 3957 693 purae
4014 612 4352 697 religionis

2399 693 2843 776 languescere,
2911 704 2984 758 ut
3028 695 3393 760 timendum
3437 697 3524 760 sit
3566 719 3646 761 ne
3690 696 3863 762 idem
3902 699 4143 763 nostris
4180 699 4351 765 acci-

2398 780 2514 843 dat
2536 778 2825 845 ecclesiis
2867 779 3039 861 quod
3083 781 3229 845 aliis
3252 780 3560 847 accidisse
3584 783 3890 849 vidimus.
3949 784 4170 850 Causa
4213 785 4350 850 Ge-

2401 865 2795 930 nevensium
2842 865 3054 930 indies
3096 868 3275 949 peior
3322 867 3635 933 redditur.
3664 874 3709 954 ')
3788 868 3980 935 Duae
4031 870 4155 936 hae
4211 891 4352 936 res-

2396 952 2715 1033 publicae,
2772 951 3034 1016 illorum
3095 961 3159 1016 et
3201 963 3444 1030 nostra,
3490 955 3731 1018 mirum
3776 956 3848 1019 in
3885 955 4149 1021 modum
4196 978 4236 1021 a
4278 979 4350 1022 se

2397 1038 2680 1102 invicem
2705 1037 3176 1104 abalienantur.
3237 1040 3515 1104 Irritant
3554 1041 3649 1104 illi
3696 1042 3949 1107 animos
3973 1050 4346 1107 nostrorum

2397 1126 2617 1189 nescio
2680 1124 2914 1205 quibus
2980 1135 3047 1188 et
3109 1125 3406 1207 qualibus
3470 1127 3750 1210 scriptis,
3767 1130 3823 1206 ²)
3865 1127 4098 1210 quibus
4142 1129 4354 1193 nostri

2398 1209 2605 1274 nihilo
2666 1210 2893 1274 mitius
2950 1209 3364 1293 respondent„
3454 1211 3773 1288 Obsecro,
3832 1215 4040 1279 scribe
4088 1214 4348 1279 Calvino

2398 1305 2476 1359 ut
2518 1308 2706 1359 autor
2750 1296 2890 1360 suis
2934 1296 3021 1359 sit
3064 1318 3151 1360 ne
3194 1296 3351 1379 quid
3377 1299 3644 1381 posthac
3674 1300 3964 1364 scribant
4008 1299 4345 1380 eiusmodi,

2397 1381 2574 1446 unde
2619 1380 2784 1445 nihil
2831 1389 2933 1446 est
2975 1383 3491 1467 exspectandum
3527 1406 3721 1467 quam
3757 1393 3835 1449 ut
3877 1385 4123 1450 malum
4160 1385 4349 1469 peius

2396 1467 2612 1532 adhuc
2634 1466 2962 1533 reddatur.
3014 1505 3846 1518 ———————
3870 1472 4132 1537 Bernae
4165 1476 4345 1536 1555.

2405 1560 2501 1617 15.
2541 1552 2867 1618 Octobris.

3078 1691 3188 1756 W.
3229 1692 3434 1758 Musc.
3484 1713 3690 1776 comp.
3736 1700 3891 1758 tuus
3932 1693 4004 1758 in
4049 1692 4350 1759 Domino.

3154 2038 3559 2046 --——————

3281 2322 3484 2391 2325.

2889 2476 3388 2542 PARELLUS
3436 2474 3872 2541 GALVINO.

2576 2647 2983 2730 Proqressum
3038 2652 3096 2712 et
3150 2667 3499 2713 successum
3541 2650 3611 2713 in
3670 2646 3955 2731 operibus
3998 2649 4252 2713 edendis
4293 2651 4355 2714 ei

2395 2733 2776 2816 yratulatur.
2881 2732 3306 2815 Westphalum
3362 2738 3490 2799 tam
3550 2734 3922 2799 vehementer
3974 2733 4354 2800 deblaterare

2399 2820 2674 2883 miratur
2736 2840 2929 2901 quum
2992 2819 3087 2884 vel
3141 2819 3454 2885 Lutherus
3495 2820 3643 2885 olim
3686 2820 4062 2902 confessione
4102 2819 4356 2886 Basile-

2401 2906 2540 2969 επεὶ
2602 2911 2913 2970 contentus
2974 2906 3211 2987 fuisset.
3298 2905 3501 2970 Malis
3565 2912 3769 2971 tomen
3824 2927 3943 2971 non
3998 2907 4351 2972 cedendum.

2411 2990 2670 3072 Quaerit
2721 3012 2806 3055 an
2853 3011 3022 3072 puer
3089 2991 3526 3057 Neocomensis
3585 2993 3826 3074 aliquis
3875 2991 4158 3057 Genevae
4199 2993 4353 3058 tine-

2403 3078 2633 3142 toriam
2674 3083 2871 3143 artem
2911 3078 3229 3144 addiscere
3263 3079 3486 3160 possit.

2398 3249 2512 3313 (Ex
2549 3249 2883 3370 autographo
2920 3248 3049 3301 Ood.
3076 3248 3280 3302 Gener.
3322 3249 3438 3312 115,
3474 3250 3562 3302 fol.
3594 3247 3707 3310 124,
3743 3249 3865 3303 coll.
3904 3265 4023 3302 cum
4059 3249 4194 3303 Ood.
4232 3250 4355 3320 116,

2558 3320 2649 3371 fol.
2721 3320 2768 3383 5,
2808 3320 2948 3387 Epp.
2982 3319 3143 3372 Bern.
3186 3318 3279 3371 VI.
3320 3336 3371 3386 p.
3413 3317 3517 3371 502
3552 3326 3609 3371 st
3644 3320 3862 3371 Simleri
3898 3318 4026 3370 Vol.
4062 3318 4178 3386 85.)

2568 3490 3146 3554 Praestantissimo
3200 3488 3454 3554 Christi
3510 3509 3699 3554 servo
3758 3487 3992 3553 Ioanni
4053 3489 4350 3568 Calvino,

2396 3575 2645 3658 pastori
2687 3574 2993 3640 ecclesiae
3027 3575 3437 3639 Geuevensis
3481 3596 3677 3657 quam
3723 3574 4107 3640 fidelissimo
4150 3577 4341 3641 fratri

2395 3671 2466 3726 et
2508 3670 2911 3747 symmystae
2955 3660 3387 3744 suspiciendo,

3831 3747 4164 3811 Genevae.

2565 3917 2634 3982 S.
2702 3917 3134 3983 Harmoniam
3189 3928 3371 3983 tuam
3420 3939 3549 3982 non
3611 3918 3883 4001 indigne
3926 3927 4266 4002 exceptam
4291 3922 4340 4000 ¹)

2390 4004 2689 4087 gratulor
2732 4025 2936 4088 quum
2994 4004 3684 4069 Francofordiensibus
3728 4013 3869 4067 tum
3930 4005 4068 4069 tibi.
4158 4006 4342 4070 Bene

2389 4099 2783 4172 attemperat
2808 4091 3133 4154 Dominus
3178 4089 3431 4155 labores
3476 4112 3764 4168 suorum,
3811 4103 3881 4154 ut
3929 4113 4058 4154 non
4084 4112 4342 4172 semper

2389 4176 2562 4239 male
2605 4176 2843 4239 cadant
2888 4197 3009 4241 nec
3051 4176 3436 4258 contingant
3469 4176 3768 4259 ingratis,
3816 4176 3928 4240 sed
3987 4177 4068 4240 ab
4112 4177 4339 4241 amicis

2387 4263 2595 4325 amice
2661 4262 3091 4343 excipiantur.
3171 4260 3303 4326 Sed
3336 4261 3490 4343 quid
3538 4283 3666 4325 nou
3714 4261 3878 4325 bene
3935 4261 4107 4326 cedit
4165 4260 4340 4326 labo-

2384 4346 2607 4411 ranti?
2677 4346 2858 4411 Sane
2902 4348 3068 4429 quod
3108 4348 3246 4431 agit
3274 4347 3585 4411 Dominus
3630 4369 3747 4429 per
3770 4368 3919 4412 suos
3957 4348 4097 4412 siue
4119 4348 4338 4412 fructu

2384 4454 2721 4515 nunquam
2768 4434 3034 4498 evenire
3077 4443 3308 4516 potest.

2388 4724 2580 4778 2324.
2603 4726 2659 4792 1)
2700 4726 2774 4778 N.
2807 4722 2965 4778 2306.
2999 4723 3154 4778 2329.

2592 4792 2653 4860 2)
2694 4795 2802 4849 Hic
2835 4794 2938 4847 tibi
2968 4796 3028 4847 in
3057 4794 3368 4848 memoriam
3404 4807 3719 4845 revocamus
3753 4790 3984 4845 edictam
4020 4790 4159 4845 alud
4192 4790 4341 4860 quod

2387 4865 2488 4915 sub
2535 4861 2613 4917 N.
2655 4862 2796 4917 2284
2854 4864 3211 4917 exhibuimus.
3288 4862 3622 4914 Genevenses
3665 4861 4023 4926 fayitivoram
4069 4861 4339 4927 expulsio-

2385 4948 2507 4985 nem
2532 4932 2958 4986 aBernenst'bus
2988 4934 3293 5000 postulasse
3327 4930 3596 4983 videntur.
3654 4930 3793 4982 Inde
3827 4930 4084 4997 epistolae
4118 4935 4338 4983 maluae

2387 5001 2442 5054 d.
2469 4998 2622 5054 1201
2663 5000 2742 5054 18.
2778 5001 2891 5055 Oet.
2931 5004 3129 5054 missae
3163 5001 3376 5053 animos
3411 5005 3763 5067 utrorumque
3794 4999 4176 5051 incitaverunt.
4250 4996 4340 5052 De

2389 5070 2583 5138 leuatis
2620 5070 2991 5124 Beruensibus
3038 5069 3361 5121 Ter-mavum
3410 5068 3662 5121 euntibus
3743 5069 3900 5120 uibus
3937 5083 3970 5120 a
4012 5067 4341 5120 Genevensi-

2389 5140 2491 5192 bas
2538 5142 2807 5193 transitus
2851 5154 2951 5206 per
2985 5140 3167 5192 urbem
3207 5142 3433 5204 neqatus
3475 5137 3588 5202 fait
3621 5137 3674 5188 d.
3749 5135 3795 5187 8.
3842 5139 3973 5204 Any.
4015 5138 4123 5188 iam
4163 5151 4339 5203 supra

2389 5208 2647 5261 diximus.
2722 5210 2895 5261 Aliud
2927 5209 3194 5260 recentius
3225 5209 3433 5268 factum
3472 5212 3669 5258 narrat
3711 5205 3929 5257 Ruchat
3966 5204 4060 5257 VI.
4100 5203 4214 5257 143.

2392 5276 2663 5342 2325.1)
2699 5277 2777 5332 N.
2816 5275 2971 5330 2293.
3030 5275 3161 5343 Ipse
3200 5274 3684 5327 Sanetandreanus
3721 5275 3932 5326 demum
3969 5273 4020 5326 d.
4058 5273 4125 5326 29
4157 5272 4339 5328 redum

2375 5345 2500 5411 ‘fuit
2534 5346 2783 5401 Genevae
2818 5343 3049 5400 Calvino
3082 5344 3203 5399 illos
3236 5343 3306 5396 40
3342 5358 3539 5398 aureos
3574 5344 3827 5412 afferens.

3828 5426 3926 5481 52·
