4850 6200
548 456 667 553 ιφ

1417 641 1611 715 1968.

1030 794 1408 864 MUSOUL
1416 795 1528 864 ΠΒ
1574 796 2001 865 GALVINO.

716 968 912 1049 Deflet
953 972 1175 1035 sortem
1215 968 1499 1034 exsulum
1535 969 1901 1053 Auylorwm
1943 974 2000 1034 et
2040 970 2299 1035 nunciat
2332 970 2492 1052 quid

537 1075 659 1135 pro
702 1055 788 1119 iis
826 1054 1002 1138 apud
1040 1058 1322 1120 senatum
1366 1052 1747 1121 Bernensem
1788 1059 1990 1121 aetum
2033 1056 2132 1121 sit.

824 1225 937 1290 (mx
973 1226 1313 1295 autographo
1349 1225 1479 1279 Ood.
1516 1225 1720 1280 Genev.
1759 1225 1876 1291 113,
1912 1227 2005 1281 sol.
2045 1222 2191 1294 133.)

712 1397 1289 1462 Praestantissimo
1364 1396 1581 1462 theolo
1742 1398 1825 1463 D.
1905 1397 2141 1464 Ioanni
2208 1397 2488 1465 Calvino

541 1482 950 1584 Qenevensis
1005 1483 1315 1548 ecclcsiae
1372 1494 1617 1565 pastori
1685 1482 1949 1548 domino
2013 1504 2087 1549 ac
2138 1484 2323 1549 fratri
2381 1505 2486 1549 ca·

543 1588 818 1635 rissimo.

1980 1654 2309 1721 Genevae.

713 1790 781 1855 S.
873 1788 1186 1855 Reddidit
1219 1790 1384 1856 mihi
1428 1801 1577 1857 tuas
1612 1792 1983 1875 Immanuel
2035 1792 2409 1859 Tremellim
2437 1797 2486 1868 ¹)

543 1873 800 1943 calvam
843 1878 913 1940 in
954 1874 1236 1941 Domino
1294 1878 1643 1943 carissime.
1733 1878 1842 1944 Ex
1897 1878 2116 1943 animo
2173 1878 2487 1945 condoleo

539 1961 849 2028 ecclesiae
905 1961 1291 2045 anglicanae
1345 1962 1514 2044 quod
1573 1974 1706 2029 tam
1761 1965 1886 2048 piis
1943 1984 2019 2031 ac
2076 1962 2282 2031 doctis
2327 1965 2487 2030 viris

538 2048 800 2130 privata
841 2062 956 2125 est,
1000 2069 1277 2129 quorum
1321 2069 1518 2131 opera
1560 2062 1627 2115 et
1670 2050 1918 2116 utiliter
1961 2057 2029 2115 et
2072 2048 2342 2116 honeste
2386 2052 2485 2115 uti

537 2144 811 2218 poterat.
877 2133 1140 2199 Interea
1160 2133 1542 2201 Immanueli
1577 2156 1652 2201 ac
1686 2136 1954 2220 reliquis
1987 2137 2099 2219 qui
2133 2148 2489 2202 evaserunt

536 2219 844 2285 Athaliae
888 2220 1317 2303 impiissimae
1362 2242 1597 2287 manus
1655 2221 2072 2305 congratulor
2116 2220 2483 2288 admodum.

535 2303 858 2371 Miserum
900 2304 1166 2388 quidem
1209 2318 1309 2371 est
1352 2316 1486 2371 tam
1527 2307 1820 2391 insignes
1858 2308 2029 2374 viros
2070 2308 2285 2374 exsilii
2325 2309 2484 2375 fluc-

538 2390 716 2457 tibus
759 2393 1007 2457 iactari.
1100 2390 1349 2457 Verum
1406 2392 1902 2459 incommoditas
1960 2393 2089 2460 ista
2131 2393 2341 2459 multo
2384 2402 2488 2459 est

538 2476 935 2543 tolerabilior
978 2498 1178 2561 quam
1221 2478 1278 2543 si
1320 2478 1602 2544 fiiissent
1653 2479 2088 2547 truculentiae
2130 2481 2482 2564 impiorum

538 2562 695 2629 facti
738 2564 1022 2629 obnoxii.
1112 2563 1269 2629 Feci
1330 2564 1499 2648 quod
1557 2565 1740 2649 potui
1758 2569 1814 2648 ²)
1872 2587 1945 2632 ac
2000 2565 2210 2631 debui.
2301 2565 2483 2648 Quid

536 2648 959 2729 impetratum
994 2649 1081 2714 sit
1113 2670 1153 2712 a
1174 2650 1474 2715 Dominis
1519 2653 1762 2717 nostris
1794 2662 1954 2736 puto
1990 2660 2056 2718 te
2091 2673 2174 2716 ex
2217 2652 2483 2717 illorum

533 2735 906 2818 intelligere
941 2736 1166 2800 literis.
1226 2736 1551 2802 Dominus
1575 2737 1881 2804 Hallerus
1915 2759 2033 2822 pro
2069 2739 2483 2804 humanitate

532 2842 655 2888 sua
699 2831 994 2887 senatum
1038 2822 1313 2888 accessit
1356 2831 1424 2889 et
1463 2844 1652 2906 opem
1694 2823 1871 2890 illius
1915 2824 2299 2906 imploravit
2342 2825 2482 2890 sine

533 2909 723 2974 cuius
778 2927 817 2971 o
864 2926 978 2972 era
1035 2928 1156 2991 ego
1214 2907 1380 2972 nihil
1448 2909 1824 2975 effecissem.
1926 2908 2070 2976 Deo
2128 2911 2342 2975 omnis
2396 2911 2484 2976 sit

532 2991 760 3077 gloria.
863 2992 1030 3058 ussit
1072 3003 1148 3057 ut
1189 2993 1309 3059 tibi
1349 2993 1630 3059 salutem
1672 2995 1741 3058 in
1785 2995 2072 3060 Domino
2117 2994 2481 3062 adscribam

531 3076 1082 3161 quemadmodum
1156 3085 1223 3144 et
1298 3079 1383 3145 D.
1455 3079 1519 3144 N
1520 3079 1763 3147 icolaus
1833 3080 2195 3147 Zerkinden.
2311 3080 2481 3149 Vale

532 3163 892 3248 plurimum
936 3175 1003 3230 ct
1044 3164 1375 3231 laboribus
1433 3167 1566 3231 tuis
1624 3167 1889 3232 modum
1939 3168 2223 3250 aliquem
2267 3175 2482 3234 statue

531 3270 661 3332 quo
705 3250 1136 3316 durabiliores
1176 3271 1318 3316 esse
1352 3260 1611 3334 queant.
1690 3253 2017 3318 Dominus
2060 3263 2126 3319 te
2169 3261 2236 3320 et
2276 3255 2480 3322 eccle-

530 3334 704 3485 {³⁸¹3}
757 3336 953 3403 isthic
1012 3337 1080 3401 in
1139 3358 1297 3421 pace
1354 3345 1712 3403 conservet.
1816 3338 2077 3405 Bernae
2131 3345 2307 3407 1554.
2385 3345 2475 3405 13.

572 3443 727 3486 unu.

1610 3509 1721 3575 W.
1767 3509 2110 3579 Musculus
2155 3521 2311 3580 tuus

1762 3614 1831 3678 in
1878 3613 2172 3681 Domino.

1420 3906 1607 3915 0-0-...0-

1406 4141 1595 4214 1969.

976 4295 1377 4364 VIRE'PUS
1422 4298 2018 4369 GUAL'PHERO.

702 4471 835 4552 Quo
900 4471 973 4533 in
1035 4473 1206 4533 statu
1274 4469 1403 4535 sint
1468 4489 1568 4535 res
1631 4471 1915 4538 Orbonae
1974 4476 2206 4556 paucis
2264 4477 2469 4557 refert.

530 4557 829 4640 Quaeritur
892 4554 966 4618 de
1027 4552 1528 4624 Luawranomm
1579 4555 1793 4638 furore
1857 4580 2054 4626 novos
2121 4560 2473 4644 uoqoedias

522 4761 703 4817 1068.
740 4761 795 4826 1)
832 4760 1042 4816 Haller.
1091 4759 1319 4831 Ephesi.
1350 4778 1403 4831 p.
1445 4760 1569 4816 104:
1618 4763 1805 4818 Mense
1854 4765 2006 4820 Innio
2060 4767 2211 4820 venit
2257 4765 2361 4820 huc
2407 4764 2470 4821 D.

522 4831 644 4885 Em.
679 4830 1027 4896 Tremellius,
1075 4831 1354 4887 Hebraeus
1400 4832 1646 4898 natione,
1697 4833 1804 4887 fide
1850 4833 2206 4888 Christianus.
2278 4835 2336 4889 Is
2410 4850 2472 4889 er

521 4899 1098 4980 aliquotpeptimanas
1148 4900 1236 4954 hic
1278 4901 1494 4970 publice
1529 4901 1684 4970 legit,
1733 4911 1789 4955 et
1823 4903 1927 4955 nisi
1965 4902 2169 4956 invidia
2204 4852 2470 4972 quaedgm

519 4976 713 5024 eontra
745 4984 917 5038 ipsum
953 4975 1075 5023 orta
1109 4970 1300 5024 fuisset
1317 4975 1535 5039 poterat
1569 4970 1657 5023 hic
1674 4972 1913 5026 retineri.
1964 4970 2241 5027 Concessit
2276 4979 2472 5042 postea

522 5037 595 5091 sd
619 5037 929 5119 principem
974 5038 1341 5122 Bipoutinnm.
1422 5036 1532 5106 Qui
1562 5053 1681 5092 eum
1720 5040 1810 5093 Ho
2034 5041 2066 5052 ‘'
2102 5040 2469 5110 professorem

516 5106 667 5174 focut-
721 5105 938 5163 Deinde
968 5109 1079 5174 ficte
1096 5107 1503 5176 Heidelberqae.
1538 5113 1590 5162 et
1621 5108 1777 5174 apud
1796 5109 2068 5163 Martenses
2082 5109 2230 5164 unde
2244 5125 2468 5165 uxorem

520 5174 772 5241 mat,
938 5179 949 5193 ⁶
1086 5176 1311 5233 Radani.
1388 5174 1576 5232 Ειίαω
1611 5177 1968 5246 Arycvttorati
2005 5184 2230 5248 propter
2265 5179 2467 5234 Latho-

518 5259 694 5301 ωηο-9
1016 5263 1105 5303 ere
1137 5263 1251 5302 non
1280 5247 1475 5315 potuit.
1548 5244 1795 5314 (Adam-i,
1833 5245 2075 5302 Niceros·
2107 5251 2232 5313 etc.)

765 5319 786 5380 )
821 5315 938 5371 oea.
970 5325 1034 5374 ut
1065 5333 1184 5372 eum
1219 5315 1441 5370 Bomos
1476 5315 1781 5370 retinerem.
1836 5312 2251 5373 Commendanw
2279 5318 2470 5384 fuerat

522 5398 562 5439 ο
595 5382 822 5439 Calvino
855 5387 1010 5440 cuius
1048 5385 1439 5442 cenomanum
1477 5383 1725 5439 ὴώναίοε
1757 5388 2007 5438 verterat.

2059 455 2584 527 EPIS'POLAE
2635 464 3054 527 1968—1970

2533 2270 2539 2295 ι
2588 2243 2777 2299 turus
2821 2245 2938 2299 est.

4425 465 4546 533 160

2591 651 3009 718 excitantium.
3082 647 3282 717 Suum
3326 652 3532 735 ‘ipsimi
3577 651 3805 719 librum
3847 652 4256 721 novissim
4296 670 4546 719 concor-

2592 737 2768 803 diam
2801 738 3237 820 promoturum
3278 741 3502 819 sperat.

2589 909 2703 975 (Ex
2747 908 3086 979 autographo
3132 906 3262 961 Cod.
3307 907 3485 964 Turio.
3521 910 3580 963 F.
3617 910 3716 971 41,
3761 910 3905 964 olim.
3953 907 4103 963 MSS.
4155 907 4404 979 Botting.
4442 908 4542 963 VI.

3125 976 3217 1031 fol.
3251 975 3334 1031 82.
3374 1005 3435 1017 -
3472 978 3686 1033 simler.
3725 978 3850 1034 Vol.
3882 975 3995 1043 82.)

2763 1149 3341 1216 Praestantissimo
3376 1149 3529 1217 Iesu
3553 1149 3803 1217 Christi
3849 1169 4043 1217 servo
4078 1149 4160 1215 D.
4187 1148 4542 1234 Rodnlpho

2595 1235 2992 1315 Gualthero,
3053 1234 3412 1321 'rigui-inae
3468 1237 3777 1304 ecclesiae
3830 1236 4083 1321 pastori
4142 1232 4539 1313 fidelissimo,

2590 1320 2779 1386 fratri
2822 1332 2891 1387 et
2934 1332 3338 1407 symmystae
3371 1320 3921 1390 coniunctissimo.

4113 1408 4362 1495 'rig-uri.

2765 1542 2835 1609 S.
2920 1544 3236 1612 Confecta
3301 1567 3406 1610 res
3471 1560 3574 1610 est
3644 1547 3904 1613 Geroldi
3970 1548 4068 1611 tui
4133 1555 4200 1610 et
4264 1544 4540 1612 alterius

2590 1629 2797 1709 illius,
2869 1650 3064 1713 quem
3121 1633 3180 1697 ei
3245 1632 3496 1698 socium
3570 1632 3930 1717 adiungere
4013 1630 4304 1698 statuisti
4365 1631 4544 1716 apud

2596 1714 2978 1791 Prevotium,
3047 1727 3124 1782 ut
3178 1738 3262 1783 ex
3324 1719 3463 1784 eius
3516 1716 3725 1784 literis
3793 1737 4182 1800 cognoscere
4241 1718 4538 1800 potuisti.

2591 1802 2907 1867 Narravit
2962 1806 3140 1867 enim
3197 1825 3267 1869 se
3324 1805 3456 1869 iam
3516 1824 3631 1887 per
3673 1804 3896 1871 literas
3941 1803 4061 1870 tibi
4102 1802 4537 1886 respondisse.

2590 1886 2814 1969 Quare
2859 1909 2990 1954 non
3035 1910 3148 1955 ero
3192 1891 3259 1955 in
3305 1891 3426 1956 hac
3472 1902 3656 1972 parte
3700 1890 4032 1974 prolixior.
4063 1894 4113 1969 ²)

2761 1975 2896 2039 Res
2940 1974 3250 2041 Orbanae
3271 1980 3324 2053 ²)
3372 1973 3454 2041 ad
3497 1976 3930 2042 Basiliensem
3973 1977 4296 2042 arbitrum
4340 1975 4540 2041 deve-

2590 2069 2864 2137 nerunt,
2932 2063 3044 2144 qui
3089 2062 3264 2126 inter
3306 2061 3469 2127 duas
3513 2063 3708 2128 urbes
3755 2064 3938 2128 litem
3984 2062 4338 2129 excitatam
4382 2061 4540 2127 diri·

2589 2155 2740 2212 mat.
2830 2147 3069 2213 Paucis
3129 2146 3365 2213 abhinc
3422 2148 3648 2215 diebus
3703 2149 4095 2215 sententiam
4148 2149 4540 2231 pronuncia-

3029 2234 3233 2299 Nobis
3278 2235 3448 2300 bona
3491 2256 3640 2317 spes
3681 2246 3784 2300 est
3826 2234 3906 2299 de
3951 2254 4281 2309 successu,
4340 2254 4538 2317 quem

2588 2330 2805 2384 tamen
2874 2320 3044 2384 serio
3102 2342 3220 2385 nos
3277 2340 3505 2386 omnes
3562 2320 3841 2386 assiduis
3894 2320 4194 2403 precibus
4246 2319 4537 2386 Domino

2587 2404 3043 2471 commendare
3119 2407 3441 2472 convenit.
3554 2405 3689 2471 Sed
3755 2406 3937 2471 nulla
4013 2415 4115 2472 est
4178 2404 4534 2485 calamitas,

2587 2511 2752 2573 quae
2810 2513 2928 2557 nos
2973 2492 3240 2576 gravius
3294 2514 3535 2576 angere
3602 2492 3834 2558 debeat
3899 2513 4096 2576 quam
4161 2491 4346 2557 furor
4407 2492 4536 2558 iste

2588 2578 3125 2644 Lutheranorum
3183 2577 3621 2661 quorundam,
3682 2580 3795 2662 qui
3851 2580 4107 2644 tristem
4160 2577 4344 2643 illam
4399 2589 4536 2643 tra-

2589 2664 2891 2749 goediam
2935 2663 3149 2730 denuo
3193 2667 3482 2730 excitant
3539 2664 3618 2730 de
3674 2666 4051 2747 quaestione
4094 2672 4535 2730 sacramento·

2587 2771 2754 2827 rum,
2801 2752 2988 2816 cuius
3032 2772 3150 2816 nos
3192 2751 3324 2816 iam
3370 2751 3702 2817 laetiorem
3762 2751 4224 2833 catastrophen
4269 2767 4536 2832 sperare

2585 2856 3021 2920 coeperamus.
3123 2836 3275 2902 Non
3333 2847 3489 2903 sunt
3545 2839 3721 2903 enim
3781 2837 3942 2903 haec
4010 2835 4315 2921 vulgaria
4378 2835 4534 2902 irati

2588 2922 2713 2987 Dei
2757 2933 3161 3009 argumenta.
3229 2921 3363 2989 Sed
3407 2945 3528 2990 nos
3573 2932 3794 2990 nostro
3837 2925 4195 3006 fungamur
4235 2942 4532 2988 munere.

2585 3008 2914 3074 Dominus
2956 3029 3140 3075 suam
3188 3030 3453 3074 causam
3499 3011 3801 3076 tuebitur.
3892 3007 4252 3075 Videamus
4293 3028 4413 3074 nos
4450 3029 4535 3074 ne

2587 3095 2771 3162 nobis
2816 3094 3102 3162 desimus
3160 3107 3225 3161 et
3265 3096 3626 3162 ministerio
3671 3106 3922 3175 nostr0‚
3982 3102 4289 3160 curantes
4330 3115 4534 3178 quae-

2585 3203 2840 3266 cunque
2881 3183 3092 3249 facere
3139 3180 3533 3248 videbuntur
3575 3182 3658 3247 ad
3701 3180 4110 3248 retinendam
4156 3200 4305 3246 cum
4348 3180 4534 3266 puri-

2585 3277 2720 3334 tate
2765 3268 3098 3334 doctrinae
3152 3287 3379 3350 pacem
3436 3268 3856 3336 ecclesiarum
3912 3279 3978 3332 et
4035 3275 4336 3333 mutuam
4378 3288 4534 3333 con·

2584 3355 2955 3419 sensionem
2998 3354 3473 3419 sententiarum
3516 3364 3583 3419 et
3624 3355 4064 3420 voluntatum.
4152 3351 4404 3436 Scripsi
4448 3351 4534 3418 de

2583 3439 2707 3506 hac
2784 3440 3159 3522 quaestione
3241 3440 3401 3506 satis
3480 3461 3792 3525 magnum
3854 3440 4164 3507 volumen
4240 3459 4371 3505 non
4436 3439 4535 3505 ita

2580 3525 2834 3610 pridem
2870 3524 3118 3591 editum
3140 3530 3195 3602 ³)
3233 3526 3419 3591 cuius
3456 3527 3822 3593 doctrinam
3858 3525 4109 3611 gaudeo
4144 3545 4183 3589 a
4216 3525 4532 3591 fratribus

2582 3621 2647 3677 et
2706 3613 3092 3696 symmystis
3161 3612 3401 3678 nostris
3459 3613 3907 3679 Bernensibus
3958 3610 4240 3695 probari.
4343 3610 4532 3693 Quae

2579 3718 2703 3776 res,
2749 3707 2824 3763 ut
2866 3718 3074 3780 spero,
3122 3697 3312 3763 faciet
3352 3699 3435 3764 ad
3469 3698 3782 3765 maiorem
3821 3698 4186 3764 animorum
4220 3698 4532 3765 coniunc-

2579 3784 2842 3863 tionem,
2878 3782 3244 3866 multasque
3274 3782 3478 3850 diluet
3504 3784 3803 3851 sinistras
3838 3784 4255 3868 suspiciones,
4291 3783 4530 3867 quibus

2578 3869 2861 3936 Satanas
2920 3877 3221 3935 mutuam
3285 3878 3578 3937 nostram
3633 3871 4123 3937 consensionem
4182 3869 4294 3935 diu
4348 3868 4532 3936 labe·

2575 3957 2820 4023 factare
2862 3966 3136 4022 conatus
3180 3964 3295 4022 est.

2748 4040 3064 4108 salutant
3104 4052 3170 4106 te
3204 4042 3412 4106 nostri
3452 4063 3677 4108 omnes
3714 4042 4176 4109 amantissime.
4247 4039 4524 4106 Multam

2576 4125 2718 4193 dico
2777 4127 3057 4193 salutem
3100 4126 3186 4192 D.
3232 4126 3599 4212 Bullinyero
3655 4139 3721 4194 et
3763 4128 3847 4193 D.
3894 4126 4198 4193 Conrado
4247 4126 4525 4192 Gema-o

2574 4223 2642 4278 et
2685 4213 2912 4280 amicis
2954 4213 3246 4279 caeteris.
3334 4211 3528 4294 Quod
3570 4222 3887 4297 superest,
3946 4222 4021 4278 ut
4063 4212 4303 4279 habeas
4345 4210 4523 4295 quod

2571 4298 2736 4364 mihi
2781 4299 3149 4384 gratuleris,
3202 4299 3444 4366 nuncio
3503 4300 3622 4366 tibi
3665 4299 3983 4365 familiam
4025 4319 4237 4363 meam
4282 4296 4523 4363 abhinc

2571 4384 2770 4469 paulo
2847 4384 3069 4451 minus
3147 4385 3356 4451 tribus
3432 4384 3942 4451 hebdomadibus
4013 4394 4272 4451 auctam
4335 4382 4524 4468 prole

2573 4470 2864 4537 mascula
2879 4471 2934 4556 ⁴)
2989 4472 3115 4537 Dei
3175 4469 3504 4537 beneficio.
3606 4472 3808 4536 Faxit
3863 4472 4073 4546 Deus,
4128 4471 4235 4537 cui
4293 4489 4526 4536 conse-

2569 4762 2748 4818 lece.
2774 4761 2834 4827 1)
2872 4763 3027 4817 Haec
3058 4762 3296 4818 enodare
3328 4780 3440 4818 non
3467 4778 3772 4833 possamus.
3847 4761 4108 4817 Fortasse
4125 4760 4399 4817 Ger-oldas
4431 4761 4525 4816 ale

2577 4832 2860 4896 Radozplu·
2903 4831 3054 4898 tilius
3096 4835 3243 4896 erat,
3293 4833 3441 4887 alias
3483 4847 3594 4888 non
3646 4833 3852 4887 obvius.
3929 4829 4236 4890 Provots'um
4277 4830 4528 4886 habuisti

2572 4900 2650 4956 N·
2687 4898 2838 5032 14928)
2858 4895 3144 5025 elz-1583&
3186 4969 3336 5027 1923.
3377 4967 3509 5024 1955
3543 4976 3593 5024 et
3626 4984 3767 5039 quoe
3799 4968 4258 5024 {hiumam
4260 4983 4300 5021 s.
4354 4967 4524 5021 Basi-

2566 5038 2760 5096 lienses
2793 5040 2994 5094 arbitri
3025 5039 3163 5119 pilia
3192 5040 3483 5120 perfecisse
3508 5038 3768 5119 pe‘dentur
3800 5054 3962 5108 quum
3999 5053 4067 5090 m.
4091 5037 4240 5091 Iulio
4273 5044 4525 5118 ver-yeme

2565 5109 3101 5258 va‘f‘ffijr'ffiffla
3135 5107 3586 5244 ἔωᾝῧῗῖιὲω
3616 5106 3812 5245 {fau
3847 5106 4021 5246 ³24ss
4058 5102 4427 5230 Ίὲὶιιῗωκκέ
4445 5119 4526 5231 ‘isi

2566 5247 2682 5302 vita
2731 5246 2897 5301 Vtret·
2932 5244 3000 5299 de
3033 5245 3134 5300 hoc
3165 5252 3378 5314 mono
3410 5260 3631 5301 omnino
3666 5250 3818 5302 tacet.

2772 5314 2834 5382 3)
2872 5313 2948 5368 Ν.
2985 5312 3139 5381 1966,
3171 5319 3282 5368 not.
3315 5312 3366 5366 2.

2772 5382 2834 5450 4)
2870 5382 3001 5438 ibid.
3035 5388 3147 5438 not.
3180 5382 3229 5437 8.
