4850 6200
325 451 455 512 893

323 637 601 703 summis
637 645 706 701 et
741 639 936 703 variis
968 640 1146 705 curis
1179 639 1383 705 fuisse
1417 639 1802 720 districtam,
1838 650 1916 706 ut
1950 663 2036 707 ne
2067 642 2282 725 perle-

325 720 578 806 gendae
623 723 890 805 quidem
937 746 1120 790 meae
1171 725 1610 791 cohortationi
1631 730 1689 802 ²)
1727 727 1931 792 otium
1977 736 2280 811 suppete-

323 818 456 872 ret:
525 819 747 872 tamen
812 831 899 874 ex
965 833 1094 893 quo
1159 811 1310 894 plus
1370 813 1489 877 otii
1554 812 1781 877 datum
1826 814 1972 893 fuit,
2017 813 2277 879 confido

327 892 577 976 aliquid
622 896 815 960 vacui
858 908 924 960 et
958 897 1158 961 soluti
1195 899 1508 981 temporis
1550 900 1925 982 sumpsisse,
1972 910 2048 964 ut
2090 921 2277 965 meus

320 978 507 1044 labor
551 981 813 1046 tandem
841 1004 972 1046 non
1011 983 1210 1047 fuerit
1233 984 1507 1049 inutilis.
1567 985 1739 1049 Nam
1777 1007 1860 1050 ex
1883 984 2093 1051 literis
2115 1007 2279 1069 quas

319 1066 417 1131 M.
479 1065 561 1131 V.
608 1068 870 1132 mittere
916 1069 1187 1152 dignata
1221 1084 1336 1147 est,
1362 1072 1414 1155 ⁸)
1458 1070 1778 1154 intelligo,
1823 1093 2038 1136 meam
2085 1072 2277 1137 sedu-

317 1152 575 1216 litatem
642 1165 899 1237 gratam
968 1155 1204 1220 fuisse:
1250 1176 1372 1221 nec
1427 1157 1689 1221 fastidio
1744 1158 1849 1222 vel
1895 1173 2276 1240 contemptu

317 1239 633 1304 reiectum
681 1241 883 1304 fuisse
906 1262 1129 1306 meum
1166 1242 1330 1307 illud
1380 1243 1723 1326 scriptum,
1768 1244 1841 1308 in
1886 1263 2014 1326 quo
2058 1244 2278 1309 brevi-

317 1332 424 1389 ter
443 1325 788 1391 ostendere
823 1342 1094 1392 conatus
1139 1330 1390 1392 fueram
1416 1351 1737 1411 quaenam
1763 1349 1922 1396 vera
1957 1340 2131 1395 esset
2172 1352 2275 1395 re-

318 1410 699 1475 formandae
757 1412 1066 1478 ecclesiae
1125 1415 1294 1478 ratio
1338 1425 1407 1478 et
1464 1415 1766 1497 quisnam
1825 1415 2274 1481 commodissi-

315 1518 466 1561 mus
508 1497 866 1581 ingressus.
936 1498 1081 1564 Imo
1124 1501 1280 1583 quia
1315 1501 1407 1565 M.
1459 1499 1530 1565 V.
1575 1499 1738 1565 illud
1782 1523 1853 1566 se
1896 1502 2277 1567 humaniter

314 1584 652 1665 excepisse
709 1598 776 1648 et
821 1584 1103 1650 libenter
1161 1609 1230 1651 80
1287 1587 1652 1669 inspexisse
1697 1598 2005 1652 testatur:
2052 1599 2118 1653 et
2161 1588 2275 1652 ubi

311 1667 587 1733 liberius
646 1672 853 1734 otium
909 1674 1280 1755 contigerit,
1328 1674 1451 1738 sibi
1496 1674 1568 1736 in
1605 1673 1825 1738 animo
1869 1695 2012 1739 esse
2057 1684 2272 1739 atten-

314 1755 453 1819 tius
519 1755 815 1838 singulas
886 1758 1028 1822 eius
1075 1771 1294 1840 partes
1339 1757 1671 1823 meditari:
1710 1759 1859 1843 plus
1903 1757 2057 1824 inde
2101 1761 2272 1825 fidu-

309 1842 454 1907 ciae
499 1840 581 1904 ad
613 1843 983 1907 iterandum
1025 1844 1352 1908 scribendi
1391 1845 1682 1910 officium
1706 1847 1928 1910 offerri
1971 1846 2136 1909 mihi
2173 1847 2272 1910 vi·

309 1948 458 1992 sum
505 1938 622 1993 est.
641 1930 699 2013 ⁴)
767 1928 998 2012 Itaque
1035 1931 1092 1994 si
1128 1953 1306 1996 nunc
1345 1952 1576 1995 rursus
1599 1933 1688 1996 M.
1715 1931 2023 1995 Vestram
2048 1931 2274 1997 cohor-

307 2014 441 2077 tari
465 2012 691 2089 audeo,
739 2037 868 2078 non
895 2016 1159 2081 videtur
1181 2039 1323 2081 esse
1359 2039 1476 2082 cur
1513 2016 1595 2081 de
1640 2019 1834 2082 venia
1858 2017 2144 2101 petenda
2178 2019 2271 2084 la-

305 2098 556 2177 borem,
593 2121 668 2165 ac
706 2123 787 2164 ne
813 2102 1066 2184 longior
1100 2101 1362 2184 quidem
1386 2104 1721 2168 excusatio
1745 2105 2114 2169 necessaria
2149 2119 2267 2170 est.

303 2184 457 2250 Non
526 2207 672 2250 sum
720 2188 1020 2268 equidem
1091 2191 1352 2254 nescius
1410 2190 1515 2256 vel
1560 2190 1910 2254 immemor
1949 2202 2268 2273 quantum

305 2293 344 2336 a
392 2271 804 2337 celsitudine
849 2275 919 2337 in
975 2295 1103 2356 qua
1138 2297 1457 2359 magnum
1505 2277 1754 2359 Regem
1801 2277 1983 2341 Deus
2028 2277 2271 2341 locavit

305 2357 512 2422 distet
575 2358 844 2423 humilis
909 2380 1058 2424 mea
1123 2372 1189 2424 et·
1246 2363 1499 2426 abiecta
1564 2360 1880 2427 conditio:
1951 2361 2066 2427 sed
2112 2363 2268 2445 quia

300 2443 509 2526 probe
545 2454 724 2507 tenet
755 2445 846 2509 M.
874 2445 952 2508 V.
990 2445 1148 2528 quid
1186 2447 1400 2511 valeat
1442 2446 1607 2511 illud
1643 2448 1922 2512 coeleste
1958 2447 2264 2527 edictum,

298 2551 433 2613 quo
478 2531 784 2595 iubentur
818 2551 1047 2596 omnes
1093 2555 1278 2616 reges
1326 2546 1537 2597 terrae
1573 2533 1784 2598 filium
1821 2535 1946 2598 Dei
1983 2534 2264 2599 osculari

299 2615 509 2692 (Psal.
559 2620 615 2693 2,
675 2621 744 2678 12
759 2632 798 2691 y,
845 2638 966 2681 nec
1003 2618 1266 2700 ignorat
1312 2630 1585 2683 externo
1625 2619 1830 2684 osculi
1874 2621 2006 2685 ritu
2051 2621 2265 2684 notari

295 2703 454 2766 fidei
478 2701 878 2784 obsequium,
922 2704 1095 2786 quod
1145 2714 1526 2770 reverenter
1570 2715 1830 2771 sanctas
1871 2705 2261 2770 admonitio-

296 2809 419 2852 nes
464 2808 502 2851 a
547 2789 799 2852 Christi
845 2811 956 2853 oro
1009 2801 1076 2854 et
1125 2792 1365 2872 spiritu
1430 2791 1755 2873 profectas
1812 2792 2256 2874 amplectitur:

294 2874 466 2939 mihi
514 2873 775 2939 videtur
819 2876 1015 2939 eximi
1061 2878 1273 2942 omnis
1313 2889 1529 2941 metus
1575 2887 1643 2940 et
1685 2877 2022 2943 dubitatio,
2114 2879 2261 2963 Ego

294 2962 525 3045 igitur,
590 2982 780 3042 quem
828 2983 1124 3027 summus
1182 2984 1300 3027 rex
1348 2962 1673 3046 evangelii
1718 2965 1822 3029 8111
1866 2985 2258 3047 praeconem

294 3060 357 3112 et
420 3046 732 3112 ecclesiae
778 3068 935 3112 suae
981 3049 1359 3113 ministrum
1404 3050 1765 3129 constituit,
1808 3051 1949 3115 eius
1992 3053 2258 3117 nomine

293 3135 389 3200 M.
430 3134 512 3198 V.
544 3134 816 3216 appell0,
862 3155 1066 3217 quum
1102 3135 1235 3199 iam
1281 3136 1352 3199 in
1395 3136 1675 3200 Polonia
1718 3156 1802 3200 ex
1838 3137 2114 3203 funestis
2158 3148 2256 3203 te-

293 3221 522 3284 nebris
569 3231 844 3302 papatus
867 3241 1203 3304 emergere
1226 3222 1511 3303 coeperit
1556 3243 1714 3286 vera
1756 3222 2008 3307 religio,
2053 3245 2253 3306 quum

292 3307 492 3370 multi
549 3307 640 3388 pii
700 3316 767 3370 et
820 3305 1068 3371 cordati
1116 3306 1418 3371 homines
1454 3309 1721 3373 abiectis
1764 3309 1984 3391 impiis
2028 3331 2254 3394 super·

293 3391 680 3458 stitionibus
739 3391 822 3456 ad
862 3414 1099 3474 purum
1145 3393 1274 3457 Dei
1318 3395 1567 3460 cultum
1613 3394 1790 3459 ultro
1825 3396 2135 3477 aspirent,
2180 3406 2258 3460 ut

294 3498 518 3542 curam
564 3478 736 3543 hanc
771 3480 917 3542 aliis
939 3480 1244 3545 omnibus
1289 3482 1631 3563 praeferat.
1693 3481 1784 3545 Et
1807 3493 1984 3545 certe
2008 3493 2253 3564 quanto

295 3575 564 3629 aeterna
625 3564 752 3627 Dei
808 3563 1016 3647 gloria
1067 3567 1490 3631 umbratilem
1555 3577 1624 3632 et
1676 3567 1997 3633 caducum
2055 3567 2253 3634 huius

291 3650 526 3715 mundi
579 3660 826 3713 statum
883 3651 1235 3732 praecellit,
1294 3655 1387 3717 ita
1446 3652 1527 3717 ad
1573 3652 1888 3718 tuendam
1935 3654 2038 3719 vel
2083 3675 2256 3719 8880-

288 3735 564 3802 rendam
612 3736 874 3818 pietatis
918 3735 1277 3802 doctrinam
1327 3738 1712 3821 posthabitis
1756 3739 1903 3804 aliis
1947 3741 2253 3807 omnibus

288 3822 643 3906 praecipua
701 3834 926 3886 nostra
977 3824 1195 3888 studia
1237 3827 1533 3889 conferre
1579 3825 1782 3890 decet.
1865 3825 2058 3906 Quod
2096 3827 2252 3892 hac-

289 3919 488 3973 tenus
535 3907 810 3972 Polonia
854 3922 1128 3991 papatus
1177 3910 1566 3992 corruptelis
1610 3910 1870 3976 foedata
1913 3923 1981 3977 et
2024 3913 2253 3977 vitiato

285 4014 730 4077 perversoque
759 3994 880 4059 Dei
922 3995 1106 4060 cultu
1150 4007 1298 4080 post
1321 3996 1612 4061 humana
1654 3999 1974 4081 figmenta
2008 4009 2252 4083 vagata

286 4170 422 4177 ⁴——

284 4268 332 4323 6.
379 4267 664 4332 Confessio
714 4268 849 4334 fidei
895 4269 1184 4324 condatur.

277 4353 498 4462 {23⁰2
535 4337 1187 4463 sstt‘²⁴1'50‡5;..⁹335„t5²‘
1217 4340 1526 4478 ἴῖςῗιῗὲᾆῖὝί.
1544 4341 1897 4474 ‘gii'fffdm
1924 4344 2248 4411 ¹⁹⁰⁸‘“²“'⁶‘·

496 4474 557 4605 gi
597 4475 929 4613 ἵαὸῖεοῗιῖρ.
976 4544 1045 4598 57
1094 4552 1257 4600 autor
1302 4551 1380 4600 est
1427 4545 1769 4600 Budeinium
1814 4547 1968 4602 illum
2014 4547 2246 4669 (degne

283 4614 1657 4739 mmm„¹²302020ffi2553225hffi222
1707 4615 1996 4740 0⁰²0r²22²
2016 4625 2078 4740 ,ε’
2169 4619 2246 4729 “’ῑ

282 4700 559 4808 tinga-um
592 4752 773 4819 pemer‘
774 4754 872 4805 int.
1053 4702 1122 4752 pe
1679 4702 1786 4755 quo
1819 4702 1926 4753 pac
2054 4703 2117 4740 ae
2145 4703 2223 4756 1⁰0

493 4820 556 4885 4)
601 4821 827 4875 Praeter
860 4835 954 4874 eas
976 4818 1198 4874 calvini
1229 4821 1307 4875 ad
1341 4838 1514 4890 reqem
1547 4822 1738 4876 literas
1846 4838 1913 4876 as
1947 4825 2246 4878 etiamnum

282 4891 570 4953 habemus,
618 4890 979 4944 Lubienecius
1022 4907 1079 4957 p.
1126 4889 1193 4942 47
1243 4891 1387 4945 alias
1432 4891 1627 4945 laudat
1661 4908 1714 4948 a.
1791 4933 1803 4944 .
1852 4893 1910 4947 V.
1950 4893 2038 4947 Id.
2079 4893 2244 4950 Febr.

286 4958 428 5013 1555
465 4959 646 5027 datas,
691 4966 743 5013 et
776 4958 1089 5026 Bauinqm·
1114 4959 1267 5026 prid.
1309 4959 1395 5012 ld.
1435 4959 1581 5015 Nov.
1618 4962 1858 5015 eiusdem
1903 4963 2059 5025 anni,
2105 4979 2247 5032 quas

283 5036 346 5085 ut
383 5036 496 5082 tam
532 5029 739 5082 dudum
776 5028 953 5082 editas
987 5029 1199 5082 omittit.
1265 5026 1371 5081 Ubi
1401 5045 1528 5084 vero
1563 5030 1742 5084 editae
1776 5034 1890 5084 sint
1922 5048 2092 5100 neque
2125 5033 2247 5099 ipse

279 5099 474 5167 prodit
509 5113 678 5167 neque
711 5114 813 5151 nos
848 5100 1062 5151 scimus.
1100 5097 1272 5165 Apud
1297 5096 1583 5166 Saliyium,
1606 5098 2026 5166 Krasimkium,
2047 5101 2207 5155 Henr

285 5167 410 5231 (111.
445 5164 549 5219 429
585 5171 702 5232 aa),
740 5168 1120 5230 machelmum,
1163 5167 1560 5221 Pestalozzium
1593 5167 1911 5230 (Buu.455.
1941 5167 2085 5233 644),
2124 5187 2198 5223 nu
2221 5199 2243 5211 -

284 5237 399 5290 lum
435 5251 623 5289 earum
656 5237 942 5304 vestigium
976 5237 1298 5291 invenimus.
1364 5236 1555 5290 Etiam
1593 5237 1891 5292 Fischerus
1924 5240 1988 5292 in
2026 5237 2240 5295 Schich-

283 5306 403 5360 uale
437 5304 492 5359 d.
523 5305 673 5373 polu.
710 5303 928 5360 Diaei&
967 5311 1020 5360 et
1055 5305 1535 5361 Lakaszewicaeius
1569 5312 1760 5362 tacent.

1259 4269 1383 4323 Rex
1434 4270 1668 4338 lcqamm
1721 4272 1871 4327 misit
1921 4273 1999 4326 ad
2047 4289 2248 4327 novum

2036 457 2198 518 1555
2241 452 2652 525 DECEMB.

4213 455 4343 519 894

2382 654 2512 721 est,
2558 644 2731 727 quod
2778 644 3058 729 denique
3124 645 3244 710 sub
3330 665 3626 710 errorum
3691 642 3975 711 colluvie
4041 643 4342 709 demersa

2381 731 2681 796 coelestis
2726 730 2892 797 lucis
2928 738 3197 815 aspectu
3228 730 3469 796 caruit:
3520 731 3704 795 triste
3747 750 3822 796 ac
3857 731 4173 795 miserum
4216 728 4343 794 fuit

2380 817 2842 898 spectaculum.
2900 816 3095 881 Nunc
3135 836 3295 882 vero
3339 837 3542 899 quum
3584 815 3703 880 illa
3739 817 4072 882 communi
4115 836 4339 879 amen·

2379 904 2475 966 tia
2524 914 2591 967 et
2645 916 2930 985 stupore,
2997 924 3124 987 quo
3169 922 3517 987 percussus
3562 902 3686 966 fuit
3727 910 3903 967 totus
3954 901 4145 977 orbis,
4191 921 4340 966 eam

2380 989 2711 1055 Dominus
2775 988 3052 1054 liberare
3089 988 3376 1071 incipiat,
3420 1009 3711 1054 summos
3757 1009 4043 1072 quosque
4078 1000 4147 1052 et
4189 988 4337 1051 infi-

2382 1094 2525 1138 mos
2557 1096 2595 1138 a
2623 1096 2739 1140 suo
2774 1084 3039 1158 torpore
3067 1075 3495 1158 expergefieri
3523 1095 3788 1139 necesse
3812 1084 3927 1139 est.
4002 1076 4111 1137 An
4136 1072 4339 1157 igitur

2382 1159 2645 1243 regibus
2706 1162 3127 1239 cessandum,
3175 1182 3338 1243 quos
3382 1158 3528 1224 ideo
3570 1162 3640 1223 in
3685 1160 3965 1225 sublime
4004 1160 4180 1225 Deus
4225 1181 4339 1223 ex-

2382 1247 2552 1321 tulit,
2598 1258 2673 1310 ut
2718 1247 2871 1312 inde
2918 1246 3230 1331 gentibus
3272 1246 3600 1311 universis
3644 1245 4109 1329 praeluceant?
4190 1246 4334 1310 Iam

2380 1352 2538 1398 vero
2603 1333 2832 1415 quanti
2888 1333 3077 1398 nobis
3141 1352 3284 1398 esse
3349 1330 3584 1397 debeat
3640 1334 3896 1397 sincera
3929 1332 4180 1416 religio,
4218 1351 4336 1414 per

2381 1438 2576 1502 quam
2638 1418 2904 1484 Christo
2969 1420 3145 1483 inter
3201 1439 3321 1483 nos
3386 1416 3681 1483 tribunal
3747 1418 4039 1501 erigitur,
4105 1417 4336 1500 quanti

2379 1505 2579 1569 etiam
2624 1503 2962 1589 legitimus
3006 1506 3131 1569 Dei
3180 1505 3416 1581 cultus,
3450 1505 3521 1567 in
3568 1525 3695 1586 quo
3733 1503 4098 1587 symbolum
4141 1522 4334 1586 prae-

2377 1591 2630 1656 sentiae
2679 1592 2820 1657 eius
2878 1592 3161 1674 vivaque
3216 1591 3436 1674 imago
3494 1589 3754 1664 relucet,
3799 1589 3891 1655 M.
3952 1589 4035 1654 V.
4082 1610 4189 1653 me
4232 1599 4332 1654 ta-

2376 1686 2564 1741 cente
2621 1678 2783 1742 satis
2840 1676 3165 1760 intelligit.
3257 1677 3350 1741 Et
3394 1697 3552 1741 sane
3605 1676 3733 1740 nisi
3790 1674 3870 1739 ad
3932 1696 4050 1739 1108
4093 1675 4218 1740 1180
4260 1675 4334 1740 111

2376 1772 2565 1845 parte
2600 1763 2986 1827 animandos
3022 1762 3126 1829 vel
3172 1784 3377 1827 unum
3417 1761 3697 1826 Davidis
3742 1761 4111 1844 exemplum
4151 1760 4333 1826 suffi-

2375 1849 2483 1926 cit,
2532 1850 2802 1914 minime
2845 1847 3244 1914 excusabilis
3287 1858 3388 1913 est
3431 1857 3656 1913 nostra
3699 1848 4024 1931 segnities.
4107 1847 4333 1927 Quum

2375 1935 2555 2000 enim
2615 1946 2775 2001 tunc
2834 1935 3093 1999 nonnisi
3140 1933 3263 1998 sub
3309 1933 3602 1999 obscuris
3644 1935 3877 2017 figuris
3913 1934 3981 1997 in
4027 1935 4330 1999 terrestri

2374 2023 2746 2086 sanctuario
2780 2022 3000 2086 Deum
3043 2020 3331 2084 colerent
3366 2030 3605 2104 patreS,
3643 2021 3927 2084 refertur
3969 2032 4187 2085 tamen
4224 2039 4330 2085 so-

2372 2106 2569 2171 lenne
2613 2106 2784 2191 quod
2829 2107 3125 2189 concepit
3146 2105 3618 2183 iusiurandum,
3666 2106 3835 2189 quod
3882 2127 4012 2170 non
4057 2105 4330 2170 daturus

2372 2204 2543 2259 esset
2587 2214 2890 2258 somnum
2936 2193 3142 2257 oculis
3186 2193 3340 2269 suis,
3390 2213 3509 2258 nec
3552 2192 3881 2274 palpebris
3924 2192 4330 2257 dormitatio-

2371 2300 2546 2355 nem,
2594 2299 2714 2344 nec
2756 2280 3175 2363 ingressurus
3220 2288 3439 2362 postes
3482 2277 3716 2342 domus
3752 2299 3926 2356 suae,
3974 2277 4179 2343 donec
4222 2279 4328 2341 in-

2371 2368 2661 2430 venisset
2724 2365 2937 2431 locum
2997 2363 3306 2443 Domino,
3373 2363 3866 2430 tabernaculum
3933 2365 4074 2428 Deo
4134 2365 4327 2429 Iacob

2369 2451 2576 2527 (Psal.
2638 2456 2770 2515 132.
2813 2474 2872 2516 v.
2924 2456 2981 2529 3,
3028 2459 3089 2530 4,
3139 2456 3224 2523 5).
3316 2448 3390 2515 Si
3445 2471 3664 2533 regem
3705 2449 3891 2513 illum
3937 2451 4044 2532 pia
4086 2450 4327 2514 sollici-

2367 2536 2523 2601 tudo
2565 2534 2794 2617 legalis
2839 2536 3053 2603 cultus
3075 2537 3409 2620 quiescere
3445 2556 3637 2618 passa
3658 2556 3788 2599 non
3822 2543 3939 2612 est,
3979 2536 4136 2619 quin
4172 2557 4326 2602 noc-

2365 2633 2467 2688 tes
2514 2636 2579 2688 et
2617 2622 2756 2689 dies
2801 2622 2884 2688 ad
2921 2622 3366 2706 quaerendam
3411 2642 3597 2687 arcae
3647 2620 3923 2686 foederis
3978 2623 4325 2686 stationem

2364 2731 2499 2774 non
2545 2711 2763 2775 minus
2808 2711 3001 2774 anxie
3025 2729 3220 2791 quam
3259 2707 3517 2773 assidue
3539 2709 3836 2772 intentus
3858 2709 4051 2772 foret:
4079 2718 4323 2789 quanto

2365 2796 2578 2878 magis
2629 2816 2810 2862 nunc
2866 2795 3207 2860 christiani
3269 2793 3444 2877 regis
3503 2790 3791 2859 studium
3841 2793 3922 2857 ad
3978 2815 4047 2857 80
4093 2814 4323 2876 rapere

2366 2881 2559 2947 debet
2605 2882 2971 2964 spiritualis
3008 2882 3132 2945 Dei
3190 2880 3423 2957 cultus,
3471 2899 3825 2961 omnesque
3868 2878 4007 2944 eius
4050 2890 4325 2945 conatus

2363 2968 2580 3033 acrius
2625 2966 2978 3032 accendere
3014 2966 3098 3032 ad
3134 2966 3505 3033 obeundum
3542 2965 3663 3031 hoc
3707 2974 3844 3029 tam
3886 2964 4323 3032 honorificum

2361 3066 2428 3119 et
2471 3053 2881 3138 praeclarum
2925 3073 3186 3131 1111111118,
3246 3059 3323 3118 ut
3365 3051 3673 3118 Christus
3716 3050 4046 3117 emineat?
4115 3054 4322 3118 Acce-

2366 3141 2462 3205 dit
2513 3141 2713 3206 etiam
2776 3139 2947 3223 quod
3017 3138 3238 3206 David
3292 3140 3597 3222 quamvis
3662 3136 4039 3203 exstruendi
4087 3138 4320 3223 templi

2363 3227 2613 3292 honore
2671 3227 2971 3310 privatus
3032 3233 3223 3303 esset,
3269 3246 3404 3290 non
3446 3233 3671 3290 tamen
3717 3226 3995 3289 cessavit
4038 3234 4174 3289 toto
4217 3225 4317 3290 vi-

2361 3323 2467 3377 tae
2511 3333 2670 3378 suae
2715 3333 2912 3378 cursu
2954 3310 3227 3395 lapides,
3273 3311 3636 3390 materiam,
3695 3319 4042 3394 argentum
4088 3320 4156 3375 et
4198 3331 4316 3375 au-

2359 3421 2506 3464 rum
2543 3419 2916 3483 congerere,
2954 3419 3082 3482 quo
3118 3417 3454 3463 successor
3477 3395 3744 3462 Solomo
3779 3396 3979 3479 copiis
4014 3397 4316 3463 omnibus

2354 3485 2717 3550 instructus
2759 3485 2985 3550 statim
3036 3485 3178 3548 sine
3221 3503 3404 3547 mora
3439 3482 3522 3548 ad
3564 3504 3728 3566 opus
3770 3504 3841 3549 se
3885 3482 4165 3547 alacrius
4209 3503 4317 3548 ac·

2356 3572 2671 3655 cingeret.
2751 3570 2902 3652 Quo
2967 3570 3331 3634 animosius
3387 3569 3823 3634 christianum
3869 3588 4091 3651 regem
4140 3569 4315 3635 vires

2356 3679 2583 3723 omnes
2628 3679 2781 3722 suas
2826 3655 2911 3721 ad
2955 3656 3434 3722 restituendum
3471 3654 3602 3718 Dei
3645 3654 3964 3737 templum
4009 3654 4316 3738 colligere

2357 3763 2434 3808 80
2488 3764 2905 3826 summopere
2963 3742 3125 3807 eniti
3180 3740 3394 3820 decet,
3439 3762 3523 3805 ne
3575 3740 3823 3804 diutius
3877 3741 4053 3805 inter
4096 3740 4311 3805 defor-

2355 3851 2495 3896 mes
2531 3830 2758 3895 ruinas
2802 3828 3016 3894 cultus
3052 3827 3182 3892 Dei
3227 3826 3556 3891 obsoletus
3591 3827 3818 3892 iaceat.
3909 3826 4057 3891 Etsi
4092 3836 4315 3893 autem

2355 3936 2698 3998 nunquam
2742 3914 2983 3980 desunt
3025 3914 3379 3984 obstacula,
3423 3932 3589 3995 quae
3625 3913 3808 3995 pium
3852 3911 3976 3978 hoc
4019 3913 4313 3977 studium

2354 4011 2712 4079 morentur,
2780 4001 2973 4084 longe
3017 4011 3239 4064 tamen
3306 4000 3397 4063 M.
3470 3998 3739 4063 Vestrae
3802 3996 4169 4081 expeditior
4211 4007 4314 4064 est

2352 4088 2541 4162 rat-io,
2592 4108 2789 4170 quam
2848 4087 3002 4151 olim
3052 4085 3180 4169 piis
3240 4084 3505 4168 regibus
3559 4083 3880 4150 Ezechiae
3944 4093 4013 4148 et
4079 4084 4310 4162 Iosiae,

2351 4174 2587 4257 quibus
2653 4173 2931 4239 arduum
2997 4187 3063 4236 et
3099 4171 3338 4237 durum
3394 4192 3546 4236 cum
3612 4170 3838 4253 populi
3904 4171 4314 4237 contumacia

2350 4275 2684 4325 certamen
2730 4259 2871 4338 fuit,
2911 4278 3112 4341 quum
3146 4256 3340 4322 hodie
3383 4257 3697 4322 Polonica
3731 4255 4036 4321 nobilitas
4070 4276 4313 4340 magna

2350 4366 2433 4410 ex
2458 4356 2642 4428 parte
2664 4354 3042 4428 promptum
3087 4350 3152 4407 et
3198 4343 3411 4408 alacre
3446 4342 3527 4407 ad
3552 4341 4034 4423 suscipiendam
4059 4341 4312 4408 Christi

2349 4432 2550 4496 fidem
2593 4430 2975 4513 obsequium
3020 4430 3273 4496 offerat.
3344 4428 3491 4510 Quo
3528 4428 3905 4493 adiumento
3942 4429 4034 4493 sic
4078 4449 4314 4511 exper-

2349 4519 2576 4600 gefieri
2625 4517 2965 4582 cordatum
3020 4516 3276 4600 Regem
3326 4514 3529 4589 decet,
3586 4523 3661 4579 ut
3704 4534 3836 4578 non
3878 4514 4100 4579 minus
4144 4524 4312 4579 stre-

2350 4625 2483 4668 nue
2548 4624 2821 4667 manum
2888 4603 3033 4685 ipse
3098 4602 3388 4668 vicissim
3431 4601 3744 4683 porrigat.
3824 4599 3883 4663 N
3890 4620 3963 4664 ec
4008 4621 4161 4665 vero
4202 4600 4311 4667 hic

2350 4687 2688 4755 blanditiis
2747 4687 3002 4753 dandae
3064 4695 3221 4752 sunt
3255 4706 3466 4764 aures,
3512 4684 3747 4769 quibus
3792 4684 4002 4750 Satan
4039 4707 4155 4770 per
4192 4687 4310 4751 ho-

2349 4777 2562 4840 mines
2607 4773 2915 4858 profanos
2980 4773 3226 4838 lethale
3269 4772 3483 4857 frigus
3517 4792 3875 4855 aspergens
3918 4772 4161 4856 ignavo
4205 4793 4308 4838 so-

2348 4882 2506 4945 pore
2549 4860 2910 4925 multorum
2954 4881 3188 4925 sensus
3238 4858 3594 4942 perfundit.
3686 4858 3866 4939 Quin
3911 4859 4146 4941 potius,
4190 4879 4306 4923 ex-

2346 4969 2535 5013 cusso
2564 4947 2744 5012 omni
2787 4956 3065 5030 torpore,
3089 4944 3392 5010 manibus
3414 4954 3482 5010 et
3511 4944 3786 5029 pedibus
3829 4943 3899 5008 in
3945 4953 4083 5009 tam
4118 4966 4305 5026 prae-

2347 5033 2524 5099 claro
2560 5054 2756 5116 opere
2817 5030 3254 5099 insistendum
3295 5038 3431 5096 est:
3476 5050 3552 5097 ac
3594 5029 3985 5114 praesertim
4028 5030 4145 5095 ubi
4190 5052 4304 5115 ap-

2345 5129 2538 5203 paret
2581 5119 2818 5204 agendi
2861 5118 3240 5183 maturitas:
3286 5138 3372 5181 ne
3416 5117 3473 5182 si
3497 5117 3716 5182 oblata
3760 5115 4074 5182 divinitus
4119 5137 4305 5183 0008-

2346 5207 2443 5272 810
2495 5206 2872 5290 negligitur‚
2919 5205 3166 5269 frustra
3227 5201 3464 5268 deinde
3519 5201 3829 5268 standum
3874 5203 3963 5267 sit
4005 5202 4088 5267 ad
4124 5203 4302 5268 clau-

2345 5314 2489 5359 sam
2532 5312 2818 5358 ianuam.
