4850 6200
549 439 665 503 131

1422 614 1621 690 1⁹5⁰.

957 771 1538 842 ALEXANDER
1561 773 1614 852 ¹)
1652 767 2086 839 OALVINO.

724 947 1050 1015 Occasione
1098 945 1248 1011 libri
1302 943 1649 1012 calviniani
1698 962 1897 1027 nuper
1940 940 2190 1025 perlecti
2230 939 2363 1025 aya
2414 938 2494 1006 de

536 1033 1108 1117 praedestinatione
1141 1036 1198 1097 et
1238 1030 1564 1114 scrupulos
1604 1048 1751 1096 suos
1792 1028 2058 1110 exponit.

854 1204 966 1270 (Ex
999 1201 1336 1272 autographo
1370 1199 1503 1256 Ood.
1538 1199 1741 1257 Genev.
1778 1198 1896 1267 112,
1932 1198 2025 1253 fol.
2060 1196 2209 1268 1⁷4.)

716 1372 1100 1441 Clarissimo
1168 1369 1320 1439 'viro
1385 1371 1470 1436 D.
1539 1370 1773 1436 Ioanni
1834 1368 2116 1435 Calvino
2180 1366 2494 1436 ecclesiae

546 1460 959 1528 Genevensis
1047 1457 1247 1523 astori
1280 1456 1784 1543 vigilantissimo
1823 1453 2083 1521 domino
2118 1474 2237 1522 suo
2272 1451 2492 1520 obser·

546 1544 949 1613 vandissimo
1039 1552 1187 1610 etur

1993 1626 2283 1693 Geneve.

716 1763 787 1832 S.
833 1765 920 1830 D.
1018 1761 1241 1845 Quum
1305 1765 1411 1831 his
1474 1764 1704 1831 diebus
1763 1762 2185 1849 perlegissem
2249 1759 2491 1827 librum

546 1858 735 1917 tuum
789 1848 871 1916 de
934 1849 1521 1933 praedestinatione
1536 1900 1552 1931 ,
1627 1851 1923 1915 virorum
1986 1847 2356 1915 doctissime
2426 1853 2495 1912 et

542 1943 927 2021 praeceptor
967 1936 1571 2015 observandissime,
1614 1934 1881 2001 tandem
1925 1942 2000 2000 ut
2040 1933 2250 2000 indies
2284 1934 2494 2017 magis

546 2041 623 2089 ac
665 2024 876 2107 magis
919 2023 1336 2088 confirmarer
1391 2023 1462 2087 in
1517 2021 1744 2088 eadem
1788 2020 2083 2087 doctrina
2121 2018 2372 2104 perlegi
2411 2018 2493 2082 li-

547 2108 700 2175 bros
780 2108 1138 2192 Augustini
1215 2110 1328 2190 qui
1409 2107 1682 2173 eandem
1762 2114 2048 2172 tractant
2123 2105 2488 2171 materiam.

543 2194 800 2276 Nempe
862 2193 1102 2258 librum
1164 2191 1245 2258 de
1308 2193 1913 2259 Praedestinatione
1975 2200 2042 2257 et
2104 2192 2346 2276 gratia,
2412 2189 2495 2256 de

544 2279 1154 2345 Praedestinatione
1189 2287 1583 2357 sanctorum,
1629 2275 1709 2344 de
1742 2277 2267 2356 Perseverantia,
2314 2284 2380 2342 et
2411 2274 2494 2341 de

545 2364 974 2449 correptione
1030 2373 1098 2430 et
1151 2365 1380 2449 gratia.
1467 2364 1551 2429 In
1605 2363 1839 2448 quibus
1896 2363 2214 2447 quaedam
2268 2361 2494 2429 inveni

544 2471 710 2534 quae
763 2450 929 2516 mihi
985 2449 1290 2515 iniiciunt
1346 2448 1745 2533 scrupulum.
1834 2448 2004 2514 Nam
2046 2450 2117 2513 in
2162 2449 2295 2514 fine
2337 2446 2492 2513 libri

544 2537 647 2602 tui
688 2536 932 2614 scribis,
979 2537 1317 2619 reprobos,
1379 2557 1582 2619 quum
1641 2537 1775 2601 sint
1815 2536 2067 2600 iustitia
2109 2533 2240 2600 Dei
2284 2534 2491 2613 vacui,

543 2622 713 2687 nihil
755 2642 948 2689 nosse
1002 2621 1181 2687 aliud
1241 2643 1435 2706 quam
1495 2643 1775 2705 peccare.
1868 2623 1971 2687 Au
2068 2622 2280 2685 stinus
2335 2640 2493 2686 vero

542 2709 618 2774 in
659 2708 987 2792 plerisque
1031 2708 1208 2787 locis,
1298 2710 1587 2774 ctissime
1629 2709 1701 2772 in
1743 2707 1913 2772 libro
1958 2641 2493 2789 ‹feucorroptiono

542 2803 610 2860 et
665 2794 876 2878 gratia
929 2813 1068 2876 cap.
1115 2799 1188 2873 8,
1295 2794 1403 2861 ‘cit
1456 2793 1767 2878 reprobos
1823 2792 1907 2858 ad
1970 2801 2230 2877 tempus
2294 2791 2494 2857 fidem

540 2877 782 2945 habere
822 2900 992 2962 quae
1025 2899 1143 2962 per
1177 2876 1588 2944 dilectionem
1626 2887 1953 2962 operatur,
1997 2877 2194 2944 fidem
2221 2878 2492 2961 inquam

540 2985 671 3048 qua
711 2964 1069 3031 christiane
1112 2964 1368 3043 vivunt,
1411 2964 1715 3047 quamvis
1756 2964 2314 3047 perseverantiam
2355 2983 2493 3028 non

541 3049 845 3118 habeant.
933 3047 1029 3131 Si,
1073 3049 1306 3133 inquit,
1355 3059 1707 3133 quaeratur
1748 3070 1869 3117 cur
1906 3049 2001 3115 eis
2044 3049 2230 3115 Deus
2275 3069 2493 3132 perse-

541 3138 908 3205 verantiam
951 3157 1084 3201 non
1128 3133 1417 3216 dederit,
1473 3135 1588 3220 qui
1630 3156 1776 3201 eam
1818 3156 1950 3218 qna
1990 3134 2348 3201 christiane
2390 3135 2493 3202 vi-

542 3227 775 3289 verent
837 3220 1249 3288 dilectionem
1305 3219 1516 3301 dedit,
1580 3241 1687 3287 me
1742 3222 2047 3305 ignorare
2108 3218 2491 3303 respondeo.

539 3308 635 3374 Et
687 3328 843 3373 mox
904 3307 978 3371 in
1029 3306 1258 3372 eodem
1319 3306 1560 3392 capite:
1628 3305 2010 3372 Mirandum
2065 3315 2168 3372 est
2207 3304 2491 3390 quidem,

537 3393 952 3476 multumque
985 3390 1376 3473 mirandum,
1421 3390 1594 3477 quod
1634 3392 1788 3458 filiis
1831 3392 1968 3459 suis
2002 3391 2185 3458 Deus
2226 3390 2494 3474 quibus-

541 3478 725 3561 dam,
833 3500 953 3545 uos
1014 3478 1435 3563 regeneravit
1496 3480 1566 3544 in
1631 3478 1935 3560 Christe,
2000 3477 2236 3562 quibus
2296 3475 2495 3542 fidem

541 3587 725 3651 spem
839 3564 1208 3631 ‘ectionem
1272 3564 1470 3647 dedit,
1535 3585 1672 3631 non
1733 3564 1848 3630 dat
1916 3562 2494 3649 perseverantiam,

540 3673 745 3737 quum
787 3651 943 3717 filiis
985 3650 1216 3718 alienis
1266 3658 1453 3716 tanta
1493 3658 1760 3735 peccata
1801 3648 2093 3715 dimittat
2134 3660 2328 3734 atque
2368 3648 2496 3713 im-

452 3733 461 3742 ’
538 3739 783 3823 pertita
825 3737 1043 3822 gratia
1084 3757 1202 3803 sua
1237 3745 1429 3802 sanat
1464 3737 1633 3802 filios
1667 3756 1838 3802 suos.
1898 3736 2253 3802 Praeterea
2286 3754 2426 3818 cap.
2455 3738 2493 3799 9

543 3823 834 3890 eiusdem
872 3822 1028 3888 llbri
1072 3822 1259 3901 dicit,
1318 3823 1483 3890 tales
1526 3822 1693 3888 filios
1734 3821 2053 3888 iustitiam
2096 3841 2316 3887 veram
2361 3841 2495 3886 non

541 3911 762 3977 fictam
808 3909 1130 3987 tenuisse,
1190 3929 1322 3974 nou
1365 3908 1727 3986 simulasse,
1771 3907 1886 3974 sed
1928 3910 2000 3973 in
2045 3929 2124 3972 ea
2167 3928 2300 3972 non
2342 3927 2493 3989 per-

543 4015 893 4063 severasse.
978 3994 1070 4059 Et
1112 4015 1188 4060 ca
1235 4045 1249 4059 .
1295 3999 1371 4058 13
1414 3995 1660 4078 inquit:
1701 3993 2124 4060 Credendum
2166 4001 2267 4059 est
2299 4012 2495 4076 quos-

544 4080 697 4146 dam
741 4077 823 4146 de
864 4078 1016 4145 filiis
1058 4100 1175 4163 per
1220 4080 1460 4159 itionis,
1504 4101 1637 4146 non
1677 4091 1938 4164 accepto
1979 4077 2149 4145 dono
2191 4098 2493 4164 perseve-

544 4164 740 4232 randi
779 4185 986 4249 usque
1026 4165 1097 4229 in
1137 4167 1368 4245 finem,
1423 4167 1494 4233 in
1539 4165 1669 4231 fide
1710 4187 1877 4249 quae
1917 4187 2037 4250 per
2077 4164 2494 4231 dilectionem

544 4259 854 4336 operatur
894 4251 1182 4335 incipore
1226 4252 1480 4330 vivere,
1534 4259 1604 4317 et
1647 4250 2050 4335 aliquamdiu
2092 4251 2376 4318 fideliter
2417 4269 2494 4316 ac

543 4338 715 4406 iuste
759 4338 1011 4416 vivere,
1066 4346 1133 4402 et
1185 4347 1410 4420 postea
1462 4335 1727 4417 cadere,
1787 4358 1998 4421 neque
2041 4334 2123 4402 ‹le
2167 4337 2292 4403 hac
2353 4336 2496 4401 vita

541 4425 925 4509 priusquam
994 4422 1119 4487 hoc
1189 4424 1282 4488 eis
1344 4423 1683 4508 contingat
1737 4422 2003 4490 auferri.
2097 4419 2175 4489 Si
2230 4421 2495 4506 reprobi

542 4531 769 4579 veram
812 4507 1011 4575 fidem
1054 4508 1303 4574 habent
1356 4507 1441 4574 ad
1497 4519 1627 4575 tem
1675 4531 1755 4576 us
1803 4530 1970 4593 quae
2024 4528 2142 4592 per
2199 4507 2492 4573 dilectio-

542 4618 698 4663 nem
731 4603 1059 4680 operatur,
1100 4593 1157 4660 si
1190 4594 1508 4660 iustitiam
1544 4595 1633 4662 ha
1712 4603 1788 4661 nt
1826 4615 2050 4663 veram
2083 4614 2218 4659 non
2252 4595 2491 4672 fictam,

544 4868 1057 5020 mmm
1086 4868 1412 5020 &aaa
1436 4868 1682 5005 ἐκ
1696 4867 2236 4993 amcam
2268 4866 2495 5004 aas}

542 5006 675 5062 inde
707 5008 778 5062 ab
810 5022 866 5062 a.
901 5005 1038 5061 1547
1072 5023 1135 5062 tn
1170 5007 1379 5076 mlta
1419 5004 1640 5074 degebat
1675 5006 1831 5075 apud
1868 5005 2225 5060 Grannona
2258 5010 2310 5060 et
2348 5003 2492 5059 Gan-

542 5076 762 5131 mrsu
804 5076 1106 5131 minida-io
1141 5076 1492 5142 fmebatwr.
1570 5073 1845 5142 (Schmidt
1891 5074 2060 5130 Vera.
2098 5072 2211 5138 78.)
2247 5074 2314 5128 Δ.
2349 5071 2495 5154 1549,

544 5146 609 5200 in
646 5150 867 5213 portum
913 5145 1085 5198 Itium
1162 5144 1429 5211 caletum)
1476 5145 1677 5198 missas
1712 5143 1985 5199 Buces-am
2031 5148 2084 5197 et
2132 5143 2371 5212 Faqim
2413 5142 2494 5197 ib·

544 5213 1050 5339 mmm·
1081 5212 1355 5353 §.W
1310 5211 1635 5338 ὦ...
1554 5210 2492 5351 ¹⁰⁴·2..e“.ssz¹s;⁶;.5ss..·r.z

548 5359 661 5409 Μ
693 5351 859 5407 vena.

2044 427 2570 497 EPISTOLAE
2618 416 3038 494 1'950—1952

4413 422 4530 487 132

2597 637 2727 681 non
2784 615 3190 694 simulatam,
3247 614 3305 682 si
3365 614 3734 700 regenerati
3787 620 3946 680 sunt
3999 612 4071 679 in
4115 610 4381 680 Christo
4397 658 4414 687 ‚
4477 610 4537 679 si

2593 701 2778 769 Deus
2818 699 2950 767 illis
2988 698 3185 766 fidem
3228 719 3412 785 spem
3454 707 3523 767 et
3566 699 3906 766 caritatem
3948 697 4146 780 dedit,
4186 698 4261 764 in
4302 697 4539 782 quibus

2591 788 2983 872 inceperunt
3037 786 3261 854 vivere
3328 793 3398 852 et
3452 783 3856 869 aliquamdiu
3909 784 4190 852 fideliter
4246 795 4312 850 et
4366 785 4538 851 iuste

2596 875 2937 951 vixerunt,
3015 870 3326 940 videntur
3383 871 3528 939 Deo
3605 871 3956 956 placuisse,
4034 870 4270 937 saltem
4330 889 4536 955 spem,

2594 966 3009 1043 praesentem
3072 958 3392 1024 iustitiam
3463 965 3533 1025 et
3594 977 3821 1024 eorum
3875 977 4073 1042 opera
4126 958 4272 1022 Deo
4334 955 4537 1022 fuisse

2595 1055 2799 1129 grata,
2842 1041 3368 1128 quandoquidem
3410 1045 3480 1109 in
3521 1064 3683 1111 vera
3724 1043 3853 1110 fide
3886 1051 4043 1109 sunt
4073 1041 4272 1110 facta:
4317 1043 4538 1129 itaque

2593 1131 2851 1214 reprobi
2893 1128 3199 1197 videntur
3239 1130 3323 1195 ad
3357 1142 3616 1214 tempus
3650 1151 3838 1214 posse
3878 1128 4093 1196 facere
4133 1149 4331 1214 opera
4371 1149 4547 1213 quae

2593 1216 2739 1282 Deo
2782 1215 3100 1301 placeant,
3138 1217 3438 1300 quamvis
3473 1216 3544 1282 in
3587 1217 3682 1283 eis
3715 1237 3847 1283 non
3883 1225 4323 1301 perseverent,
4366 1218 4537 1284 sicut

2595 1301 2785 1368 electi
2839 1310 3115 1386 possunt
3170 1310 3542 1386 perpetrare
3583 1310 3852 1387 peccata
3912 1323 4081 1388 quae
4125 1304 4268 1371 Deo
4310 1301 4537 1387 displi-

2595 1396 2805 1465 ceant,
2847 1388 3148 1473 quamvis
3188 1389 3257 1454 in
3301 1389 3396 1455 eis
3439 1410 3571 1455 non
3615 1398 4060 1474 permaneant.

2762 1474 2951 1541 Haec
3029 1481 3188 1540 sunt
3262 1493 3427 1558 quae
3501 1475 3882 1558 scrupulum
3965 1474 4131 1541 mihi
4214 1473 4536 1541 iniiciunt.

2595 1559 2817 1642 Quum
2861 1568 3081 1627 autem
3125 1558 3206 1626 de
3249 1559 3356 1625 his
3398 1560 3817 1627 contulissem
3860 1583 4010 1628 cum
4051 1561 4137 1626 D.
4163 1558 4466 1629 Eustacio
4477 1563 4538 1637 2)

2594 1646 2805 1712 amico
2847 1654 3089 1723 nostro,
3146 1646 3364 1712 visum
3406 1656 3506 1712 est
3547 1646 3648 1713 illi
3687 1645 3930 1713 bonum
3973 1654 4047 1713 ut
4088 1668 4286 1732 super
4322 1646 4429 1711 his
4474 1655 4539 1712 te

2593 1733 2999 1799 consulerem
3017 1784 3034 1813 ,
3105 1740 3172 1798 et
3223 1732 3546 1816 quomodo
3602 1731 4095 1817 interpretanda
4148 1733 4285 1799 sint
4337 1733 4541 1798 verba

2591 1818 2709 1884 illa
2750 1819 3111 1903 Augustini
3166 1840 3208 1884 a
3263 1828 3331 1885 te
3387 1820 3806 1902 requirerem.
3896 1816 4049 1885 Scio
4091 1820 4540 1904 Augustinum

2593 1904 2817 1970 eodem
2861 1903 3028 1970 libro
3069 1925 3208 1989 cap.
3257 1908 3293 1968 7
3337 1902 3571 1985 dicere,
3617 1905 3783 1970 tales
3828 1925 3970 1972 esse
4011 1904 4250 1972 electos
4292 1912 4362 1970 et
4404 1905 4539 1971 ius-

2592 1995 2695 2056 tos
2737 1990 3096 2056 secundum
3137 1990 3447 2058 iudicium
3491 1992 3833 2057 hominum
3875 1991 3990 2076 qui
4027 1992 4337 2077 ignorant
4385 1988 4542 2075 quid

2595 2077 2732 2141 sint
2772 2077 2995 2155 futuri,
3058 2096 3193 2142 non
3235 2086 3458 2142 autem
3500 2077 3859 2144 secundum
3898 2077 4211 2144 iudicium
4254 2078 4382 2143 Dei
4428 2076 4544 2161 qui

2594 2183 2706 2228 eos
2760 2162 2947 2229 novit
3008 2183 3144 2228 non
3215 2161 3456 2229 habere
3522 2165 4100 2248 perserevantiam.
4204 2161 4341 2230 Sed
4392 2162 4545 2248 quis

2595 2247 2865 2333 negabit
2897 2269 3096 2332 opera
3129 2247 3262 2326 illa,
3308 2270 3472 2332 quae
3506 2250 3679 2315 facta
3712 2262 3871 2316 sunt
3905 2250 3985 2316 ab
4031 2250 4136 2315 his
4176 2270 4336 2334 quos
4359 2249 4541 2316 Deus

2594 2335 3009 2419 regeneravit
3049 2335 3119 2398 in
3164 2334 3447 2415 Christo,
3493 2335 3731 2418 quibus
3773 2335 3970 2402 fidem
4012 2357 4197 2420 spem
4240 2344 4307 2401 et
4340 2335 4542 2401 dilec-

2596 2422 2839 2486 tionem
2885 2419 3096 2500 dedit,
3157 2442 3233 2487 eo
3283 2429 3577 2505 tempore
3621 2443 3747 2506 quo
3789 2423 3857 2487 in
3902 2421 4031 2488 fide
4074 2444 4243 2509 quae
4280 2444 4398 2508 per
4441 2419 4543 2486 di—

2594 2507 2939 2573 lectionem
2984 2516 3290 2589 operatur
3376 2515 3852 2586 ermanserunt‚
3895 2509 4096 2576 fuisse
4116 2509 4261 2574 Deo
4303 2504 4542 2594 grata?

2599 2591 2840 2674 Quare,
2897 2591 3269 2658 doctissime
3310 2528 3616 2671 Bomino,
3662 2594 4031 2661 humillime
4074 2603 4140 2660 te
4181 2615 4429 2679 precor,
4485 2591 4544 2659 si

2596 2701 2715 2763 per
2757 2681 2963 2744 otium
3005 2679 3218 2758 liceat,
3263 2686 3338 2743 ut
3382 2680 3573 2745 unico
3610 2679 3810 2746 verbo
3852 2680 4139 2766 dig-neris
4175 2680 4362 2747 nobis
4407 2681 4543 2766 sig·

2596 2766 2864 2831 nificare
2914 2764 3195 2849 qualiter
3250 2763 3600 2832 debeamus
3655 2767 3828 2833 dieta
3879 2764 3994 2832 illa
4037 2769 4142 2834 Au
4269 2768 4394 2832 tini
4435 2767 4543 2831 in-

2596 2850 2907 2936 telligere.
2975 2851 3240 2917 Interea
3272 2851 3603 2918 orabimus
3623 2852 3986 2917 Dominum
4022 2862 4099 2918 ut
4180 2855 4441 2939 'gnetur
4475 2862 4544 2918 te

2596 2957 2831 3002 sanum
2867 2944 2934 3003 et
2968 2936 3362 3004 incolumem
3396 2937 3584 3002 nobis
3618 2944 3689 3003 et
3721 2937 4026 3005 ecclesiae
4061 2960 4220 3005 suae
4255 2959 4542 3006 servare.

2597 3020 2860 3088 Salutat
2901 3031 2968 3089 te
3011 3024 3095 3088 D.
3135 3022 3496 3101 Eustasius,
3560 3044 3730 3091 uxor
3770 3024 3946 3090 illius
3990 3032 4057 3089 et
4095 3046 4260 3092 mea.
4350 3024 4541 3091 Vale.

2595 3109 2992 3175 Lausannae
3036 3113 3093 3175 6.
3140 3110 3322 3176 Maii.
3343 3113 3400 3194 ⁸)

3221 3247 3403 3313 'Puus
3445 3268 3529 3313 ex
3572 3249 3790 3314 animo
3833 3250 4187 3338 discipulus
4228 3259 4298 3316 et
4337 3248 4545 3317 frater

3323 3367 3395 3433 in
3438 3367 3705 3436 Christo
3748 3369 3992 3437 Petrus
4033 3369 4431 3437 Alexander.

2764 3555 2870 3623 Ea
2912 3556 3305 3636 humanitas,
3371 3578 3569 3641 quam
3612 3579 3770 3644 erga
3811 3580 3919 3625 me
3961 3559 4310 3626 minimum
4352 3567 4546 3626 tuum

2597 3641 2988 3726 discipulum
3031 3642 3402 3723 exhibuisti,
3457 3643 3631 3711 hanc
3672 3643 3835 3710 mihi
3879 3646 4196 3714 excitavit
4233 3644 4545 3712 fiduciam

2593 3735 2670 3795 ut
2711 3728 2853 3795 sine
2896 3729 3130 3795 timore
3173 3749 3370 3795 ausus
3425 3730 3661 3796 fuerim
3720 3731 3843 3798 has
3898 3752 4079 3798 meas
4117 3732 4545 3817 cogitationes

2593 3813 2868 3881 forsitan
2911 3815 3167 3899 ineptas
3210 3813 3328 3881 tibi
3370 3817 3870 3884 communicare.
3952 3814 4165 3902 Spero
4209 3826 4274 3883 te
4315 3825 4545 3885 tamen

2891 3991 2994 3998 ’ὰ-

2798 4106 3576 4178 mammaeam
3655 4148 3673 4175 ,
3718 4123 3764 4163 s.
3807 4107 4545 4179 Qmeetanu,ex1mla

2598 4173 2911 4230 flandriae
2943 4175 3142 4243 (Line)
3176 4179 3466 4246 oriundus,
3516 4178 3804 4248 reliqionis
3837 4193 4008 4234 causa
4042 4179 4407 4234 lausannam
4441 4180 4542 4233 uni·

2590 4246 2789 4313 oravit.
2871 4244 3011 4298 Fuit
3064 4245 3254 4328 accior
3286 4248 3600 4331 ‘medicinae
3647 4252 3699 4302 et
3740 4248 3893 4316 prof.
3943 4248 4334 4370 philosophiae.
4418 4245 4543 4318 Quo

2591 4318 2827 4436 Yss‘ss'f
2851 4313 3080 4445 ἕὲιεωι,
3114 4315 3554 4440 ffifflm‘ffi.
3575 4317 3711 4452 ⁶⁶3}
3738 4315 4083 4455 ffafsst‘xviz
4096 4383 4219 4440 479.
4250 4358 4262 4370 '
4297 4317 4401 4373 Π·
4433 4314 4544 4371 ⁴³⁶

2796 4449 2857 4515 3)
2895 4450 2987 4505 De
3017 4469 3168 4508 anno
3200 4456 3315 4535 ipsi
3359 4454 3518 4509 dubii
3557 4454 3854 4509 haeremus.
3928 4453 4025 4508 Ea·
4060 4454 4393 4510 docum
4425 4455 4539 4512 Ar-

2588 4521 3058 4589 ymon-atomus
3090 4522 3352 4578 ἀὼοιηιυε
3385 4522 3765 4578 Alexandrus·
3803 4539 3875 4578 vn.
3894 4522 4057 4579 Maio
4095 4522 4231 4578 1554
4263 4539 4301 4579 a
4334 4526 4541 4595 anaqis-

2591 4594 2743 4644 tratn
2774 4597 3023 4645 vocatum
3055 4590 3232 4658 fuisse
3243 4631 3260 4662 ,
3309 4592 3456 4647 unde
3499 4607 3627 4646 vero
3670 4607 3783 4646 non
3816 4592 4000 4662 liquet.
4074 4590 4265 4648 Etiam
4297 4608 4541 4663 quonam

2591 4663 2828 4726 tenpore
2882 4658 3188 4715 Britannia
3250 4660 3537 4716 eoeeesserit
3598 4662 3886 4715 memoriae
3941 4660 4226 4729 proditum
4274 4677 4390 4717 non
4439 4669 4537 4719 est.

2595 4724 2791 4797 Sto-yps
2822 4726 3074 4796 (Granni.
3106 4727 3202 4782 111.
3240 4727 3290 4783 8.
3343 4730 3453 4785 Vol.
3489 4727 3538 4794 2,
3572 4745 3629 4797 p.
3663 4728 3758 4795 36)
3793 4745 3913 4783 eun
3947 4733 4092 4786 inter
4125 4731 4408 4786 ministros
4441 4748 4544 4787 no-

2590 4796 2766 4851 minat
2895 4798 2906 4810 ‘
2941 4797 3126 4854 Nonis
3161 4796 3394 4853 Martiis
3428 4796 3591 4852 1554:
3636 4814 3781 4853 were
3825 4799 3973 4853 cited
4017 4800 4093 4870 by
4139 4817 4173 4854 a
4205 4801 4430 4855 citation
4474 4809 4542 4856 to

2590 4881 2794 4936 appear
2827 4884 2885 4921 in
2919 4865 3292 4921 Bow-Church
3328 4867 3573 4935 London,
3604 4866 3789 4921 before
3822 4867 3892 4922 H.
3911 4868 4088 4938 Hmy
4123 4868 4232 4924 LI..
4267 4868 4336 4925 D.
4373 4870 4542 4924 Vien-

2627 4935 2812 4988 eneral
2855 4936 2943 4990 for
2987 4936 3110 4989 bein
3193 4936 3431 4990 married
3475 4952 3615 4989 men.
3688 4936 3837 4991 Erat
3877 4944 4043 4992 antea
4079 4938 4281 4992 Rector
4326 4938 4389 4993 of
4416 4940 4538 4993 All·

2591 4952 2818 5058 gallon
2862 5004 3071 5058 Lomba
3141 5004 3362 5058 -Street
3445 5003 3601 5058 Idem
3685 5046 3696 5058 .
3743 5004 3837 5059 40:
3887 5005 4049 5060 Some
4092 5007 4155 5061 of
4193 5007 4287 5061 the
4331 5007 4537 5061 chureh

2589 5071 2722 5126 then
2757 5073 3030 5143 appeared
3064 5078 3187 5140 not,
3230 5074 3397 5143 being
3440 5073 3616 5127 either
3690 5073 3758 5128 ed
3791 5089 3856 5128 or
3888 5076 3946 5128 iu
4022 5075 4194 5142 rison,
4239 5076 4348 5130 and
4375 5077 4539 5131 those

2591 5157 2737 5195 were
2810 5142 3120 5196 ronounced
3152 5143 3551 5196 contumacions
3585 5143 3690 5196 viz.
3741 5143 3908 5198 Peter
3926 5144 3978 5198 A
4001 5144 4238 5199 exander
4272 5146 4382 5200 and
4400 5147 4538 5203 Ber·

2589 5210 2728 5265 nard
2812 5211 2937 5263 chin
3010 5211 3359 5266 rebendaries
3393 5216 3498 5267 etc.
3570 5210 3812 5267 Ochinus
3845 5213 4060 5283 quidem
4085 5214 4195 5269 ian·
4215 5220 4343 5268 ante
4363 5213 4540 5284 fine-

2591 5280 2733 5335 anni
2766 5277 2904 5334 1553
2992 5280 3196 5349 notiam
3241 5280 3549 5351 reliquerat.
3617 5280 3740 5338 Hoc
3784 5296 3911 5352 erqo
3956 5283 4216 5351 temporis
4247 5283 4536 5340 intervallo

2591 5348 2910 5406 mandor
2939 5350 3003 5404 in
3037 5348 3291 5406 Helvetia
3322 5355 3682 5408 mamam
3713 5365 3829 5407 esse
3859 5352 4056 5421 potuit.
