4850 6200
321 425 442 489 877

322 610 562 696 negotii
624 611 815 677 Deus
879 610 1080 677 etiam
1149 612 1469 677 familiam
1521 630 1736 677 meam
1781 618 1965 695 peste
2011 612 2269 677 afflixit.

320 697 503 766 Uxor
558 718 726 778 mea,
783 716 949 781 quae
994 706 1059 763 te
1102 697 1483 781 obsequiose
1525 697 1859 777 resalutat,
1897 697 2032 762 iam
2076 698 2270 781 quin-

321 804 444 935 ‘³122
492 782 1013 934 hebdtomassliibus
1072 781 1757 936 deiMdOJidcgzussum
1791 783 2011 933 filiolg.
2074 783 2270 934 ¹:glori

317 890 1179 936 eusesomusvir
1314 891 1460 935 .a
1646 890 2271 949 ,nemacnus

317 956 465 1035 alui,
532 956 645 1039 qui
706 891 1025 1039 poli-quam
1090 955 1272 1021 utilis
1337 955 1468 1023 fuit
1509 891 1818 1022 ecclesilae
1853 976 1972 1021 sua
2013 956 2270 1021 chirur-

322 1042 482 1127 gica.
570 1041 806 1124 Itaque
828 1042 1071 1108 abhinc
1115 1063 1232 1107 sex
1264 1040 1404 1108 dies
1426 1043 1626 1107 etiam
1649 1042 2051 1126 chirurgiam
2097 1040 2273 1106 domi

325 1148 519 1212 cogor
576 1147 883 1193 exercere
942 1126 1112 1210 apud
1172 1148 1372 1193 meos.
1461 1127 1688 1211 Neque
1734 1138 1958 1193 tamen
2015 1128 2273 1192 interea

315 1234 489 1280 meos
511 1213 831 1298 mastigas
866 1212 1006 1279 ulla
1048 1215 1267 1298 tangit
1299 1215 1432 1279 mei
1452 1214 1934 1282 commiseratio
1978 1223 2097 1278 aut
2132 1212 2268 1278 sol·

313 1299 596 1367 licitudO.
663 1298 799 1366 Sed
844 1299 1171 1365 Dominus
1212 1321 1317 1366 me
1362 1320 1495 1365 non
1541 1300 1846 1366 deseruit.
1917 1298 2265 1381 Nunquam

314 1405 432 1470 ego
475 1385 583 1451 vel
623 1385 873 1452 familia
891 1384 1192 1452 laetiores
1229 1386 1533 1451 viximus.
1601 1384 1747 1451 Iam
1782 1387 1982 1450 finem
2027 1384 2264 1451 faciam

313 1472 439 1537 alio
496 1479 789 1538 vocatus.
879 1470 1176 1537 Salutem
1239 1494 1357 1538 oro
1414 1493 1560 1537 meo
1625 1473 1892 1538 nomine
1950 1469 2130 1536 dicas
2173 1469 2259 1534 D.

315 1557 792 1635 Sandandreae,
837 1556 923 1622 D.
966 1556 1277 1641 Crispino,
1336 1557 1436 1627 D:
1470 1558 1839 1641 Raymondo
1881 1564 1950 1621 et
1991 1556 2265 1640 reliquis

315 1643 723 1728 symmystis,
775 1642 1104 1709 Dominus
1127 1643 1317 1710 Iesus
1344 1654 1408 1708 te
1429 1645 1720 1727 sospitet,
1747 1663 2028 1726 suaeque
2062 1662 2260 1725 quam

311 1730 677 1795 diutissime
706 1730 1104 1797 incolumem
1127 1729 1435 1797 ecclesiae
1458 1739 1689 1795 servet.
1750 1730 2024 1814 Raptim
2045 1729 2263 1793 Fran-

310 1814 635 1882 oofordiae
675 1815 990 1899 postridie
1034 1816 1173 1882 Cal.
1221 1816 1530 1882 Decemb.
1585 1821 1767 1881 1555.

1018 1952 1202 2017 Tuus
1238 1952 1855 2018 observantissimus
1899 1951 2260 2036 discipulus

1281 2046 1350 2102 et
1383 2039 1563 2104 filius
1608 2039 1678 2103 in
1724 2038 1990 2105 Christo

1401 2125 1482 2189 V.
1530 2124 1863 2191 Pollanus.

473 2332 561 2397 D.
607 2352 649 2396 a
693 2330 898 2398 Lasco
937 2329 1305 2413 scripturus
1348 2337 1493 2398 erat

473 2417 604 2483 nisi
647 2415 955 2483 valetudo
997 2416 1390 2500 impedierit.

1091 2711 1501 2724 —————-

1172 2964 1376 3036 2353.

779 3121 1290 3190 WOLPHIUS
1335 3120 1775 3188 OALVINO.

464 3294 864 3362 Commendat
921 3294 1183 3361 Calvino
1238 3292 1655 3376 laudibusque
1706 3292 1939 3359 extollit
1999 3292 2253 3360 Diem&

290 3381 534 3447 ninum.
607 3381 992 3449 Gratulaban-
1025 3382 1085 3448 ei
1109 3379 1428 3446 Ser-vetum
1464 3400 1854 3463 oppressum,
1898 3378 2250 3462 Westphalo

279 3469 618 3553 praesaqit
667 3467 1041 3552 condiynam
1093 3467 1332 3533 cladem
1373 3488 1416 3532 a
1471 3466 1833 3532 triumviris
1872 3466 2251 3533 doctissimis

293 3554 722 3640 im‘liqendam.

291 3725 399 3792 (Ex
434 3724 779 3796 autographo
812 3724 944 3781 eod.
977 3723 1140 3780 Goth.
1175 3722 1299 3792 40⁴,
1332 3724 1424 3778 fol.
1460 3721 1579 3780 793.
1637 3723 1775 3777 Pars
1809 3723 1994 3794 aliqua
2026 3724 2250 3779 chartae

1127 3793 1409 3856 abscissa.)

285 3968 371 4034 D.
414 3967 661 4034 Ioanni
715 3965 994 4033 Calvino
1052 3965 1195 4031 viro
1250 3963 1614 4031 clarissimo
1671 3964 1982 4031 ecclesiae
2025 3964 2248 4032 Gene-

285 4054 514 4121 vensis
555 4052 861 4118 ministro
915 4049 1368 4203 impiffierrim
1384 4050 1687 4202 ddomino
1744 4065 1813 4116 et
1865 4052 2074 4118 amico
2128 4072 2247 4118 suo

1055 4158 1093 4202 o
1140 4157 1382 4203 servan
1428 4157 1486 4202 o.

459 4308 534 4376 S.
581 4309 660 4376 P.
726 4308 1121 4393 Quanquam
1176 4307 1298 4374 tibi
1352 4309 1487 4374 iam
1531 4306 1779 4375 dudum
1835 4308 2249 4378 commenda-

286 4403 428 4462 tum
506 4415 648 4461 esse
722 4403 789 4460 et
867 4416 1213 4479 percarum
1291 4416 1409 4461 suo
1455 4444 2247 4462 ...............

283 4481 833 4562 Iaeismaninum,‚¹)
875 4490 1068 4565 teque
1103 4502 1307 4565 quum
1343 4502 1420 4546 ea
1454 4501 1652 4565 quam
1688 4482 1827 4566 agit
1869 4503 2069 4548 causa
2105 4489 2248 4547 tum

282 4570 487 4635 etiam
531 4574 648 4632 tua
690 4577 924 4652 sponte
959 4567 1153 4633 credo
1189 4587 1428 4650 cupere
1471 4568 1533 4633 ei
1572 4567 1715 4633 viro
1751 4567 2246 4652 quibuscunque

283 4656 483 4722 rebus
526 4673 752 4736 posses
796 4653 1233 4734 commodare,
1292 4662 1514 4718 tamen
1557 4674 1760 4736 quum
1801 4654 1941 4738 ipse
1986 4656 2119 4719 iam
2162 4653 2245 4719 ad

281 4748 350 4806 te
384 4739 809 4825 proficiscens
832 4740 1048 4806 nescio
1069 4740 1307 4824 quanti
1349 4760 1469 4805 sua
1508 4738 1757 4805 referre
1793 4739 2244 4821 arbitraretur,

281 4847 390 4893 me
431 4825 633 4893 etiam
674 4846 797 4911 per
846 4824 1073 4891 literas
1118 4825 1450 4892 declarare
1498 4824 1624 4892 tibi
1660 4845 1789 4910 qua
1830 4847 2041 4893 essem
2086 4846 2247 4912 erga

281 5084 475 5140 2858.
497 5082 559 5152 1)
603 5082 834 5138 Videtur
880 5081 930 5136 is
965 5085 1097 5136 ante
1137 5080 1374 5136 reditum
1405 5084 1470 5137 in
1507 5081 1795 5137 Paionion
1835 5081 2109 5136 Generavi
2144 5082 2247 5138 ad-

281 5155 417 5210 iisse
463 5159 514 5210 et
638 5153 650 5165 ‘
732 5150 818 5206 lac
856 5149 1077 5204 Caluini
1120 5151 1184 5204 in
1221 5149 1511 5205 Poloniam
1554 5150 1935 5220 asportandus
1975 5151 2096 5221 ipse
2138 5152 2245 5206 col-

380 5226 494 5278 ἐι.
600 5236 640 5276 n
677 5218 996 5275 Marbacloii
1042 5219 1230 5274 diario
1272 5219 1351 5274 ad
1392 5218 1445 5274 8.
1487 5220 1651 5275 Febr.
1696 5218 1835 5274 1556
1880 5220 2109 5289 legitur.-
2163 5220 2244 5274 Ist

281 5292 479 5415 hicheii
511 5291 763 5345 kommen
797 5288 863 5343 D.
899 5288 1090 5344 F'rano.
1128 5288 1492 5359 Lysmaninus
1526 5290 1864 5361 coroynnns
1898 5289 2243 5359 profecturus

280 5361 341 5416 in
375 5362 458 5417 Po
479 5359 676 5414 oniam.

2016 429 2181 491 1555
2214 423 2626 492 ΒΕΟΕΜΒ.

4200 428 4329 488 878

2371 614 2591 697 ipsum
2635 613 3009 689 voluntate,
3055 633 3191 676 non
3239 611 3531 678 dubitavi
3576 611 3739 677 haec
3783 611 3865 678 ad
3910 620 3979 677 te
4021 612 4323 679 scribere.

2373 699 2596 780 Quam
2651 708 2872 764 tamen
2918 698 3001 764 ad
3060 718 3202 762 rem
3258 697 3354 761 illi
3400 718 3535 762 non
3590 696 3723 762 fuit
3776 718 3940 781 opus
3982 706 4057 762 ut
4099 698 4328 764 multis

2372 806 2481 850 me
2524 786 2906 869 magnisque
2950 784 3249 868 precibus
3293 784 3676 866 impelleret,
3720 783 3917 867 idque
3961 805 4160 867 quum
4205 805 4328 850 sua

2373 882 2514 936 tum
2561 893 2716 936 vero
2773 881 2887 935 tna
2929 890 3126 935 causa
3170 871 3473 935 maxima.
3564 869 3736 935 Nam
3791 871 3844 935 si
3905 880 3971 934 te
4030 870 4324 953 respicio,

2380 957 2654 1037 Calvina,
2714 956 2773 1021 is
2815 977 2885 1021 es
2928 959 3111 1021 cuius
3155 978 3276 1039 ego
3335 958 3406 1020 in
3451 955 3786 1021 ecclesiam
3832 956 4084 1031 studiis,
4145 955 4325 1021 labo-

2371 1044 2585 1118 ribus,
2646 1042 2857 1120 libris,
2918 1042 3094 1107 fama
3147 1041 3391 1107 celebri
3447 1064 3652 1124 paene
3706 1041 3995 1123 quotidie
4048 1043 4321 1109 reficior.

2373 1129 2605 1212 Itaque
2652 1129 2755 1194 vel
2799 1129 3026 1193 obvias
3084 1148 3374 1210 quasque
3417 1126 3500 1192 ad
3544 1138 3610 1193 te
3666 1127 3996 1193 scribendi
4040 1130 4320 1194 occasio·-

2369 1236 2490 1281 nee
2547 1236 2706 1281 sane
2761 1236 2958 1297 quam
3015 1213 3293 1278 libenter
3349 1214 3618 1295 arripio,
3682 1225 3755 1277 ut
3798 1234 4010 1279 meam
4055 1235 4214 1298 erga
4256 1223 4326 1280 te

2370 1301 2895 1367 benevolentiam
2932 1308 3127 1382 atquo
3162 1301 3645 1365 observantiam
3684 1299 3801 1364 tibi
3835 1299 4126 1383 probem.
4195 1300 4324 1366 Sin

2367 1387 2559 1452 illum
2616 1389 2833 1470 ipsum
2879 1387 2962 1450 D.
3010 1386 3462 1451 Lismaninum
3517 1388 3781 1451 intueor
3836 1396 3904 1450 et
3960 1385 4319 1467 consider0,

2367 1477 2486 1537 vix
2539 1474 2702 1537 satis
2757 1472 3067 1537 admirari
3113 1492 3280 1554 queo
3335 1473 3544 1537 factae
3600 1472 3778 1537 inter
3820 1472 4146 1538 amicitiae
4185 1474 4321 1556 pri·

2367 1558 2714 1636 mordia‚²)
2761 1579 3160 1642 progressus,
3197 1559 3629 1623 firmamenta.
3701 1559 3951 1642 Magna
3987 1569 4144 1622 sunt
4177 1560 4320 1624 eius

2367 1645 2438 1708 in
2496 1644 2837 1710 ecclesiam
2896 1644 3135 1722 studia,
3193 1645 3512 1726 praeclari
3571 1654 3858 1721 conatus,
3918 1664 4041 1709 nec
4098 1646 4319 1711 minus

2366 1729 2569 1795 fausti
2613 1730 2896 1813 laetique
2940 1751 3298 1796 successus.
3370 1731 3547 1794 Eum
3591 1738 3726 1795 tam
3774 1730 4108 1815 praeclara
4151 1742 4320 1796 tam·

2365 1838 2491 1900 que
2558 1816 2782 1882 divina
2847 1816 3227 1881 molientem
3293 1837 3517 1881 omnes
3584 1817 3737 1881 boni
3818 1816 4117 1899 doctique
4191 1817 4321 1882 viri

2364 1910 2613 1986 quanto
2655 1914 2935 1986 possunt
2976 1923 3170 1985 opere
3214 1901 3545 1967 debebunt
3588 1902 3917 1968 adiuvare.
3988 1900 4180 1981 Quod
4224 1912 4317 1982 tu,

2364 1990 2477 2072 qui
2535 2001 2721 2054 tuum
2781 1990 3123 2071 antiquum
3183 1989 3395 2053 zelum
3440 2010 3699 2070 semper
3740 1988 4016 2067 obtines,
4076 1989 4320 2072 quique

2364 2096 2648 2159 magnus
2692 2096 2761 2140 es
2808 2075 3200 2152 Lismanino,
3261 2094 3417 2158 prae
3461 2074 3734 2141 caeteris
3777 2075 4078 2140 omnibus
4116 2073 4319 2141 facies

2364 2160 2669 2244 inprimis
2714 2169 2996 2227 strenue.
3071 2162 3243 2226 Nam
3279 2161 3579 2226 assiduae
3622 2160 3774 2226 illae
3818 2168 3884 2224 et
3925 2182 4129 2244 prope
4163 2182 4319 2227 con-

2364 2248 2661 2312 tinuatae
2719 2268 2979 2331 pugnae
3024 2257 3090 2312 et
3132 2247 3497 2323 molestiae,
3554 2247 3788 2329 quibus
3842 2247 4103 2330 impetit
4144 2247 4318 2331 agri-

2363 2334 2689 2398 culturam
2754 2343 2935 2397 tuam
3002 2332 3245 2409 Satan,
3324 2354 3475 2397 non.
3522 2335 3866 2416 patiuntur
3929 2343 3994 2398 te
4058 2333 4318 2417 frigere.

2362 2416 2595 2483 Veluti
2646 2418 2753 2483 vix
2799 2419 3028 2501 sopitis
3079 2419 3413 2484 intestinis
3454 2418 3646 2484 malis
3691 2427 3757 2483 et
3811 2439 4120 2501 oppresso
4171 2419 4317 2483 Ser-

2360 2510 2513 2580 veto‚
2559 2506 2744 2588 quasi
2787 2504 3003 2570 nullas
3042 2514 3390 2570 terrestres
3427 2525 3685 2589 pugnas
3719 2505 4058 2578 metuenti,
4121 2504 4318 2570 West-

2351 2590 2592 2672 phalas
2647 2590 2759 2655 ille
2805 2590 3070 2656 navales
3124 2591 3297 2655 facit.
3388 2591 3603 2672 Quem
3650 2600 3742 2669 tu,
3790 2602 3865 2655 ut
3907 2590 4120 2669 audi0,
4168 2610 4317 2672 per·

2361 2674 2517 2740 inde
2560 2686 2637 2742 ut
2684 2676 2922 2760 dignus
2967 2688 3068 2741 est
3111 2675 3436 2742 tractabis.
3516 2676 3703 2742 Idem
3743 2677 3824 2742 D.
3864 2675 4318 2741 Bernardinus

2360 2763 2537 2838 facit,
2557 2765 2614 2837 ⁸)
2653 2773 2719 2827 et
2753 2763 2883 2826 iam
2922 2762 3117 2828 faciet
3153 2765 3351 2827 etiam
3391 2764 3472 2827 D.
3512 2762 3945 2845 BullinqeruS.
3970 2766 4027 2837 ⁴)
4096 2764 4317 2845 Atque

2360 2849 2618 2913 utinam
2676 2849 2916 2913 vestris
2976 2849 3507 2930 responsionibus
3565 2850 3863 2914 efficiatis
3921 2869 4049 2931 quo
4106 2848 4316 2913 discat

2360 2934 2558 2999 homo
2614 2934 3036 3000 turbulentus
3092 2944 3338 3018 quanto
3389 2942 3677 3018 praestet
3736 2935 3860 3017 piis
3919 2940 3986 2999 et
4041 2934 4313 3001 sinceris

2357 3019 2545 3085 libris
2587 3041 2728 3086 rem
2773 3020 3201 3085 christianam
3255 3021 3584 3106 publicam
3632 3021 4070 3105 promuere,⁶)
4115 3041 4314 3105 quam

2357 3106 2519 3172 adeo
2562 3108 2991 3174 contentiosis
3046 3108 3453 3192 sartaginum
3512 3106 3973 3191 scriptionibus
4019 3109 4310 3173 turbare.

2357 3192 2496 3259 Sed
2539 3214 2692 3259 eum
2736 3215 2858 3278 ego
2910 3196 3124 3279 potius
3181 3194 3291 3259 hic
3334 3195 3606 3259 missum
3662 3195 3923 3273 faciam,
3985 3214 4184 3275 quam
4236 3198 4314 3259 ut

2355 3279 2649 3361 longiore
2693 3280 2972 3365 epistola
2993 3302 3031 3345 a
3075 3281 3204 3346 tuis
3247 3282 3421 3346 curis
3447 3290 3643 3363 atque
3688 3280 3923 3344 studiis
3968 3287 4036 3344 te
4059 3279 4311 3346 diutius

2355 3366 2730 3450 impediam.
2842 3368 3238 3431 Extremum
3297 3376 3399 3432 est
3460 3366 3632 3450 quod
3702 3376 3852 3449 peto
3905 3366 4072 3431 mihi
4134 3387 4311 3432 nuno

2355 3451 2473 3518 abs
2517 3462 2584 3518 te
2627 3454 2966 3536 praestari,
3010 3462 3089 3517 ut
3112 3452 3528 3518 Lismaninus
3568 3462 3794 3517 noster
3836 3452 4168 3535 intelligat
4202 3473 4310 3517 me

2353 3559 2487 3603 non
2532 3540 2753 3604 minus
2806 3539 2924 3605 abs
2981 3549 3048 3604 te
3100 3537 3285 3622 diligi
3341 3560 3536 3621 quam
3594 3545 3659 3604 te
3704 3538 3994 3604 vicissim
4037 3539 4309 3602 observo

2353 3634 2551 3708 atque
2611 3625 2829 3709 diligo.
2919 3625 3001 3690 Id
3058 3626 3234 3690 enim
3295 3646 3497 3708 quum
3542 3625 3704 3689 mihi
3762 3633 3906 3689 tum
3951 3644 4108 3688 vero
4162 3623 4310 3708 ipsi,

2352 3711 2461 3776 oui
2503 3732 2611 3777 me
2654 3732 2999 3796 percarum
3044 3732 3185 3777 esse
3238 3712 3471 3790 sentio,
3518 3711 3894 3777 Lisnmnino
3936 3719 4199 3793 gratum
4244 3717 4312 3774 et

2351 3804 2649 3878 optatum
2689 3798 2832 3863 erit.
2892 3797 3081 3873 Vale,
3118 3798 3226 3862 vir
3253 3798 3497 3880 optime
3532 3806 3599 3862 et
3632 3796 4021 3862 doctissime.
4093 3795 4311 3861 Datae

2352 3881 2603 3966 Tiguro
2645 3884 2736 3968 iij.
2776 3883 3000 3949 Nonas
3035 3882 3383 3949 Decembr.
3431 3904 3604 3949 anno
3641 3884 3780 3948 Dni
3813 3894 3889 3947 M.
3925 3892 3993 3946 D.
4029 3891 4145 3946 LV.

3363 4019 3647 4085 Ioannes
3690 4018 4049 4104 Wolphius

3176 4103 4222 4258 ffiwnztasssseeesswr

2556 4396 2620 4533 ἓξ
2652 4411 2829 4520 mo
2863 4467 2958 4521 cui
2988 4466 3206 4522 titanum
3228 4466 3396 4535 fecit.-
3433 4465 3705 4536 Syncerae
3741 4469 3799 4518 et
3833 4479 3995 4517 verae
4024 4463 4305 4518 doctrinae

2349 4534 2418 4617 de
2453 4550 2623 4589 coena
2657 4535 2874 4589 Domini
2908 4536 3153 4591 defensio
3188 4542 3379 4590 contra
3412 4535 3583 4589 libros
3616 4541 3732 4589 tres
3765 4532 3943 4589 Ioaoh.
3980 4532 4304 4603 Westphali.

2349 4604 2467 4674 Τις.
2502 4602 2743 4738 1545)(3ἀε.
2766 4669 2922 4726 234⁰·

2557 4741 2618 4810 5)
2653 4742 3017 4812 promovere?
