4850 6200
329 436 436 497 281

325 621 400 687 de
448 621 1181 689 transubstantiatione
1236 645 1360 690 sua
1414 646 1612 708 quam
1679 625 2061 711 intelligunt
2121 646 2256 691 non

325 707 581 773 omnino
622 707 936 772 reiectam
977 728 1140 787 esse,
1184 720 1516 793 utcunque
1558 724 1983 778 exsecrentur
2006 712 2257 776 Luthe-

322 792 459 857 rani
506 790 934 865 vocabulum)
975 794 1190 859 adsint
1241 815 1466 878 comus
1520 802 1578 861 et
1617 799 1881 881 sanquis
1927 796 2162 862 christi
2201 802 2258 863 d

319 877 1471 947 venalem-aemulam
1521 883 2257 965 modwennae

321 969 374 1029 et
407 965 571 1041 vino,
615 964 721 1028 his
761 966 875 1047 qui
928 971 1386 1032 sacromentum
1441 969 1757 1049 accipiunt
1806 967 1989 1045 (vide
2032 987 2254 1033 annon

319 1050 434 1115 hoe
475 1069 732 1132 quoque
775 1049 859 1114 ad
911 1050 1216 1135 indignos
1272 1056 1701 1137 torqueatur).
1791 1054 1979 1119 Hanc
2019 1061 2256 1119 senten-

317 1137 464 1201 tiam
507 1140 860 1201 oon-stanter
889 1137 1292 1218 defenderunt
1322 1141 1521 1204 nomi
1553 1141 1999 1206 concionatores
2041 1139 2256 1217 (audis

318 1221 454 1287 illos
497 1222 741 1287 iactare
784 1242 1038 1306 pugnas
1080 1222 1224 1290 illas
1278 1234 1507 1290 contra
1553 1225 1922 1309 Zuinqlium
1963 1236 2032 1290 et
2081 1225 2258 1291 Oeco-

315 1308 704 1390 lampadium
745 1317 940 1390 atque
981 1308 1189 1393 alios).
1278 1309 1368 1374 Et
1405 1312 1813 1392 comperimus
1849 1332 1972 1377 non
2013 1317 2257 1377 tandum

316 1413 637 1458 romam
681 1390 1000 1460 sedecima
1042 1395 1368 1477 affirmare
1409 1397 1784 1477 corporalem
1809 1396 2047 1462 christi
2067 1418 2256 1479 prae-

315 1479 606 1555 santiam,
674 1478 1927 1548 sodidmatnunosentireetolim
1984 1485 2256 1549 sensisse

310 1584 594 1647 ⁴‹Ji-aecum
637 1563 967 1631 mesiam.
1056 1569 1273 1650 Atque
1331 1567 1439 1632 hic
1495 1570 1841 1652 apponitur
1897 1568 1968 1633 S.
2017 1568 2254 1652 Cyrilli

312 1651 756 1715 tesmonium
793 1651 966 1733 quod
1003 1664 1223 1718 tamen
1257 1654 1707 1719 sanctissimus
1742 1663 1808 1719 et
1842 1653 2252 1720 doctissimus

311 1738 412 1801 vir
451 1735 539 1800 D.
588 1735 871 1802 Ioannes
919 1737 1432 1822 Omnian-podius
1473 1740 1585 1804 illo
1628 1741 1767 1822 ipsc
1805 1750 2099 1822 tempore
2141 1739 2251 1805 de-

311 1830 711 1888 monstrarat
731 1821 895 1887 nihil
920 1825 1131 1889 facere
1171 1846 1292 1907 pro
1320 1826 1760 1891 confirmanda
1783 1827 2073 1910 ipsorum
2110 1846 2250 1892 eor-

311 1908 514 1992 porali
560 1917 629 1972 et
683 1908 930 1974 carnali
987 1910 1312 1993 opinione.
1399 1911 1840 1977 Nihilominus
1882 1911 1989 1978 hic
2046 1913 2252 1997 repeti

312 1994 594 2078 oportuit
635 1993 708 2059 in
752 1996 1031 2079 gratiam
1089 1997 1508 2080 papistarum.
1601 1998 1849 2064 Verum
1892 1997 2042 2062 audi
2087 2019 2252 2080 quae

313 2088 679 2163 sequuntur
721 2080 789 2144 in
836 2081 1174 2165 Apologia:
1229 2083 1404 2148 Haec
1444 2085 1843 2148 recitavimus
1883 2105 2004 2148 non
2045 2089 2114 2147 ut
2151 2084 2253 2149 hic

311 2166 791 2247 diffidationem
855 2168 931 2233 de
985 2166 1100 2233 hac
1161 2188 1230 2231 re
1291 2170 1774 2235 institueremus.
1881 2170 2026 2235 Noa
2087 2170 2253 2235 endan

311 2251 618 2335 improbat
658 2251 965 2332 (observa
1008 2252 1168 2317 mihi
1216 2254 1386 2319 hanc
1429 2257 1853 2338 sententiam)
1896 2255 2056 2320 hunc
2097 2255 2252 2320 orti-

311 2338 515 2402 cudem
539 2335 851 2404 Caesarea
887 2340 1201 2415 maiestas,
1245 2340 1356 2404 sed
1395 2347 1465 2404 ut
1505 2342 1746 2406 cluo-ius
1786 2344 1971 2406 etiam
2003 2343 2249 2423 perspi·

307 2428 504 2488 ceren&
547 2424 896 2505 quicunque
939 2425 1066 2489 ista
1107 2425 1299 2507 leyent
1343 2426 1521 2506 (vide
1555 2435 1629 2491 ut
1664 2430 1791 2492 iam
1831 2448 2089 2492 omnem
2125 2427 2249 2492 sibi

308 2510 478 2573 viam
542 2507 862 2574 redeundi
917 2509 1369 2593 praecludunt)
1429 2521 1569 2576 NOS
1625 2522 2075 2577 DEFENDERE
2125 2522 2246 2577 RE·

311 2603 606 2660 OEPTAM
663 2604 744 2658 m
795 2603 986 2658 TOTA
1039 2606 1388 2661 EchEslA
1442 2608 1922 2662 SENTENTIAM
1975 2599 2137 2679 quod
2178 2599 2248 2663 iu

309 2700 486 2745 coena
535 2679 801 2745 Domini
851 2701 988 2746 vere
1043 2686 1100 2746 et
1154 2692 1830 2748 SUBSTANTIALITER
1872 2685 2084 2749 adsint
2123 2704 2249 2748 cor·

297 2787 421 2849 pus
473 2771 536 2831 et
592 2766 853 2849 sanquis·
914 2765 1149 2832 Christi
1201 2774 1258 2832 et
1304 2789 1443 2833 vere
1497 2769 1900 2834 exhibeantur
1953 2789 2094 2834 cum
2148 2769 2251 2833 his

305 2853 486 2917 rebus
545 2872 704 2932 qtme
751 2853 1067 2930 Mentior,
1119 2875 1291 2935 poene
1337 2859 1392 2917 et
1446 2856 1603 2919 vino.
1694 2855 1879 2920 Haec
1935 2854 2250 2920 hactenus

303 2958 418 3088 Ῑῦιὶο
459 2937 870 3088 ςξιιὲοεείοῃθ
914 2959 1032 3088 stua
1066 2937 1580 3091 Schmallgaldici
1625 2942 1758 3090 *holt
1776 2941 2246 3090 Protestalntiteg.

384 3044 1645 3104 uriusnonesousveris,au
1763 3046 2068 3091 eraese
2230 3077 2244 3089 .

473 3111 691 3187 (Folio
729 3115 786 3189 5,
833 3112 996 3176 facie
1041 3046 1106 3190 2p)
1151 3107 1262 3175 ‘In
1335 3121 1450 3178 tua
1507 3046 1926 3196 rgsponsioiie
1988 3113 2246 3178 scribis:

311 3198 546 3279 Nmpe
966 3218 1078 3262 nos
1134 3203 1403 3279 oportere
1445 3200 1672 3270 (inseri
1715 3199 1824 3264 hic
1866 3219 2248 3282 cuperemus

303 3283 564 3349 unicam
623 3281 947 3348 duntaxat
1003 3285 1296 3348 voculam
1359 3305 1515 3366 ..per
1571 3284 1841 3360 fidem“)
1897 3287 1968 3350 in
2016 3284 2248 3350 Christi

303 3388 528 3451 corpus
579 3372 654 3432 ut
700 3369 948 3453 oratioe
1001 3390 1154 3435 suae
1208 3371 1449 3451 effectus
1469 3374 1519 3440 ⁸)
1565 3379 1684 3436 etc.
1785 3371 2051 3436 Etenim
2111 3369 2245 3434 Do-

307 3456 528 3520 minus
585 3454 775 3521 nobis
829 3455 1251 3539 coniungitur
1305 3477 1426 3538 per
1485 3457 1788 3539 spiritum
1846 3478 2067 3534 suum,
2126 3477 2247 3521 nos

300 3540 424 3605 fide
467 3540 660 3605 illum
696 3541 1043 3625 recipimus
1077 3551 1195 3607 etc.
1242 3540 1414 3624 quod
1453 3553 1519 3606 et
1560 3543 1630 3607 in
1665 3544 2089 3608 consensione
2131 3564 2244 3607 ex-

531 3647 600 3690 m
646 3635 764 3693 est.

465 3711 693 3796 (Folio
738 3718 795 3790 7,
841 3712 1008 3778 facie
1052 3716 1120 3788 2)
1181 3713 1380 3780 Hunc
1451 3723 1660 3779 totum
1728 3714 1946 3780 locum
2001 3716 2082 3782 ab
2141 3715 2245 3779 his

301 3800 548 3865 verbis:
590 3799 758 3880 quod
799 3799 1067 3864 dicimus
1106 3820 1230 3865 non
1273 3801 1555 3865 omnibus
1598 3809 1713 3865 etc.
1762 3836 1836 3846 -
1899 3822 2105 3883 usque
2160 3800 2244 3865 ad

301 3885 456 3952 haee
517 3883 752 3949 verba:
823 3885 922 3951 Ac
967 3888 1184 3950 merito
1242 3885 1625 3952 sorbonicum
1677 3885 1839 3950 illud
1889 3887 2246 3970 ficmentum

297 3971 728 4054 repudiamus,
754 3969 808 4057 ⁹)
874 3972 968 4036 sic
1033 3969 1321 4053 placeret
1389 3973 1658 4036 referre:
1726 3972 1896 4054 quod
1967 3971 2242 4038 dicimus

297 4076 425 4121 non
471 4056 780 4122 omnibus
821 4056 1188 4140 promiscue
1231 4057 1344 4122 sed
1388 4057 1611 4122 electis
1654 4057 1783 4122 Dei
1823 4065 2106 4137 tantum,
2161 4057 2242 4122 ad

297 4163 456 4226 quos
511 4143 788 4208 interior
842 4150 912 4208 et
968 4144 1198 4208 efficax
1256 4143 1526 4228 spiritus
1582 4144 1872 4226 operatio
1927 4144 2242 4227 pervenit,

297 4229 607 4312 prodesse
651 4228 708 4293 si
802 4249 842 4295 a
876 4227 1114 4294 clarius
1149 4237 1252 4294 est
1283 4250 1483 4312 quam
1517 4238 1593 4293 ut
1625 4230 1821 4313 longa
1855 4231 2243 4295 refutatione

294 4315 604 4401 indigeat.
724 4314 966 4379 nterim
1021 4314 1093 4379 in
1147 4315 1382 4381 effectu
1437 4325 1993 4381 sacramentorum
2037 4324 2103 4380 et
2145 4316 2242 4398 ip·

296 4400 429 4467 sius
475 4401 607 4466 Dei
650 4402 982 4485 operantis
1033 4401 1107 4464 in
1165 4402 1363 4468 verbo
1420 4409 1488 4467 et
1541 4403 1961 4467 sacramentis
2024 4401 2242 4467 obser-

297 4507 533 4552 vamus
609 4485 961 4553 discrimen
1039 4487 1214 4552 inter
1288 4487 1691 4570 spiritualem
1757 4487 2241 4572 perceptionem

297 4573 588 4658 corporis
633 4581 697 4638 et
740 4570 1080 4656 sanguinis
1122 4572 1373 4638 Christi
1429 4584 1496 4637 et
1552 4575 1726 4638 inter
1766 4573 2090 4639 visibilem
2137 4572 2241 4638 vel

295 4665 636 4725 externam
694 4658 1090 4726 sacramenti
1146 4659 1631 4743 perceptionem
1651 4710 1666 4737 ,
1723 4661 2010 4741 itemque
2067 4660 2241 4724 inter

295 4743 595 4809 homines
637 4744 816 4828 ipsos
850 4746 961 4827 qui
998 4754 1407 4811 sacramenta
1441 4747 1825 4830 percipiunt,
1867 4766 1953 4810 ne
1993 4744 2238 4829 ingrati

295 4841 362 4895 et
403 4830 613 4913 iniqui
658 4830 1102 4897 aestimatores
1276 4832 1404 4896 tiae
1447 4831 1574 4897 Dei
1631 4832 2063 4915 reperiamur,
2122 4850 2238 4895 ne-

297 4935 426 5000 que
479 4916 625 4982 Deo
685 4916 1096 4984 sanctissimo
1149 4923 1552 5002 imputemus
1614 4916 1782 5001 quod
1848 4923 1950 4981 est
2010 4915 2239 4999 culpae

295 5002 643 5068 humanae.
729 5001 811 5068 Id
864 5000 1036 5086 quod
1095 5011 1351 5071 veteres
1402 5004 1708 5071 ecclesiae
1749 5000 2043 5068 doctores
2087 5010 2240 5066 ante

299 5107 416 5153 nos
463 5087 790 5169 fecerunt,
845 5087 1053 5153 veluti
1112 5086 1183 5155 S.
1231 5091 1645 5175 Augustinus
1701 5098 1838 5155 tum
1900 5086 2053 5153 alibi
2096 5097 2239 5152 tum

503 5292 566 5428 33
603 5292 823 5434 ἔρξαι,
847 5294 977 5421 “ai'‘
1014 5293 1082 5349 19
1112 5296 1207 5363 a..

2049 442 2209 503 1554
2253 434 2579 504 OO'I'OB.

4179 447 4299 507 282

2355 628 2428 691 in
2487 630 2566 690 26
2623 633 2906 694 metatu
2973 627 3045 691 in
3103 625 3331 693 Ioann.
3405 628 3765 711 explanans
3823 630 4093 697 Domini
4151 631 4303 698 Iesu

2357 711 2638 777 dictum:
2741 711 2874 793 Qui
2938 712 3291 779 manducat
3366 735 3578 778 meam
3652 735 3916 780 carnem
3994 726 4059 781 et
4136 717 4300 783 bibit

2357 818 2580 863 meum
2624 799 3031 882 sanguinem,
3090 798 3290 863 habet
3332 799 3535 863 vitam
3583 808 3941 866 aeternam:
3986 803 4080 869 sic
4123 804 4301 868 enim

2358 884 2615 950 scribit:
2674 883 2874 949 Hunc
2930 885 3146 949 cibum
3200 893 3266 948 et
3320 894 3548 967 potum
3592 886 3967 953 societatem
4011 888 4154 953 vult
4197 890 4300 953 in-

2357 968 2562 1054 telligi
2618 970 2907 1054 corporis
2972 980 3039 1034 et
3093 970 3532 1036 membrorum
3599 992 3901 1051 suorum,
3966 974 4135 1056 quod
4200 982 4303 1039 est

2357 1063 2585 1120 sancta
2626 1055 2898 1121 ecclesia
2939 1055 3010 1119 in
3055 1055 3554 1139 praedestinatis
3597 1064 3665 1120 et
3715 1058 3960 1122 vocatis
4004 1069 4071 1123 et
4112 1060 4300 1125 iusti-

2355 1141 2563 1204 ficatis
2608 1151 2675 1205 et
2718 1141 3090 1222 glorificatis
3132 1142 3375 1207 sanctis
3419 1152 3487 1206 et
3530 1141 3828 1209 fidelibus
3873 1144 4027 1209 eius.
4118 1145 4299 1227 Quo-

2355 1247 2502 1291 rum
2547 1227 2836 1310 primum
2878 1228 3011 1291 iam
3055 1228 3298 1293 factum
3339 1240 3458 1305 est,
3502 1227 3570 1293 id
3612 1239 3729 1304 est,
3775 1229 4298 1311 praedestinatiO,

2355 1311 2715 1378 secundum
2772 1324 2837 1377 et
2894 1314 3160 1378 tertium
3215 1312 3464 1378 factum
3522 1321 3651 1389 est,
3722 1327 3787 1377 et
3829 1316 3908 1378 fit
3949 1327 4014 1379 et
4057 1317 4185 1395 fiet,
4229 1314 4299 1381 id

2355 1408 2472 1476 est,
2520 1400 2767 1464 vocatio
2810 1408 2878 1462 et
2920 1399 3323 1465 iustificatio:
3370 1407 3679 1482 quartum
3721 1420 3877 1464 vero
3914 1402 3984 1465 in
4029 1422 4144 1484 spe
4179 1413 4297 1481 est,

2353 1483 2424 1548 in
2470 1506 2541 1547 re
2586 1492 2805 1549 autem
2848 1485 3145 1549 futurum
3189 1494 3307 1563 est,
3350 1485 3419 1549 id
3454 1494 3555 1549 est
3596 1485 3997 1569 glorificatio
4078 1487 4298 1552 Huius

2353 1570 2449 1634 rei
2493 1580 3010 1648 sacramentum,
3067 1570 3132 1635 id
3191 1578 3324 1647 est,
3382 1571 3656 1636 unitatis
3710 1572 3997 1654 corporis
4039 1581 4103 1637 et
4148 1594 4297 1638 san-

2353 1655 2572 1738 guinis
2617 1655 2865 1721 Christi
2909 1656 3151 1721 alicubi
3195 1655 3511 1739 quotidie,
3571 1657 3806 1723 alicubi
3853 1659 4049 1722 certis
4092 1660 4297 1724 inter-

2355 1741 2545 1805 vallis
2587 1739 2863 1817 dierum,
2906 1743 2978 1805 in
3021 1742 3347 1807 dominica
3378 1762 3609 1807 mensa
3651 1754 4076 1826 praeparatur
4119 1758 4181 1808 et
4217 1744 4298 1809 de

2351 1847 2582 1891 mensa
2624 1825 2952 1892 dominica
2995 1829 3294 1905 sumitur,
3340 1827 3724 1910 quibusdam
3771 1828 3853 1892 ad
3890 1831 4107 1907 vitam,
4155 1832 4297 1913 qui-

2351 1910 2625 1978 busdam
2670 1913 2751 1976 ad
2797 1914 3087 1991 exitium,
3133 1935 3238 1978 res
3282 1934 3439 1979 vero
3483 1915 3646 1996 ipsa,
3700 1916 3887 1980 cuius
3930 1935 4296 1981 sacramen-

2352 2007 2495 2062 tum
2542 2009 2660 2077 est,
2720 2000 2899 2063 omni
2945 1999 3194 2064 homini
3238 1998 3322 2063 ad
3364 2000 3602 2075 vitam,
3662 1998 3830 2064 nulli
3875 1999 3957 2065 ad
4002 2003 4293 2076 exitium,

2351 2085 2721 2166 quicunque
2764 2086 2903 2149 eius
2948 2086 3271 2168 particeps
3312 2084 3525 2149 fuerit.
3614 2086 3707 2151 Et
3748 2086 3938 2150 initio
3984 2096 4298 2153 tractatus

2351 2171 2493 2234 eius
2536 2171 2663 2234 ait:
2718 2170 3013 2234 Daturus
3056 2193 3092 2235 e
3174 2190 3213 2235 o
3256 2169 3585 2235 Dominus
3640 2172 3944 2255 spiritum
4005 2185 4300 2238 sanctum

2351 2255 2521 2319 dixit
2563 2277 2633 2319 se
2677 2275 2915 2339 panem
2958 2256 3068 2339 qui
3096 2191 3192 2321 ,ἕρ
3250 2256 3430 2320 coelo
3487 2255 3845 2335 descendit,
3907 2258 4175 2323 hortans
4220 2268 4299 2324 nt

2350 2341 2695 2406 credamus
2734 2343 2805 2406 in
2849 2362 3018 2405 eum.
3109 2340 3392 2406 Credere
3450 2342 3629 2407 enim
3688 2344 3756 2408 in
3804 2365 3971 2423 eum,
4032 2344 4155 2409 hoc
4198 2353 4297 2411 est

2349 2425 2748 2491 manducare
2772 2447 3028 2510 panem,
3078 2428 3320 2491 vinum.
3393 2426 3524 2508 Qui
3561 2428 3768 2493 credit
3803 2430 3869 2493 in
3906 2450 4075 2507 eum,
4115 2451 4297 2494 man·

2351 2511 2549 2576 ducat
2569 2512 3000 2588 invisibiliter,
3040 2513 3382 2597 saginatur
3402 2513 3555 2596 quia
3577 2514 3992 2579 invisibiliter
4014 2516 4297 2582 renasci-

2352 2607 2463 2662 tur
2485 2609 2602 2662 etc‚
2662 2601 2758 2663 Ac
2796 2607 3049 2681 postea:
3088 2599 3181 2663 Et
3216 2620 3333 2664 nos
3367 2597 3559 2664 hodie
3597 2601 3948 2682 accipimus
3971 2602 4295 2665 visibilem

2350 2684 2605 2750 cibum:
2643 2683 2755 2748 sed
2780 2683 2957 2748 aliud
2999 2694 3097 2748 est
3119 2694 3616 2763 sacramentum,
3642 2685 3819 2749 aliud
3843 2687 4055 2750 virtus
4078 2708 4293 2752 sacra·

2349 2771 2574 2835 menti.
2625 2769 2841 2850 Quam
2862 2769 3051 2834 multi
3079 2770 3159 2835 de
3182 2769 3370 2834 altari
3392 2772 3721 2853 accipiunt
3742 2780 3807 2835 et
3841 2775 4207 2836 moriuntur
4229 2781 4295 2837 et

2351 2855 2723 2938 accipiendo
2744 2858 3128 2921 moriuntur.
3178 2855 3370 2922 Unde
3406 2856 3564 2920 dicit
3587 2857 3943 2939 apostolus:
3982 2856 4294 2924 iudicium

2351 2942 2472 3007 sibi
2510 2942 2646 3005 edit
2667 2951 2732 3006 et
2760 2942 2938 3008 bibit.
3014 2941 3248 3006 Nonne
3285 2941 3573 3009 buccella
3608 2943 3932 3009 dominica
3966 2962 4295 3009 venenum

2349 3028 2475 3092 fuit
2498 3026 2742 3092 Iudae?
2804 3028 2892 3093 Et
2926 3035 3145 3092 tamen
3171 3028 3420 3111 accepit
3452 3038 3518 3091 et
3546 3049 3745 3112 quum
3776 3030 4021 3113 accepit
4054 3030 4120 3094 in
4144 3052 4295 3094 eum

2349 3115 2651 3179 inimicus
2695 3115 2983 3191 intravit,
3032 3135 3161 3178 non
3207 3114 3361 3197 quia
3400 3115 3647 3179 malum
3698 3116 3946 3198 accepit
3990 3115 4101 3180 sed
4145 3118 4299 3200 quia

2350 3200 2590 3266 bonum
2657 3200 2828 3265 male
2884 3201 3093 3265 malus
3150 3200 3414 3282 accepit.
3518 3199 3759 3264 Videte
3825 3222 3978 3285 ergo
4041 3203 4294 3278 fratres,

2349 3307 2588 3371 panem
2642 3287 2984 3352 coelestem
3040 3286 3468 3370 spiritualiter
3510 3284 3926 3364 manducate,
3986 3289 4295 3354 innocen-

2350 3373 2508 3438 tiam
2567 3372 2647 3437 ad
2707 3373 2911 3436 altare
2969 3381 3327 3456 apportate.
3418 3371 3676 3437 Deinde
3718 3394 4051 3455 exponens
4098 3375 4297 3441 verba

2349 3456 2649 3523 Domini:
2695 3458 2866 3523 Caro
2910 3479 3058 3522 mea
3082 3479 3233 3521 vere
3269 3465 3367 3521 est
3411 3457 3608 3532 cibus,
3657 3480 3852 3540 quum
3899 3458 4134 3540 inquit,
4183 3482 4296 3524 ex-

2349 3546 2534 3626 ponit
2585 3541 2905 3626 quomodo
2969 3542 3036 3607 id
3095 3544 3209 3607 fiat
3250 3541 3421 3625 quod
3476 3542 3792 3626 loquitur,
3862 3551 3930 3607 et
3992 3544 4149 3627 quid
4208 3547 4295 3610 sit

2349 3630 2745 3695 manducare
2798 3649 3031 3712 corpus
3087 3628 3227 3692 eius
3287 3637 3352 3693 et
3409 3628 3797 3711 sanguinem
3855 3628 4108 3707 bibere,
4169 3632 4294 3696 hoc

2348 3725 2451 3780 est
2491 3715 2888 3781 manducare
2931 3714 3109 3778 illam
3165 3734 3382 3779 escam
3442 3723 3505 3776 et
3548 3714 3736 3777 illum
3779 3713 3998 3780 bibere
4040 3726 4286 3798 potum,

2345 3803 2414 3866 in
2441 3800 2707 3866 Christo
2748 3820 3016 3866 manere
3059 3810 3126 3862 et
3158 3799 3345 3864 illum
3382 3808 3759 3864 manentem
3800 3800 3871 3864 in
3914 3821 3985 3865 se
4031 3801 4289 3867 habere.

2345 3890 2445 3952 Ac
2489 3906 2605 3969 per
2659 3886 2804 3964 hoc,
2861 3885 2973 3968 qui
3028 3906 3158 3950 non
3218 3894 3441 3949 manet
3494 3884 3559 3948 in
3608 3883 3874 3950 Christo
3930 3894 3997 3950 et
4050 3888 4117 3950 in
4164 3910 4288 3971 quo

2346 3993 2477 4037 non
2536 3983 2760 4038 manet
2814 3972 3147 4044 Christus,
3213 3969 3437 4053 procul
3496 3970 3691 4036 dubio
3756 3992 3877 4037 nec
3935 3972 4287 4039 manducat

2345 4059 2772 4141 spiritualiter
2813 4077 3076 4122 carnem
3121 4058 3258 4121 eius
3298 4076 3420 4122 nec
3485 4056 3644 4121 bibit
3692 4057 3833 4121 eius
3879 4060 4283 4142 sanguinem,

2344 4144 2497 4210 licet
2539 4144 2888 4210 carnaliter
2930 4152 2996 4207 et
3040 4141 3382 4210 visibiliter
3423 4150 3682 4224 premat
3726 4142 4030 4209 dentibus
4071 4165 4286 4214 sacra-

2344 4238 2641 4295 mentum
2693 4229 2980 4312 corporis
3039 4237 3103 4292 et
3173 4227 3511 4312 sanguinis
3556 4227 3838 4307 Christi3
3903 4229 4017 4294 sed
4075 4232 4283 4314 magis

2345 4326 2564 4381 tantae
2607 4317 2700 4380 rei
2753 4323 3226 4380 sacramentum
3287 4313 3369 4378 ad
3414 4312 3721 4378 iudicium
3769 4315 3892 4379 sibi
3932 4315 4285 4380 manducat

2343 4411 2412 4467 et
2457 4402 2647 4478 bibit,
2710 4402 2823 4484 qui
2867 4398 3243 4465 immundus
3283 4400 3721 4482 praesumpsit
3762 4400 3843 4463 ad
3890 4399 4137 4466 Christi
4181 4420 4282 4465 ac·

2342 4487 2570 4552 cedere
2627 4495 3063 4565 sacramenta,
3125 4506 3290 4569 quae
3347 4484 3578 4567 aliquis
3634 4506 3764 4550 non
3825 4484 4021 4569 digne
4064 4486 4281 4565 sumit,

2343 4574 2472 4639 nisi
2535 4573 2644 4656 qui
2707 4572 2992 4638 mundus
3058 4582 3177 4637 est.
3276 4570 3381 4635 De
3446 4570 3679 4654 quibus
3744 4569 4020 4635 dicitur:
4094 4571 4285 4637 Beati

2343 4658 2587 4724 mundo
2643 4656 2838 4724 corde
2894 4658 3049 4742 quia
3086 4658 3210 4740 ipsi
3258 4655 3478 4722 Deum
3518 4656 3834 4721 videbunt
3877 4664 3995 4722 etc.
4081 4657 4287 4722 Plura

2344 4744 2540 4809 huius
2583 4745 2841 4829 generis
2885 4744 2947 4807 le
2994 4752 3197 4808 untur
3251 4752 3319 4808 et
3372 4743 3442 4807 in
3486 4748 3771 4807 tractatu
3807 4745 3886 4804 27
3935 4763 4096 4827 quae
4138 4742 4284 4809 bre-

2343 4830 2570 4896 vitatis
2613 4851 2809 4896 causa
2851 4850 2968 4894 ver
3051 4829 3171 4893 tim
3209 4851 3340 4894 non
3377 4828 3745 4893 recitamus.
3813 4827 3941 4893 His
3986 4830 4285 4911 proxime

2343 4915 2798 5000 subiungenda
2838 4924 3144 4999 putamus
3197 4935 3365 4997 quae
3421 4933 3573 4978 mox
3629 4920 4029 4997 sequuntur:
4057 4913 4140 4999 ¹⁰)
4188 4916 4287 4980 Ac

2342 5004 2559 5067 merito
2591 5001 2979 5068 sorbonicum
3010 5000 3175 5067 illud
3202 5001 3560 5084 fiymentum
3593 5006 3710 5063 etc.
3771 4997 3855 5061 Et
3888 4998 4141 5083 reliqua
4162 5009 4280 5067 etc.

2513 5087 2839 5172 Intelligis
2884 5095 3103 5153 autem
3146 5108 3276 5152 non
3322 5085 3719 5161 admonitus,
3785 5105 3902 5150 cur
3954 5085 4080 5151 ista
4135 5107 4282 5152 ver-

2341 5175 2543 5240 botim
2586 5172 2936 5240 inserenda
2979 5184 3045 5238 et
3079 5174 3264 5257 quasi
3299 5175 3369 5236 in
3404 5169 3618 5236 medio
3655 5170 3870 5253 operis
3912 5171 4283 5239 collocanda

2515 5361 2610 5426 10)
2644 5362 2716 5416 ὦ.
2752 5378 2877 5432 paq.
2913 5359 2986 5414 25
3018 5361 3154 5415 med.
