4850 6200
377 420 491 484 ³89

375 613 474 681 hic
526 611 831 676 habitant
883 613 1106 694 expeti
1160 613 1577 698 intelligeret,
1642 614 1814 681 sicut
1869 611 2153 679 eruditio
2197 621 2313 678 tua

373 708 434 766 et
472 698 684 782 pietas
726 704 1080 776 merentur,
1139 719 1275 765 non
1317 699 1509 766 modo
1559 699 1838 765 libenter
1892 698 2161 765 accessit
2201 718 2311 763 eo-

371 806 514 852 rum
559 792 730 862 voto,
774 779 892 849 sed
931 780 1199 850 sedulus
1240 806 1494 884 quoque
1530 783 1826 851 hortator
1867 785 2010 850 fuit.
2037 788 2092 861 ⁹)
2160 783 2312 850 Non

369 870 646 938 multum
687 889 908 935 morae
962 870 1424 954 interpositum
1479 870 1621 937 fuit.
1709 870 2130 937 censuerunt
2170 891 2309 935 om-

368 978 484 1024 nes
525 965 594 1022 te
635 954 1024 1040 rogandum,
1065 965 1140 1021 ut
1181 957 1238 1023 si
1280 957 1445 1024 liber
1488 979 1664 1024 esses
1702 957 1873 1023 hanc
1908 955 2309 1041 provinciam

370 1042 567 1109 velles
611 1041 960 1126 suscipere.
1026 1042 1170 1125 Ego
1205 1052 1281 1108 ut
1313 1063 1420 1110 me
1454 1063 1788 1110 suasorem
1823 1044 2308 1124 interponerem

369 1130 445 1195 ab
503 1129 638 1194 illis
699 1126 961 1212 quidem
1018 1148 1164 1194 sum
1220 1139 1510 1215 rogatus,
1577 1128 1693 1195 sed
1751 1128 1921 1194 nihil
1981 1137 2083 1194 est
2138 1125 2309 1210 quod

367 1215 678 1282 libentius
735 1213 984 1280 faciam.
1084 1214 1221 1281 Nec
1278 1236 1464 1293 vero,
1521 1216 1577 1281 si
1633 1213 1977 1280 mediocris
2031 1212 2308 1279 antehac

367 1303 594 1369 fuisset
636 1299 719 1364 ad
764 1321 1032 1365 manum
1071 1300 1377 1379 conditio,
1421 1301 1777 1385 inciperem
1814 1321 1989 1366 nunc
2025 1299 2306 1364 demum.

367 1386 499 1455 Sed
543 1387 698 1452 fecit
739 1384 981 1469 publici
1027 1387 1262 1452 aerarii
1316 1387 1539 1471 inopia
1582 1409 1663 1452 ne
1708 1385 1865 1470 quid
1910 1385 2030 1451 tibi
2073 1385 2309 1451 offerre

366 1494 621 1559 possem
639 1524 656 1551 ,
714 1471 972 1557 quando
1014 1472 1132 1537 vix
1191 1482 1456 1538 tenuem
1502 1474 1750 1540 victum
1809 1473 1946 1539 suis
1989 1472 2308 1537 ministris

367 1561 524 1626 urbs
576 1561 722 1643 ipsa
773 1557 1164 1641 suppeditat.
1252 1558 1396 1624 Etsi
1450 1567 1666 1625 autem
1713 1558 1882 1643 quod
1936 1566 2311 1624 statuerunt

367 1647 660 1713 conferre
723 1643 960 1709 fratres
1025 1665 1160 1709 non
1224 1664 1328 1709 am
1378 1644 1518 1710 lum
1584 1645 1982 1729 stipendium
2049 1643 2304 1723 efficiet,

368 1732 496 1799 scio
562 1741 780 1796 tamen
840 1729 996 1796 hinc
1055 1730 1221 1795 nihil
1288 1731 1340 1794 ti
1387 1730 1408 1795 i
1472 1731 1610 1796 fore
1668 1750 1891 1795 morae
1956 1730 2306 1813 quominus

365 1818 664 1902 precibus
705 1816 950 1882 nostris
1004 1814 1429 1901 obtemperes.
1518 1815 1602 1882 In
1655 1816 1778 1882 hoc
1834 1818 2115 1882 vertitur
2172 1823 2307 1881 tota

367 1903 784 1970 consultatio:
853 1900 1024 1968 sitne
1082 1902 1199 1967 tibi
1255 1902 1537 1968 liberum
1591 1902 1941 1968 stationem
2000 1902 2193 1968 istam
2237 1900 2306 1966 in

365 2008 492 2074 qua
533 2008 711 2054 nunc
768 2010 838 2052 es
897 1988 1281 2072 relinquere.
1371 1988 1787 2054 Desiderium
1834 1988 2154 2053 adventus
2211 1988 2309 2052 tui

367 2097 491 2159 quo
548 2097 653 2141 me
709 2073 938 2139 ardere
993 2074 1232 2152 sentio,
1296 2084 1372 2140 ut
1424 2073 1588 2139 mihi
1652 2073 2127 2156 quodammodo
2183 2075 2307 2139 sim

367 2171 724 2244 suspectus,
767 2161 941 2225 facit.
1008 2160 1102 2226 Et
1142 2170 1319 2226 certe
1362 2181 1482 2244 pro
1524 2169 1641 2225 tua
1674 2159 2023 2244 prudentia
2064 2159 2306 2226 clarius

367 2268 446 2313 ex
493 2268 566 2312 re
608 2245 935 2330 praesenti
991 2244 1238 2311 iudicas
1283 2247 1436 2329 quid
1494 2248 1671 2313 factu
1729 2247 1817 2312 sit
1874 2245 2053 2323 utile,
2112 2267 2308 2329 quam

366 2342 436 2399 ut
473 2333 685 2398 alieno
719 2331 988 2398 oonsilio
1022 2331 1336 2415 indigeas.
1406 2331 1777 2409 Caeterum,
1825 2332 1949 2397 nisi
1986 2332 2308 2399 sanctiore

365 2419 632 2486 vinculo
677 2431 743 2483 te
782 2418 930 2484 istic
974 2418 1338 2499 constringi
1382 2419 1587 2483 sentis
1629 2439 1827 2501 quam
1864 2428 1939 2481 ut
1983 2417 2098 2482 tibi
2145 2419 2308 2483 inte-

365 2525 558 2589 grum
617 2505 706 2570 sit
763 2506 1074 2588 migrare,
1135 2503 1571 2568 dubitandum
1633 2501 1753 2568 tibi
1809 2525 1940 2569 non
1996 2514 2096 2569 est
2151 2505 2308 2586 quin

365 2589 662 2656 obeunda
725 2590 846 2655 tibi
911 2591 1000 2655 sit
1067 2590 1224 2654 haec
1291 2590 1570 2665 vocatio,
1637 2610 1832 2672 quam
1893 2610 2024 2654 non
2089 2590 2308 2655 minus

363 2688 538 2742 certo
596 2676 983 2742 confidimus
1038 2675 1270 2740 utilem
1328 2676 1464 2741 foro
1517 2696 1709 2758 quam
1756 2696 1795 2740 a
1837 2673 2121 2739 Domino
2166 2695 2308 2740 esse

362 2765 660 2847 persuasi
704 2782 950 2827 sumus.
1017 2760 1141 2826 Est
1174 2760 1436 2844 quidem
1473 2760 1749 2844 pusillus
1793 2782 1952 2845 grex
1995 2759 2110 2825 sed
2153 2781 2308 2827 vere

363 2848 628 2927 electus,
687 2858 763 2913 ut
815 2849 1042 2912 florem
1084 2845 1317 2912 Italiae
1374 2848 1444 2912 iu
1498 2869 1573 2913 eo
1631 2848 1913 2930 conspici
1970 2867 2159 2929 posse
2203 2867 2308 2912 ar·

362 2934 584 3002 bitrer.
675 2934 813 2999 Nec
858 2954 1010 2999 vero
1054 2931 1417 2998 timendum
1463 2941 1580 3007 est,
1627 2954 1710 2998 ne
1753 2953 1883 3016 qua
1924 2932 2040 2997 tibi
2086 2953 2307 2998 aemu-

359 3021 520 3086 latio
544 3022 876 3106 negotium
902 3019 1194 3084 faoessat.
1261 3019 1431 3084 Nam
1455 3017 1537 3084 de
1559 3016 1730 3085 Celso
1756 3022 1841 3102 ¹⁰)
1867 3027 2088 3083 nostro
2114 3040 2145 3084 s
2193 3040 2306 3084 on-

363 3108 503 3186 deo,
548 3128 680 3191 qua
712 3115 815 3172 est
848 3104 1098 3191 ingenii
1127 3105 1647 3184 mansuetudine,
1692 3126 1824 3170 non
1849 3104 2065 3170 minus
2107 3127 2149 3189 p
2178 3106 2307 3172 aci-

361 3193 518 3260 dum
576 3213 773 3277 quam
828 3191 1032 3257 fidum
1099 3191 1219 3257 tibi
1275 3193 1412 3257 fore
1470 3190 1849 3257 adiutorem.
1951 3191 2098 3257 Tibi
2153 3212 2308 3258 vero

359 3279 533 3346 nihil
574 3281 712 3345 fore
751 3277 1103 3362 optabilius
1137 3285 1313 3343 certo
1357 3277 1509 3355 scio,
1553 3298 1749 3360 quam
1784 3287 1860 3342 ut
1906 3277 2125 3342 fratris
2167 3277 2308 3343 loco

359 3367 654 3434 vicissim
713 3363 1131 3450 amplectaris
1184 3364 1358 3428 omni
1416 3363 1825 3429 humanitate
1880 3373 1948 3428 et
1990 3362 2310 3429 modestia

360 3453 434 3518 in
494 3472 623 3536 quo
681 3450 797 3515 filii
858 3450 1169 3534 pietatem
1225 3449 1481 3516 senties.
1572 3447 1766 3531 Quod
1818 3457 2136 3534 superest,
2195 3471 2307 3515 ex-

360 3537 804 3623 spectabimus
847 3533 1003 3620 quid
1045 3535 1168 3602 tibi
1211 3557 1326 3619 per
1369 3535 1822 3602 conscientiam
1878 3535 2088 3602 liceat.
2177 3535 2310 3601 Ne-

360 3645 484 3708 que
529 3625 707 3688 euim
752 3622 876 3687 nisi
925 3621 1213 3688 solutum
1254 3641 1582 3687 accersere
1625 3622 1957 3698 audemus,
2019 3642 2308 3705 praeser-

359 3709 479 3776 tim
527 3729 734 3792 quum
777 3721 845 3772 te
888 3708 1032 3773 istic
1077 3705 1398 3773 Dominus
1454 3709 1521 3771 in
1576 3706 1911 3773 functione
1956 3706 2311 3774 honorifica

358 3796 614 3861 utiliter
656 3803 976 3860 exerceat.

533 3880 760 3963 Quum
806 3879 1160 3946 Germanis
1215 3887 1354 3944 tam
1403 3898 1634 3962 parum
1692 3877 2008 3944 hactenus
2052 3879 2305 3962 profue-

358 3968 496 4033 rint
539 3988 728 4033 arma
770 3986 907 4044 sua,
955 3985 1082 4030 nou
1119 3965 1323 4028 miror
1356 3965 1414 4029 si
1449 3986 1530 4029 ex
1566 3984 1688 4030 sua
1722 3962 2104 4047 spoliatione
2143 3963 2304 4028 nihil

357 4053 660 4121 sentiunt
702 4052 1006 4118 iacturae.
1073 4049 1237 4124 Imo.
1281 4070 1480 4133 quum
1526 4049 1786 4116 coelesti
1831 4048 2154 4133 praesidio
2198 4072 2307 4115 cos

472 4140 622 4223 pria
687 4135 981 4204 socordia
1045 4136 1220 4201 ultro
1285 4135 1535 4219 pridem
1606 4134 1965 4214 nudaverit,
2037 4155 2207 4200 nunc
2268 4156 2307 4200 a

349 4160 645 4292 ffimino
682 4245 791 4290 eos
825 4221 1245 4306 obstupefieri
1280 4244 1407 4287 non
1446 4221 1691 4299 dubito,
1736 4229 1812 4286 ut
1845 4221 1913 4285 in
1949 4222 2304 4304 perniciem

351 4331 542 4378 suam
586 4309 984 4391 conspirent.
1064 4307 1464 4374 Ecolesiolae
1507 4307 1797 4388 gallicae,
1843 4309 1968 4372 etsi
2013 4307 2301 4373 noudum

396 4396 549 4463 lena
603 4417 734 4481 pax
792 4394 1171 4479 contigerit,
1239 4394 1631 4478 pacatiorem
1689 4402 1933 4458 statum
1988 4393 2301 4477 gratulor.

350 4416 552 4562 galo,
614 4480 972 4548 clarissime
1017 4480 1123 4546 vir
1166 4488 1232 4544 et
1273 4479 1437 4543 mihi
1496 4479 1855 4561 plurimum
1901 4478 2304 4545 observande

350 4566 572 4634 stater.
662 4567 746 4633 D.
799 4565 1081 4632 Sturmio
1124 4578 1193 4630 et
1237 4564 1533 4632 Skidano
1589 4565 1938 4647 plurimum
2002 4565 2301 4631 salutem.

348 4651 686 4721 Dominus
722 4674 837 4718 vos
879 4672 1107 4736 regere
1143 4661 1389 4735 pergat,
1437 4652 1603 4716 tueri
1650 4663 1713 4716 et
1749 4650 1961 4716 modis
1996 4651 2301 4717 omuibus

349 4739 752 4808 benedicere.
838 4738 1149 4804 Genevae
1199 4740 1291 4803 18.
1340 4736 1635 4802 Ianuarii
1686 4740 1866 4800 1555.

1067 4874 1349 4940 Ioannes
1395 4872 1712 4940 Calvinus
1756 4894 1910 4940 vere
1952 4883 2123 4939 tuus.

557 5067 591 5122 9
661 5064 968 5136 Man-tyren·
1002 5064 1130 5119 huic
1164 5062 1442 5118 vocationi
1472 5078 1584 5118 non
1619 5062 1843 5118 cessis&
1877 5062 1975 5118 aed
2017 5078 2166 5119 anno
2216 5078 2297 5118 ae·

515 5137 541 5190 ι’
663 5136 836 5190 ricem
873 5149 930 5188 ac
962 5133 1257 5188 contulisse
1286 5137 1510 5187 constat

525 5205 617 5271 10)
658 5203 1031 5272 Μανιὺιεκοο.

2074 427 2236 489 1555
2278 423 2658 494 IANUAR.

4240 435 4368 500 390

3289 617 3491 689 2⁰9⁰.

2824 771 3484 841 BULLINGERUS
3522 771 3952 840 OALVINO.

2589 943 2806 1025 Refert
2846 944 3003 1027 quid
3042 945 3213 1011 circa
3256 945 3642 1028 aeumlao-ia
3685 944 4090 1027 Defensionis
4126 948 4360 1031 fecerit.

2420 1030 2586 1095 Tum
2613 1029 2915 1114 pluribus
2957 1031 3090 1115 ayit
3128 1031 3206 1096 de
3256 1031 3439 1096 rebus
3482 1031 3976 1098 Locarnensium
4027 1038 4085 1098 ct
4137 1037 4367 1100 narrat

2412 1116 2625 1199 qualis
2666 1136 2876 1182 rerum
2919 1122 3121 1183 status
3164 1117 3250 1181 sit
3287 1118 3359 1182 in
3394 1117 3653 1201 Anylia.

2415 1285 2527 1350 (Ex
2566 1287 2903 1357 autographo
2938 1285 3069 1340 Ood.
3117 1286 3322 1340 Genev.
3377 1286 3494 1353 114,
3539 1288 3629 1341 fol.
3675 1286 3760 1342 83.
3842 1289 4034 1343 Edidit
4077 1290 4221 1344 Besa
4266 1290 4365 1344 sed

2411 1355 2592 1409 ninus
2627 1365 2877 1410 accurate
2912 1354 3021 1409 imo
3068 1361 3374 1409 mucatam
3421 1356 3624 1411 Gener.
3673 1375 3726 1426 p.
3765 1356 3881 1425 172,
3938 1358 4093 1412 Laus.
4141 1375 4196 1429 p.
4239 1357 4361 1425 334,

2411 1424 2625 1479 Hanov.
2660 1442 2713 1493 p.
2749 1422 2869 1488 874.
2913 1424 3121 1479 Chouet
3156 1441 3209 1494 p.
3260 1422 3380 1491 232,
3428 1427 3599 1479 Amat.
3644 1443 3699 1495 p.
3737 1425 3854 1480 106.
3938 1428 4196 1482 Simlerus
4240 1427 4364 1481 Vol.

2843 1490 2912 1546 84
2947 1500 3156 1547 textum
3193 1494 3342 1563 typis
3378 1494 3583 1548 editum
3619 1494 3920 1561 describit.)

2583 1663 2966 1730 Clarissimo
3023 1664 3168 1729 viro
3217 1665 3300 1731 D.
3347 1665 3579 1731 Ioanni
3623 1664 3903 1732 Calvino
3948 1667 4355 1734 Genevensis

2410 1750 2722 1852 ecclcsiae
2786 1749 2915 1816 fido
2980 1750 3226 1834 pastori
3294 1750 3556 1817 domino
3615 1752 3980 1818 honorabili
4046 1767 4113 1819 et
4165 1754 4356 1818 fratri

2410 1857 2741 1903 carissimo
2785 1858 2921 1903 suo.

3960 1924 4180 1991 Genff.

2580 2077 2843 2143 Literas
2886 2085 3055 2152 tuas,
3104 2073 3482 2142 honorande
3540 2076 3799 2142 domine
3858 2087 3925 2143 et
3976 2078 4207 2159 frater,
4269 2079 4359 2147 ad

2411 2184 2517 2228 me
2571 2162 2990 2248 peculiariter
3048 2164 3342 2246 scriptas,
3404 2170 3549 2225 tum
3603 2183 3712 2228 eas
3771 2185 3931 2246 quas
3976 2181 4353 2233 communes

2411 2270 2556 2315 esse
2624 2249 2904 2325 voluisti,
2934 2250 2983 2331 ¹)
3045 2270 3180 2314 una
3242 2268 3390 2314 cum
3470 2248 3864 2313 Defensione
3938 2258 4056 2314 tua
4134 2252 4353 2336 accepi

2410 2335 2710 2413 iamiam,
2777 2334 3049 2418 ideoque
3115 2332 3404 2400 nondum
3465 2333 3733 2398 exhibui
3800 2335 4139 2411 fratribus,
4207 2358 4353 2403 cras

2410 2419 2845 2486 exhibiturus.
2907 2419 3092 2485 Nihil
3130 2428 3353 2485 tamen
3388 2416 3610 2483 dubito
3643 2419 3787 2484 illos
3822 2423 4041 2485 omnia
4075 2421 4356 2490 libenter

2411 2507 2714 2583 lecturos,
2753 2528 2885 2571 non
2930 2506 3071 2570 sine
3105 2504 3542 2589 gratulatione
3585 2514 3654 2568 et
3687 2507 4044 2588 gratiarum
4083 2508 4352 2575 actione.

2413 2591 2769 2658 Commode
2839 2611 2995 2656 vero
3051 2591 3273 2656 literas
3327 2596 3395 2654 et
3450 2589 3705 2655 libellos
3775 2591 3921 2657 aliis
3995 2591 4355 2661 destinatos

2410 2678 2699 2744 ecclesiis
2742 2677 3157 2745 coniunxisti.
3249 2677 3415 2741 Nam
3464 2675 3577 2740 illa
3635 2678 3777 2759 ipsa
3831 2677 3992 2742 hora
4033 2699 4163 2761 qua
4204 2678 4355 2745 red·

2411 2764 2691 2841 dunt-ur,
2743 2763 3155 2830 commodum
3210 2763 3656 2827 transmittere
3713 2765 3896 2846 potui
3952 2763 4224 2829 Curiam
4280 2766 4352 2830 in

2410 2850 2794 2928 Rhaetiam‚
2863 2848 3251 2932 Sangallum
3310 2858 3379 2913 ct
3442 2845 3940 2914 Schafhusium.
4054 2848 4353 2935 Singulis

2410 2956 2591 3000 meas
2652 2935 2926 3002 adiunxi
2977 2934 3232 3011 literas,
3303 2932 3542 3017 quibus
3602 2934 3764 3016 ipsis
3838 2943 4133 3001 sanctum
4188 2957 4353 3019 opus

2411 3021 2809 3088 commendo.
2909 3019 3120 3105 Spero
3164 3020 3309 3087 illos
3367 3019 3552 3085 brevi
3596 3018 3713 3084 tibi
3773 3021 4018 3105 gratias
4073 3028 4352 3089 acturos.

2410 3109 2506 3174 Et
2544 3109 2850 3192 quoniam
2896 3128 2974 3172 eo
3016 3109 3160 3192 ipso
3196 3106 3302 3173 die
3335 3104 3598 3171 tabellio
3622 3106 3910 3172 Bernam
3950 3109 4354 3191 profecturus

2411 3204 2580 3269 erat,
2627 3194 2781 3260 huic
2824 3214 3080 3277 quoque
3125 3212 3305 3259 meas
3349 3189 3623 3268 tradidi,
3668 3191 3903 3275 quibus
3960 3192 4043 3259 D.
4093 3194 4355 3262 Baitero

2411 3282 2681 3365 exposui
2742 3279 2895 3363 quid
2946 3280 3115 3344 sacto
3170 3298 3208 3342 o
3254 3299 3334 3344 us
3389 3285 3634 3360 putem,
3692 3279 3977 3344 maxime
4031 3280 4088 3345 si
4139 3278 4356 3347 biliosi

2411 3366 2848 3432 contentionis
2912 3367 3110 3431 finem
3233 3384 3422 3430 ucere
3493 3364 3712 3427 velint.
3827 3362 3975 3431 Scis
4038 3365 4226 3431 illum
4291 3373 4352 3432 4.

2411 3452 2704 3518 Ianuarii
2747 3454 2816 3517 in
2861 3452 2962 3516 ius
3007 3457 3311 3518 vocatum
3355 3447 3598 3514 dixisse
3633 3469 3914 3515 causam.
4015 3451 4216 3517 Visus
4255 3461 4357 3518 est

2410 3538 2800 3622 quibusdam
2829 3535 3308 3621 potentioribus
3354 3534 3667 3601 audacius
3704 3534 4011 3617 loquutus
4035 3536 4115 3602 de
4158 3559 4357 3603 causa

2408 3624 2946 3691 Locarnensium.
3065 3620 3283 3686 Audio
3342 3629 3560 3685 tamen
3605 3641 3835 3686 rursus
3891 3621 4275 3688 absolutum.
4299 3623 4355 3708 2)

2578 3709 2924 3775 Nostrates
2966 3709 3034 3771 in
3082 3727 3279 3773 causa
3320 3706 3801 3783 Locarneusi⁸)
3843 3706 4194 3773 concordes
4235 3730 4357 3793 per

2409 3795 2631 3861 omnia
2675 3796 2926 3879 legatos
2963 3792 3046 3859 ad
3091 3813 3160 3858 se
3204 3793 3469 3870 missos,
3517 3792 3611 3856 uti
3656 3793 3980 3874 prioribus
4024 3793 4140 3859 tibi
4183 3794 4355 3860 indi-

2409 3902 2647 3958 caram,
2692 3880 2788 3945 ita
2832 3878 3238 3956 dimiserunt,
3286 3887 3359 3942 ut
3401 3897 3485 3941 ne
3528 3877 3733 3958 pilum
3793 3878 4054 3961 quidem
4100 3878 4179 3944 de
4237 3900 4356 3947 sua

2407 3966 2729 4033 cesserint
2770 3966 3118 4041 sententia,
3162 3964 3546 4048 copioseque
3588 3962 3719 4027 illis
3761 3966 4195 4046 exposuerint,
4240 3986 4356 4031 cur

2407 4075 2543 4118 nou
2598 4051 2852 4135 possint
2906 4072 3026 4134 per
3082 4051 3303 4115 omnia
3358 4049 3730 4115 consentire
3788 4051 3855 4114 in
3921 4054 4353 4134 sequestrium

2405 4160 2554 4205 cum
2598 4138 2757 4222 ipsis
2795 4138 3217 4202 sententiam:
3256 4142 3598 4218 praeterea
3641 4135 3961 4200 miserunt
3993 4136 4239 4221 legatos
4281 4138 4353 4202 in

2406 4224 2629 4290 omnia
2650 4222 2891 4308 oppida
2911 4243 3046 4299 sua,
3070 4223 3139 4287 in
3176 4241 3403 4285 omues
3432 4221 3778 4286 comitatus
3802 4230 3868 4284 et
3892 4224 4357 4305 praefecturae,

2404 4309 2772 4393 habitisque
2813 4310 2883 4374 in
2928 4309 3088 4375 urbe
3132 4313 3200 4373 et
3242 4327 3401 4390 agro
3446 4307 3750 4370 maximis
3792 4306 4110 4385 coetibus,
4157 4327 4356 4390 expo-

2405 4404 2690 4461 suerunt
2731 4394 3031 4461 omnibus
3068 4392 3225 4477 quid
3249 4401 3468 4459 actum
3504 4392 3683 4456 sitin
3708 4412 3906 4457 causa
3928 4392 4355 4470 Locarnensi,

2403 4502 2526 4547 cur
2567 4481 2937 4548 consentire
2982 4479 3330 4556 noluerint,
3375 4477 3530 4560 quid
3573 4476 3843 4560 periculi
3889 4478 3991 4543 sit.
4048 4479 4141 4544 Et
4182 4478 4354 4562 quod

2404 4567 2647 4632 mirum
2713 4576 2847 4646 est,
2915 4564 3264 4633 concordes
3346 4561 3551 4628 veluti
3610 4584 3693 4627 ex
3749 4583 3882 4628 uno
3940 4584 4051 4629 ore
4108 4586 4353 4644 omnes,

2401 4655 2468 4718 151
2603 4654 2658 4719 is
2700 4652 2967 4717 interim
3012 4672 3054 4717 a
3110 4672 3180 4716 se
3224 4647 3571 4716 itineribus
3632 4648 3968 4728 distantes,
4027 4659 4102 4714 ut
4160 4671 4351 4716 nemo

2401 4673 2757 4823 queffinuam
2811 4736 2892 4802 de
2950 4735 3381 4823 syncretismo
3426 4734 3531 4800 vel
3591 4735 3906 4816 suspicari
3966 4736 4190 4819 possit,
4246 4757 4349 4801 re·

2400 4845 2565 4910 spon
2610 4832 2833 4890 erunt:
2880 4823 3151 4891 Placere
3194 4821 3316 4888 sibi
3353 4842 3436 4887 ex
3481 4818 3719 4897 animo,
3764 4817 3935 4903 quod
3971 4820 4235 4887 stabiles
4278 4822 4351 4887 in

2398 5079 2636 5135 20901
2710 5079 2784 5133 Ν.
2819 5077 2975 5134 2080.

2604 5146 2640 5201 2
2702 5148 2832 5203 Scis.
2873 5188 2885 5202 .
2923 5190 2936 5204 .
2975 5187 2987 5200 .
3025 5147 3349 5203 absolutum.
3446 5147 3604 5201 Haec
3645 5161 3682 5200 a
3729 5146 3876 5202 Besa
3933 5147 4231 5203 eumaem
4286 5147 4349 5201 in

2395 5216 2521 5274 edd.
2552 5232 2665 5272 aon
2700 5216 2722 5270 1
2861 5223 2965 5272 tur.
3040 5216 3318 5271 Caeterum
3354 5215 3422 5281 cf.
3460 5215 3528 5270 N
3526 5258 3537 5269 .
3573 5214 3731 5272 2078.

2604 5284 2666 5353 3)
2749 5286 2791 5353 f.
2829 5287 2905 5341 N.
2940 5284 3079 5341 2064
3113 5301 3238 5356 seqq
3271 5290 3365 5340 etc.
3438 5284 3586 5339 Edd.
3623 5285 3848 5341 habent.-
3902 5283 4190 5340 Nostrates
4224 5301 4347 5339 cum

2396 5354 2846 5411 Lomenaibun.

3831 5437 3931 5494 25·
