4850 6200
365 437 486 499 461

363 632 577 691 morte
617 624 1011 709 pientissimi
1042 622 1247 709 Regis
1281 620 1578 689 Eduardi
1620 620 1840 705 (cuius
1879 621 2200 688 memoria
2239 622 2312 687 in

367 709 815 779 benedictione
876 713 1024 793 est),
1085 710 1155 774 in
1211 720 1390 775 tuam
1445 706 1759 775 ditionem
1821 706 2146 773 venissem
2162 758 2179 787 ,
2237 714 2312 775 ut

365 795 648 863 nobilem
716 795 1042 880 quendam
1121 795 1386 862 affinem
1463 814 1682 861 meum
1759 794 2133 873 inviserem,
2197 792 2312 877 qui

367 880 615 966 aliquot
655 893 807 948 ante
849 880 1185 947 mensibus
1228 890 1298 946 et
1338 883 1479 967 ipse
1522 903 1605 946 ex
1648 878 1876 947 eadem
1912 878 2311 963 dispersione

365 968 439 1035 in
493 969 762 1053 refflone
817 977 935 1033 tua
985 967 1068 1033 ad
1138 976 1274 1033 tem
1318 989 1398 1034 us
1458 964 1871 1045 consederat,
1927 974 2114 1030 tanta
2162 984 2309 1029 sum

365 1053 778 1120 humanitate
815 1076 857 1120 a
896 1052 1075 1120 claro
1118 1075 1204 1137 qu
1333 1075 1396 1118 m
1421 1053 1584 1133 viro,
1626 1050 1740 1136 qui
1781 1050 1903 1117 tibi
1938 1060 2039 1117 est
2080 1071 2121 1115 a
2162 1069 2313 1116 con-

365 1138 530 1207 siliis
573 1150 643 1206 et
676 1161 760 1205 ex
804 1138 1109 1207 ecclesiae
1146 1149 1296 1204 tuae
1329 1139 1693 1223 praefectis,
1729 1148 2060 1221 exceptus,
2097 1148 2168 1201 ut
2203 1157 2310 1201 me

366 1247 496 1292 non
540 1227 766 1292 minus
807 1225 1062 1291 felicem
1107 1225 1551 1290 existimarem
1601 1243 1792 1308 quam
1837 1224 1894 1290 si
1948 1222 2021 1288 in
2067 1232 2311 1288 terram

365 1310 544 1378 illam
611 1312 1060 1396 promissionis
1135 1312 1571 1377 accessissem.
1689 1310 1959 1375 Etenim
2024 1308 2146 1374 hoc
2211 1307 2308 1373 illi

367 1398 812 1464 testimonium
856 1396 1189 1482 perhibes,
1233 1397 1292 1461 si
1335 1394 1480 1462 fieri
1513 1398 1850 1480 potuisset,
1891 1394 2112 1461 oculos
2154 1415 2308 1461 suos

367 1484 633 1551 effossos
675 1482 840 1549 mihi
886 1483 1192 1549 daturum
1236 1484 1454 1548 fuisse.
1543 1480 1615 1547 Is
1648 1489 1870 1547 autem
1905 1492 1972 1545 te
2012 1480 2307 1564 principe

364 1570 792 1654 pollicebatur
834 1569 1129 1634 futurum
1152 1568 1471 1652 optimum
1496 1567 1674 1633 illius
1697 1566 2005 1634 ecclesiae
2039 1574 2306 1646 statum,

408 1654 764 1723 raeclaram
807 1656 945 1721 fore
982 1655 1496 1732 universitatem,
1545 1653 1718 1719 viros
1754 1652 2147 1719 clarissimos
2182 1674 2307 1717 uu·

363 1677 556 1827 dique
622 1741 1046 1807 adventuros:
1116 1739 1397 1824 denique
1472 1739 1693 1805 omnia
1765 1739 1939 1804 laeta
1996 1758 2311 1821 prospera

364 1828 576 1894 felicia
641 1825 1222 1893 denunciabantur.
1334 1824 1466 1893 Sed
1537 1824 1786 1891 exactis
1846 1824 2098 1908 aliquot
2159 1844 2310 1890 cum

365 1915 557 1980 affine
621 1935 767 1979 meo
834 1910 1383 1991 hebdomadibus,
1450 1932 1651 1995 quum
1717 1910 1899 1976 illinc
1980 1908 2310 1976 discedere

363 2000 737 2085 cogitarem,
794 2008 871 2064 ut
924 1999 1450 2064 florentissimam
1499 1996 1748 2063 Christi
1796 1996 2136 2063 ecclesiam
2182 1995 2309 2061 Ge·

362 2107 715 2151 nevensem
760 2096 826 2151 et
869 2084 1032 2150 alias
1077 2085 1325 2150 vicinas
1368 2085 1742 2160 inviserem,
1788 2081 1961 2148 idem
2006 2083 2147 2166 ipse
2191 2105 2308 2147 no·

365 2171 511 2238 bilis
553 2171 659 2237 vir
700 2178 768 2237 et
810 2171 1119 2237 ecclesiae
1142 2180 1295 2236 tuae
1337 2171 1747 2254 praepositus
1785 2191 1888 2234 me
1932 2169 2194 2254 rogavit
2235 2178 2310 2233 ut

361 2255 598 2324 ibidem
667 2256 1117 2324 Excellentiae
1173 2264 1323 2321 tuae
1390 2254 1747 2322 adventum
1803 2255 2110 2340 operirer.
2227 2252 2306 2319 Id

361 2345 381 2408 i
461 2365 572 2409 um
632 2344 785 2410 fecit
838 2354 905 2409 et
959 2341 1388 2409 cancellariae
1453 2354 1601 2407 tuae
1666 2341 1895 2421 scriba,
1962 2362 2112 2408 cum
2179 2360 2309 2424 quo

361 2366 574 2514 ffiquo
641 2429 748 2494 die
813 2430 879 2494 in
947 2428 1152 2512 ipsius
1216 2431 1344 2493 iam
1413 2427 1569 2494 dicti
1635 2426 1987 2511 praepositi
2041 2425 2308 2493 aedibus

361 2536 640 2600 pransus
695 2514 966 2590 fueram,
1021 2536 1157 2579 una
1208 2535 1356 2579 cum
1420 2514 1880 2579 iurisconsulto
1933 2512 2306 2578 doctissimo

361 2601 597 2669 Oarolo
635 2600 969 2667 Molinaeo.
991 2602 1048 2678 ²)
1103 2601 1394 2665 Tandem
1441 2600 1670 2665 eadem
1716 2599 1795 2664 de
1838 2621 2038 2665 causa
2071 2600 2307 2664 missus

361 2687 440 2752 ad
504 2709 612 2753 me
677 2687 869 2753 venit
928 2686 1245 2752 honestus
1308 2707 1384 2753 ac
1427 2686 1667 2770 probus
1733 2686 1839 2751 vir
1901 2686 2227 2769 θοονρίοιε,
2249 2687 2305 2761 ⁸)

359 2773 531 2839 illius
575 2773 884 2839 ecclesiae
923 2781 1144 2856 pastor
1187 2776 1255 2838 in
1298 2792 1427 2855 qua
1462 2771 1801 2837 habitabat
1845 2772 2060 2836 affinis
2096 2791 2303 2835 meus.

362 2858 483 2926 Cui
518 2860 831 2943 quoniam
876 2879 1042 2942 quae
1087 2881 1127 2924 a
1183 2880 1289 2923 me
1342 2857 1736 2941 petebantur
1791 2856 2115 2941 denegare
2176 2877 2305 2921 non

357 2954 669 3029 poteram,
714 2948 925 3010 mansi
972 2946 1040 3010 in
1086 2944 1202 3009 illa
1235 2957 1351 3009 tua
1384 2943 1629 3009 ditione
1670 2944 1936 3026 pacifice
1970 2942 2305 3007 mensibus

357 3031 665 3116 quinque,
684 3028 742 3118 ⁴)
786 3052 921 3096 non
964 3032 1106 3097 sine
1155 3030 1405 3110 fructu,
1464 3038 1540 3094 ut
1592 3049 1814 3114 spero,
1873 3039 1939 3094 et
1994 3027 2304 3094 utilitate:

357 3117 906 3202 quemadmodum
953 3118 1178 3185 testari
1222 3125 1530 3201 poterunt
1586 3137 1812 3183 omnes
1867 3114 2091 3182 fideles
2127 3115 2306 3181 illius

359 3215 506 3271 tuae
545 3204 864 3271 ecclesiae
885 3204 1192 3280 ministri,
1238 3211 1554 3287 quotquot
1588 3202 1716 3269 Dei
1757 3203 1970 3287 gratia
2011 3199 2303 3266 nondum

355 3289 621 3360 fuerunt
767 3289 1250 3357 rniciosissimis
1314 3288 1648 3355 erroribus
1711 3289 1958 3372 impuri
2027 3287 2306 3355 Martini

355 3374 558 3443 Bellis·
600 3379 692 3441 im
738 3378 836 3443 uti
880 3384 948 3442 et
989 3375 1310 3442 fascinati.
1332 3376 1388 3454 ³)
1441 3373 1690 3442 Omnes
1725 3375 1873 3440 illos
1918 3382 1986 3440 et
2027 3371 2109 3440 de
2154 3373 2304 3440 doc-

357 3462 533 3529 trina
582 3484 731 3529 mea
795 3472 863 3528 et
914 3461 1407 3529 conversatione
1471 3461 1542 3526 in
1619 3461 1900 3528 veritate
1956 3467 2025 3526 et
2086 3478 2305 3526 coram

354 3549 519 3701 m
565 3551 623 3615 si
665 3557 1002 3633 rogentur,
1047 3556 1308 3632 paratos
1361 3567 1504 3614 esse
1546 3546 1802 3614 confido
1856 3547 2304 3613 testimonium

516 3657 646 3701 ere.

521 3722 657 3788 Hic
712 3720 877 3786 mihi
944 3720 1215 3787 forsitan
1271 3719 1534 3787 obiiciet
1589 3719 1664 3785 T.
1725 3717 1799 3785 O.
1855 3739 2000 3785 esse
2056 3718 2166 3803 qui
2224 3717 2305 3784 de

355 3829 459 3874 me
524 3807 719 3872 aliter
782 3807 1107 3873 sentiant.-
1171 3805 1341 3891 quod
1406 3827 1539 3871 non
1603 3805 1848 3872 infitias
1911 3825 2007 3870 eo.
2128 3802 2306 3870 Sunt

351 3894 546 3973 enim,
592 3891 708 3958 sed
751 3895 958 3976 pauci.
1018 3890 1144 3958 Oui
1186 3892 1365 3958 enim
1401 3891 1654 3959 viventi
1696 3891 1975 3974 contigit
2011 3909 2301 3973 unquam

351 3977 434 4044 ab
487 3977 793 4045 omnibus
846 3978 1129 4062 probari,
1186 3978 1488 4043 omnibus
1543 3975 1848 4060 placere?
1945 3974 2199 4041 Verum
2245 3975 2302 4041 si

352 4064 427 4132 O.
470 4065 544 4131 Τ.
593 4063 877 4143 libuerit,
916 4065 1111 4130 huius
1152 4063 1286 4128 odii
1328 4063 1650 4148 originem
1696 4060 1874 4146 (odio
1918 4061 2112 4140 enim,
2167 4081 2304 4126 non

351 4150 493 4218 zelo
573 4149 712 4216 ullo
797 4148 1112 4216 laudabili
1191 4149 1548 4232 ducuntur)
1627 4147 1817 4214 facile
1883 4146 2303 4213 intellexerit.

351 4237 488 4320 Qui
541 4237 624 4303 de
687 4256 795 4303 me
848 4237 942 4303 ita
1006 4237 1301 4303 sentiunt
1319 4288 1334 4315 ,
1402 4235 1640 4321 quique
1704 4232 1885 4299 falsis
1949 4231 2301 4299 calumniis

375 4413 676 4422 ————----——

556 4544 620 4611 2)
659 4545 827 4600 ιι...
866 4545 1028 4600 uaso
1073 4544 1323 4614 ruma
1355 4543 1546 4599 nim
1579 4542 2032 4611 Aroes-comtum,
2080 4540 2301 4608 Dotem,

350 4612 1506 4738 wuwuma.
1601 4609 2305 4667 Vannio-amasti

2122 436 2284 499 1555
2327 433 2609 505 HAROE.

4231 438 4358 515 462

2413 642 2606 689 aures
2663 631 2812 689 tuas
2879 621 3527 707 consiliariorumqne
3592 629 3851 689 tuorum
3919 623 4359 707 repleverunt,

2414 708 2487 775 hi
2549 720 2709 775 sunt
2770 709 2882 792 qui
2945 708 3242 787 Bellium,
3308 707 3388 773 de
3431 729 3560 792 quo
3624 709 3817 792 paulo
3881 724 4062 790 ante,
4126 710 4363 777 Servati

2415 794 2728 861 haeretici
2770 794 3243 879 perniciossimi
3300 795 3623 860 fautorem
3676 796 3745 859 in
3790 796 4132 863 ecclesiam
4174 806 4362 865 tuam

2410 881 2812 949 invexerunt
2853 892 2922 945 et
2951 880 3163 947 literis
3204 880 3287 945 ad
3343 881 3588 947 amicos
3628 890 3696 945 et
3753 881 4091 948 minist-ros
4141 882 4360 950 missis

2410 965 2984 1033 commendarunt:
3070 966 3183 1050 qui
3257 965 3406 1033 alba
3476 977 3663 1033 veste
3731 965 4053 1033 candidati
4132 991 4362 1035 omnes

2411 1051 2575 1118 alios
2619 1053 2759 1118 suis
2802 1052 3135 1118 erroribus
3178 1073 3311 1118 non
3370 1051 3851 1119 consentientes
3908 1062 4355 1120 contemnunt.

2409 1139 2632 1222 Atque
2679 1137 2769 1215 hi,
2806 1160 2882 1204 eo
2923 1139 3064 1221 ipso
3107 1137 3213 1203 die
3248 1159 3375 1223 quo
3418 1136 3546 1203 huc
3601 1139 3890 1222 primum
3938 1140 4106 1219 veni,
4170 1140 4359 1206 vultu

2410 1225 2573 1291 satis
2647 1222 3061 1291 declararunt
3139 1245 3335 1307 quam
3399 1245 3634 1310 parum
3703 1236 3931 1309 gratus
3997 1235 4171 1291 esset
4224 1226 4357 1291 illis

2410 1309 2737 1376 adventus
2776 1331 2977 1376 meus.
3080 1309 3401 1376 Exsulem
3443 1310 3619 1376 enim
3663 1332 3769 1377 me
3826 1321 3895 1377 et
3936 1313 4358 1396 peregrinum

2410 1395 2722 1463 ecclesiae
2764 1396 2920 1462 olim
2962 1396 3340 1461 ministrum
3384 1397 3497 1461 vix
3543 1395 3793 1479 dignati
3846 1406 4000 1463 sunt
4058 1397 4356 1480 alloquio,

2411 1483 2527 1550 vix
2571 1483 2901 1561 societate,
2944 1482 3062 1547 vix
3107 1482 3710 1548 communicatione.

2580 1569 2744 1636 Post
2787 1567 2925 1634 dies
2970 1580 3189 1633 autem
3234 1567 3479 1650 aliquot
3523 1591 3605 1632 ex
3649 1589 3877 1635 eorum
3916 1580 4096 1638 secta
4138 1572 4357 1636 insur-

2412 1656 2585 1720 rexit
2628 1654 2892 1739 quidam
2934 1652 3206 1719 Iacobus
3253 1653 3540 1733 GetheuS,
3566 1658 3617 1729 ⁸)
3661 1654 3856 1721 homo
3955 1656 4104 1722 lane
4162 1655 4356 1738 phre-

2411 1744 2627 1806 netica
2652 1740 2940 1815 audacia,
2985 1740 3099 1823 qui
3122 1751 3433 1822 tanquam
3464 1740 3696 1805 Ser-veti
3720 1761 3794 1805 ac
3818 1740 3915 1807 Be
3966 1743 4018 1807 ii
4041 1756 4358 1824 patronus

2413 1848 2529 1892 seu
2571 1826 3087 1912 paranymphus,
3132 1826 3203 1890 in
3248 1825 3445 1891 Remi
3489 1824 3748 1892 laudem
3797 1827 4171 1895 dulcissima
4213 1847 4356 1894 car-

2412 1912 2594 1978 mina
2636 1911 2982 1979 decantare
3013 1911 3246 1995 coepit,
3292 1912 3524 1994 quibus
3559 1915 3957 1997 peregrinos,
4004 1915 4115 1997 qui
4147 1934 4357 1995 nuper

2413 2000 2481 2064 in
2556 1998 2737 2063 illam
2819 2021 2889 2063 re
2939 1998 3149 2063 ‘onem
3225 2008 3578 2076 venerant,
3645 1996 3729 2063 ad
3803 1999 4007 2066 Bellis·
4066 2018 4357 2065 amorem

2410 2084 2764 2169 pelliceret.
2966 2083 3062 2148 los
3148 2094 3365 2149 autem
3444 2105 3599 2150 suos
3690 2084 4033 2151 mellifluos
4123 2106 4355 2151 versus

2411 2169 2690 2238 candida
2731 2170 2934 2236 Bellis·
2977 2176 3159 2235 veste
3203 2168 3475 2235 indutus
3520 2170 3754 2236 nobilis
3798 2170 3908 2236 ille
3952 2172 4356 2237 versificator

2413 2278 2544 2322 una
2586 2279 2733 2322 cum
2781 2255 2980 2322 Bellii
3024 2254 3187 2320 libro
3233 2254 3539 2340 legendos
3584 2255 3886 2321 exhibuit
3943 2256 4194 2321 cuidam
4247 2256 4354 2341 pio

2410 2344 2721 2409 ecclesiae
2741 2343 3059 2421 ministro,
3106 2363 3384 2425 eumque
3408 2340 3740 2407 blanditiis
3775 2340 4352 2426 pollicitationibus

2410 2440 2477 2495 et
2520 2429 2841 2494 maiorum
2887 2428 3232 2493 autoritate
3286 2430 3353 2492 in
3399 2449 3585 2492 snam
3645 2430 4035 2494 sententiam
4093 2429 4352 2494 allicere

2411 2516 2709 2581 tentavit.
2798 2513 2992 2595 Quod
3041 2522 3110 2577 ut
3152 2512 3553 2580 commodius
3613 2514 3856 2578 faceret
3912 2513 4229 2579 doctiores
4285 2524 4355 2579 et

2408 2602 2693 2684 potiores
2738 2601 2928 2666 istius
2973 2600 3278 2666 ecclesiae
3322 2599 3661 2665 ministros
3681 2603 3738 2675 ⁷)
3784 2604 4092 2682 (quorum
4139 2599 4351 2664 nomi-

2411 2686 2605 2752 nibus
2650 2691 2872 2770 parco)
2916 2687 3050 2751 suis
3096 2686 3316 2751 favere
3361 2684 3654 2769 partibus
3698 2684 4027 2751 narrabat.
4130 2689 4352 2768 Atque

2410 2772 2533 2838 hac
2576 2773 2910 2839 occasione
2967 2792 3199 2855 parum
3243 2770 3455 2837 abfuit
3508 2771 3668 2855 quin
3720 2770 3833 2836 ille
3891 2772 4036 2854 pius
4095 2768 4351 2837 Christi

2409 2881 2638 2925 servus
2680 2859 2747 2923 iu
2792 2858 3163 2923 Bellianum
3209 2878 3496 2922 errorem
3543 2856 3862 2923 adductus
3904 2856 4120 2922 fuerit.
4180 2854 4351 2937 Quis

2410 2946 2586 3009 enim
2634 2966 2761 3010 non
2800 2943 2989 3010 facile
3053 2945 3122 3008 in
3182 2964 3293 3008 eas
3359 2951 3578 3027 partes
3633 2941 3956 3021 trahatur,
4016 2965 4055 3008 a
4112 2941 4351 3027 quibus

2409 3050 2701 3097 summos
2743 3029 3258 3113 excellentesque
3304 3028 3478 3095 viros
3521 3037 3591 3093 et
3630 3029 3888 3113 magnis
3932 3028 4190 3095 dotibus
4245 3029 4349 3094 in·

2407 3116 2630 3201 signes
2663 3126 2840 3184 stare
2883 3115 3145 3184 videat?
3232 3115 3453 3201 Igitur
3502 3114 3790 3194 Getheus,
3877 3136 4035 3182 uum
4080 3135 4348 3201 persua-

2408 3225 2554 3269 sum
2601 3203 2871 3271 haberet
2911 3224 3155 3269 novum
3198 3202 3321 3269 sibi
3362 3201 3767 3287 proselytum
3874 3203 4132 3268 venisse
4166 3222 4349 3268 eum·

2450 3312 2534 3355 ue
2574 3289 2784 3355 modis
2829 3289 3130 3356 omnibus
3173 3288 3470 3355 studeret
3515 3309 3588 3354 se
3631 3286 3827 3371 duplo
3871 3288 4157 3373 peiorem
4201 3283 4348 3352 red-

2408 3311 2581 3451 dere,
2617 3376 2733 3441 illo
2776 3377 3126 3443 comitatus
3147 3379 3182 3414 ¹⁵
3224 3385 3534 3459 tanquam
3579 3375 3905 3458 armigero
3949 3376 4114 3458 (non
4157 3372 4350 3438 aliter

2408 3481 2485 3526 ac
2549 3460 2847 3529 Getheus
2900 3462 3013 3527 ille
3071 3460 3534 3527 incircuncisus
3554 3463 3606 3536 ⁸)
3675 3459 3760 3525 ad
3815 3480 3935 3526 nos
3991 3457 4348 3538 descendit,

2407 3556 2590 3614 ratus
2645 3559 2869 3632 aperto
2926 3548 3162 3626 Marte,
3228 3545 3295 3612 id
3358 3555 3480 3627 est,
3546 3553 4085 3629 argumentorum
4149 3546 4220 3611 vi
4284 3557 4351 3610 et

2406 3634 2592 3718 copia
2633 3641 2826 3718 atque
2870 3632 3390 3700 doctissimorum
3425 3632 3713 3698 virorum
3758 3631 4129 3710 autoritate,
4187 3651 4351 3715 quos

2407 3740 2628 3786 secum
2672 3719 2914 3785 sentire
2936 3719 3324 3797 affirmabat,
3367 3724 3434 3784 et
3471 3738 3577 3782 me
3622 3728 3691 3782 et
3725 3739 3950 3784 omnes
3992 3717 4105 3800 qui
4126 3715 4348 3783 nobis-

2405 3825 2555 3872 cum
2602 3803 2875 3871 aderant
2921 3825 3071 3871 cum
3126 3825 3245 3870 suo
3302 3805 3535 3872 comite
3595 3805 3661 3868 in
3717 3824 3902 3869 suam
3953 3804 4349 3869 sententiam

2406 3890 2861 3958 adducturum.
2961 3888 3094 3957 Sed
3154 3912 3353 3974 quum
3409 3889 3478 3955 in
3523 3901 3796 3973 utroque
3855 3911 3888 3954 s
4028 3910 4147 3954 sua
4204 3888 4347 3954 fru-

2405 3986 2655 4043 stratus
2710 3985 2897 4051 esset,
2953 3986 3030 4042 ut
3076 3975 3242 4041 nihil
3300 3974 3381 4039 ad
3437 3995 3623 4042 suam
3674 3974 3853 4058 impu
3903 3974 4151 4040 entiam
4194 3971 4350 4040 addi

2404 4071 2642 4147 posset,
2687 4063 2977 4146 primum
2998 4062 3229 4145 coepit,
3272 4070 3349 4127 ut
3381 4061 3548 4127 alter
3578 4060 3870 4141 Goliath,
3908 4061 4196 4128 ecclesiis
4218 4059 4345 4128 Dei

2403 4169 2572 4232 quae
2628 4158 2786 4214 sunt
2837 4150 2905 4214 in
2950 4148 3262 4214 Helvetia
3305 4158 3371 4213 et
3414 4146 3749 4213 Sabaudia
3799 4146 4133 4225 insultare,
4193 4166 4346 4212 san-

2495 4234 2741 4300 inarias
2805 4235 3128 4313 vocitans,
3209 4254 3372 4318 quae
3435 4233 3620 4316 pium
3684 4232 3872 4300 illum
3938 4240 4041 4310 (ut
4103 4231 4346 4309 aiebat)

2559 4326 2724 4386 etum
2798 4320 3041 4386 iniusta
3108 4328 3318 4386 morte
3390 4319 3828 4385 damnassent.
3936 4317 4062 4384 Oui
4142 4336 4345 4401 quum

2400 4404 2904 4489 respondissem,
2962 4428 3094 4472 non
3152 4427 3295 4472 esse
3352 4419 3649 4470 nostrum
3708 4403 4044 4488 disputare
4091 4404 4348 4468 iustene

2401 4511 2487 4558 an
2508 4492 2748 4559 iniuste
2768 4493 2856 4559 sit
2875 4492 3067 4559 morti
3090 4489 3516 4569 adiudicatus,
3540 4492 3825 4556 maxime
3859 4510 4057 4573 quum
4092 4495 4350 4554 constet

2400 4577 2591 4643 illum
2637 4578 2767 4643 iam
2824 4601 2865 4644 a
2922 4578 3161 4663 viginti
3218 4578 3410 4644 annis
3464 4576 3773 4644 ecclesiae
3827 4573 4227 4659 praeiudicio
4272 4583 4348 4639 ut

2401 4662 3023 4748 perniciosissimum
3058 4663 3460 4730 haereticum
3496 4661 3875 4728 damnatum
3893 4687 3911 4724 .-
3963 4661 4184 4725 statim
4231 4679 4344 4723 ve-

555 4750 621 4818 s)
658 4751 924 4807 Formae
972 4749 1043 4807 o.
1089 4749 1354 4818 Dua-ont,
1409 4752 1619 4821 viam
1664 4748 1893 4804 Interim
1935 4748 2204 4805 oetaeum
2235 4748 2301 4802 en

352 4820 1007 4888 Bm‚Aua··noom-e,
1056 4817 1771 4887 VanaonoourtDolaeta

540 4887 2300 5014 mademmnoaquo,nsquedetminoadqam

463 4997 1430 5152 amatium&
1461 5024 2299 5150 wmw*

347 5104 528 5234 ‘feisse
563 5112 807 5249 :igi-w·
836 5167 995 5220 nobit
1033 5164 1444 5235 mundemus.
1517 5094 1833 5245 &uetuerat
1871 5100 2206 5218 cami-'1⁸53‘
2208 5109 2303 5244 ’ἷᾶ

350 5233 1457 5428 QWWWAE‘
1491 5247 1625 5371 31⁸³
1607 5231 2301 5369 ΝὛωὲῗέοῗὲἲᾬὲ

2607 4953 2667 5020 6)
2709 4953 2853 5021 Gen,
2974 4950 4344 5021 ‘dinsnmtmdminmmtsln-

2401 5025 2556 5079 terim
2590 5025 2753 5079 etiam
2785 5024 2846 5078 0⁰2⁸
2875 4969 3152 5090 mmo-t,
3202 5023 3402 5078 Valere
3438 5028 3491 5103 qt
3527 5021 3599 5076 Gt
3672 5060 3685 5075 .
3753 5019 3993 5089 (Goquel
4021 5019 4199 5103 pfl.
4232 5018 4349 5104 48.)

2401 5090 3667 5244 Saxasszwtazatsza.
3739 5094 4349 5214 mmmmm

2401 5236 2455 5286 et
2491 5230 2750 5287 Calenam
2775 5236 3003 5299 patrous
3034 5229 3277 5295 fuerunt.

2608 5298 2668 5364 7)
2705 5297 2797 5352 Aa
2834 5297 3215 5354 Benacenses?

2608 5367 2671 5432 8)
2712 5365 2936 5422 Goliam
2968 5383 3035 5422 ex
3066 5366 3271 5436 oppido
3306 5362 3469 5423 aaa».
