4850 6200
344 410 459 475 305

338 597 541 665 sitam.
631 593 740 661 Ad
780 592 944 660 haec
983 613 1120 661 non
1159 593 1511 677 quadraret
1548 591 1850 660 libellum
1888 593 2280 661 nominatim

339 681 525 766 dirigi
581 681 656 746 in
710 701 864 746 eum
915 680 1102 747 cuius
1159 679 1335 748 dicta
1386 678 1712 763 quaedam
1767 678 1977 747 obiter
2019 689 2278 747 tantum

431 768 445 780 ’
581 818 596 831 .
688 765 860 831 Nam
902 764 1160 849 amplus
1215 764 1540 851 gloriandi
1590 786 1860 849 campus
1903 766 1966 831 ei
2006 774 2277 850 pateret,

337 874 463 919 non
507 853 711 919 fuisse
753 851 877 918 sibi
919 873 1322 935 responsum.
1410 852 1783 918 Praestabit
1824 851 2029 937 igitur
2072 851 2278 938 digito

338 943 422 1007 sic
471 939 853 1015 monstrari,
910 950 985 1002 ut
1039 938 1113 1003 in
1168 938 1458 1004 medium
1517 937 1897 1021 prodeundo
1953 939 2150 1004 anxie
2203 940 2277 1004 in

336 1028 468 1110 ipso
533 1027 836 1109 ingressu
910 1023 1176 1090 laboret.
1285 1023 1520 1107 Itaque
1594 1023 1751 1107 quid
1816 1022 1896 1089 de
1959 1022 2203 1090 tabulis
2217 1028 2274 1103 ⁴)

333 1109 657 1196 agendum
701 1112 805 1185 sit,
851 1109 1096 1187 dubito,
1144 1109 1296 1193 quia
1341 1131 1584 1188 vereor,
1634 1131 1716 1175 66
1758 1130 1995 1194 parum
2039 1111 2277 1177 rationi

335 1208 836 1264 consentaneum
896 1197 982 1261 sit
1033 1217 1235 1280 quum
1291 1195 1445 1273 alia,
1501 1196 1634 1262 imo
1689 1204 1896 1262 totam
1951 1217 2277 1262 summam

336 1284 620 1349 breviter
663 1302 1060 1365 percurram,
1117 1282 1438 1365 copiosius
1481 1282 1551 1346 in
1595 1303 1725 1348 666
1767 1281 2041 1348 61616616
2082 1282 2278 1349 insis-

335 1386 485 1435 tere.
575 1367 832 1433 Verum
887 1370 946 1433 si
1002 1365 1378 1435 commodus
1431 1366 1613 1435 16666
1673 1388 1745 1433 66
1810 1369 2070 1445 offeret,
2138 1389 2281 1434 rem

335 1466 552 1522 vestro
595 1453 866 1519 arbitrio
909 1455 1233 1536 permitto.
1323 1452 1557 1520 Solum
1614 1453 1960 1520 ostendere
2016 1454 2277 1537 placuit,

337 1542 454 1606 nisi
502 1541 702 1625 plena
733 1539 884 1606 libri
930 1538 1237 1606 refutatio
1271 1538 1342 1604 in
1378 1537 1666 1605 medium
1708 1539 1999 1624 prodeat,
2045 1540 2125 1605 de
2160 1540 2279 1605 ho-

334 1628 506 1692 mine
551 1638 620 1691 et
666 1626 807 1691 eius
850 1626 1117 1710 ineptiis
1157 1646 1373 1709 parce,
1417 1636 1486 1690 et
1518 1623 1784 1707 quidem
1819 1628 2081 1691 nomine
2124 1647 2280 1709 sup·

333 1733 574 1796 press0,
620 1710 830 1778 videri
863 1712 1028 1777 mihi
1072 1710 1436 1778 dicendum.
1524 1710 1678 1777 Fiet
1720 1712 1920 1777 etiam
1953 1711 2118 1777 forte
2159 1711 2282 1778 hoc

331 1798 541 1875 modo,
591 1819 676 1864 66
715 1808 854 1862 tam
897 1797 1086 1863 facile
1130 1798 1380 1865 vicinos
1422 1797 1493 1862 in
1537 1795 1692 1863 belli
1736 1797 2115 1863 societatem
2158 1798 2280 1863 im-

332 1884 550 1968 pellat,
597 1904 760 1967 quos
805 1883 1036 1967 procul
1078 1882 1275 1949 dubio
1318 1884 1598 1949 clamose
1640 1894 2019 1960 accerseret,
2063 1884 2121 1950 si
2165 1904 2283 1949 no-

333 1972 506 2036 mine
555 1982 730 2036 esset
771 1970 1131 2036 lacessitus.

499 2058 608 2122 De
655 2056 924 2122 Luthero
943 2060 996 2138 5)
1054 2056 1214 2121 66616
1273 2056 1510 2121 fuisset
1565 2076 1672 2120 me
1729 2076 1857 2120 uno
1903 2056 2100 2121 verbo
2144 2077 2282 2122 mo-

333 2144 486 2208 neri.
583 2142 811 2225 Neque
856 2142 1031 2207 enim
1076 2162 1182 2207 me
1223 2141 1403 2220 latet,
1449 2148 1852 2224 quantopere
1896 2142 1965 2207 in
2010 2163 2129 2207 nos
2177 2143 2282 2207 in·

333 2230 632 2295 sanierit:
687 2248 899 2312 neque
945 2229 1255 2293 memoria
1297 2224 1677 2293 exciderant
1720 2248 1886 2309 quae
1925 2229 1994 2292 in
2038 2230 2099 2293 A
2148 2227 2281 2293 olo·

331 2315 436 2399 gia
484 2328 710 2381 vestra
755 2314 903 2399 legi,
948 2335 1159 2397 neque
1202 2313 1365 2378 mihi
1409 2312 1488 2377 de
1533 2312 1896 2379 venerabili
1941 2322 2009 2379 66
2052 2336 2090 2379 a
2137 2334 2281 2379 ora-

334 2401 442 2466 bili
523 2400 753 2465 altaris
817 2408 1229 2466 sacramento
1307 2400 1610 2483 ignotum
1676 2409 1819 2464 erat
1884 2408 2278 2483 portentum.

329 2486 462 2554 Sed
522 2508 729 2569 quum
775 2484 1035 2551 videam
1092 2486 1423 2550 hominem
1482 2485 1707 2550 nativa
1750 2484 1998 2568 alioqui
2041 2487 2280 2551 intem·

329 2576 503 2655 perie
553 2573 800 2637 elatum
848 2572 1012 2638 tales
1067 2592 1332 2654 spumas
1386 2591 1724 2648 evomere,
1769 2580 1964 2655 prout
2016 2569 2281 2637 aliunde

326 2673 468 2725 erat
515 2657 876 2741 impulsus,
936 2657 1207 2741 sepultis
1267 2656 1397 2722 illis
1441 2657 1984 2735 contentionibus,
2029 2657 2280 2741 sumpsi

325 2744 499 2828 quod
547 2744 633 2809 ad
679 2765 903 2828 pacem
949 2748 1163 2826 aptius
1205 2754 1364 2808 erat.
1442 2741 1820 2808 Prudenter
1863 2763 1978 2808 vos
2067 2742 2282 2808 uidem

326 2830 696 2897 cavendum
742 2851 883 2895 esse
929 2830 1297 2913 prospicitis
1353 2850 1435 2893 ne
1490 2828 1848 2893 adversarii
1890 2829 2034 2893 1666
2062 2830 2281 2895 666166

322 2920 390 2983 in
434 2940 556 2983 nos
605 2916 878 2981 irruant.
965 2916 1198 2999 Itaque
1254 2914 1466 2981 locum
1524 2914 1617 2981 sic
1676 2924 2038 2981 correctum
2096 2915 2280 2980 inve-

323 3005 537 3075 nietis,
591 3014 664 3067 ut
706 3003 900 3084 plane
945 3002 1128 3067 vobis
1173 3001 1474 3066 arrideat.

495 3089 596 3155 De
641 3086 1044 3155 confessione
1089 3093 1478 3173 Augustana
1523 3107 1638 3152 cur
1682 3106 1817 3152 666
1861 3085 2123 3170 penitus
2169 3107 2280 3151 vo-

322 3178 416 3243 bis
463 3176 824 3254 assentiar,
880 3175 1110 3259 optimi
1153 3175 1420 3250 fratres,
1481 3172 1703 3256 paucis
1749 3174 2048 3255 accipite:
2077 3171 2129 3254 θ)
2186 3171 2281 3239 Ut

322 3284 396 3328 66
438 3261 766 3346 prodierit
809 3260 1160 3336 aLuthero,
1206 3258 1378 3343 quod
1421 3259 1585 3324 mihi
1622 3281 1755 3324 non
1792 3269 1889 3324 est
1925 3258 2278 3341 probabile,

323 3348 736 3433 quorundam
797 3357 1018 3412 tamen
1076 3347 1338 3412 assidua
1394 3346 1812 3429 instigatione
1873 3343 2281 3409 Wormatiae

321 3436 632 3501 effectum
678 3445 779 3498 est
823 3445 898 3497 ut
943 3431 1214 3498 verbum
1259 3455 1339 3497 ex
1386 3431 1509 3498 hoc
1544 3431 1755 3514 capite
1800 3428 2098 3497 eraderet
2125 3430 2280 3495 Phi-

321 3521 555 3604 lippus.
652 3518 874 3600 Quum
918 3519 1120 3602 igitur
1163 3518 1380 3583 oblata
1422 3525 1595 3583 esset
1649 3538 1819 3584 nova
1863 3515 2089 3595 editio,
2150 3516 2280 3583 cla-

321 3609 651 3672 mitarunt
695 3606 1005 3688 papistae,
1051 3627 1171 3670 666
1207 3614 1272 3669 66
1314 3602 1744 3688 Zuinglianos
1789 3624 1931 3669 esse
1975 3611 2042 3669 et
2086 3604 2279 3670 falsa-

319 3693 463 3758 rios.
561 3692 850 3774 Magnus
894 3691 1230 3757 turbarum
1277 3697 1519 3768 metus,
1578 3709 1740 3772 quas
1782 3689 1965 3755 Deus
2009 3689 2281 3757 mirifice

319 3789 587 3861 praeter
630 3797 814 3860 spem
859 3775 1130 3842 sedavit.
1199 3775 1495 3842 Marchio
1540 3775 1715 3840 enim
1759 3775 2283 3858 Brandeburyius

317 3866 428 3949 qui
493 3873 659 3929 tunc
723 3862 877 3928 belli
943 3873 1167 3929 666616
1229 3863 1479 3927 'furcas
1545 3859 1815 3944 gerendi
1874 3860 2278 3943 provinciam

318 3949 680 4026 ambiebat,
747 3970 954 4014 unum
1012 3971 1095 4014 ex
1151 3946 1567 4030 Principibus
1623 3946 1993 4012 Anhaltinis
2051 3947 2278 4012 furtim

317 4035 399 4101 ad
453 4035 809 4101 Lutherum
868 4035 1052 4100 misit
1107 4035 1218 4117 qui
1286 4055 1417 4099 non
1478 4030 1666 4097 modo
1723 4034 1940 4115 ipsum
1997 4052 2036 4097 a
2091 4033 2277 4100 nobis

317 4123 753 4196 distraheret,
810 4120 924 4186 sed
981 4121 1119 4186 eius
1173 4121 1244 4184 16
1288 4141 1406 4185 666
1454 4119 1829 4185 violentiam
1875 4117 2273 4185 accenderet.

320 4208 528 4292 Atqui
576 4228 784 4273 unum
824 4207 947 4273 hoc
992 4206 1229 4272 saltem
1273 4205 1344 4269 in
1392 4205 1527 4271 vita
1570 4225 1691 4270 sua
1732 4203 1937 4270 edidit
1980 4204 2273 4271 modera-

317 4293 518 4361 tionis
589 4293 945 4377 specimen,
1011 4291 1183 4377 quod
1231 4291 1562 4376 proditore
1627 4290 1739 4357 illo
1797 4291 2016 4357 valere
2079 4291 2273 4369 iusso,

317 4380 461 4446 6166
505 4377 812 4445 fraudem
855 4389 921 4444 et
959 4379 1319 4462 nequitiam
1359 4375 1536 4442 ultro
1580 4376 1767 4443 nobis
1812 4374 2075 4442 detexit.
2165 4377 2275 4441 Ex

317 4464 572 4532 ordinis
632 4466 840 4531 nostri
908 4465 1278 4530 hominibus
1345 4463 1460 4547 qui
1523 4462 1830 4541 aderant,
1896 4484 2068 4529 unus
2134 4473 2276 4528 erat

320 4551 634 4618 Bromius
679 4550 934 4628 durior,
994 4552 1104 4634 qui
1161 4558 1381 4615 tamen
1438 4549 1572 4615 iam
1629 4548 1924 4615 nonnihil
1971 4569 2272 4613 mansue-

318 4639 530 4705 factus
569 4647 728 4703 erat.
794 4636 1196 4721 Oruciyerum
1231 4657 1386 4703 vero
1422 4655 1687 4719 prorsus
1722 4648 2021 4700 nostrum
2058 4634 2273 4700 reddi·

529 4864 588 4928 4)
631 4861 914 4931 Epistulae
959 4859 1334 4915 Tarsensium
1374 4858 1676 4913 subiunctis
1681 4875 1701 4925 ,-
1758 4857 1841 4912 vel
1874 4858 2038 4913 etiam
2073 4856 2140 4911 de
2174 4855 2276 4911 Bi·

317 4932 572 4989 mnan-i
605 4930 1058 4987 annotatiombus
1088 4928 1151 4983 sd
1183 4929 1297 4983 dici
1323 4932 1556 4996 poterat.

529 5005 592 5066 5)
633 5000 788 5054 Haec
821 4999 1018 5067 fleury
1061 4998 1280 5052 omnino
1326 4996 1439 5050 alio
1482 5012 1645 5050 sensu
1690 4996 1923 5063 sumpsit
1966 5009 2032 5048 ac
2067 4995 2276 5063 scripta

319 5077 448 5124 emt
493 5077 548 5126 et
593 5086 714 5124 eum
758 5074 1014 5138 sequutus
1056 5073 1135 5120 est
1183 5064 1674 5134 Moenekeberaius.
1746 5063 2113 5118 Postulossius
2148 5079 2274 5118 vero

315 5155 368 5208 p.
405 5138 516 5193 390
548 5140 694 5194 hunc
727 5140 900 5193 locum
934 5137 1149 5190 silentio
1178 5135 1457 5203 praeterit.

531 5209 593 5274 6)
632 5206 944 5275 Diligenter
995 5204 1426 5269 animadvertas,
1477 5203 1524 5258 b.
1570 5202 1621 5264 1.,
1680 5201 2019 5255 memorab&
2065 5201 2274 5266 factum

505 5278 595 5332 hie
628 5282 924 5340 matur,
977 5275 1121 5328 alias
1164 5275 1258 5328 viae
1297 5277 1496 5326 nomm.
1574 5270 1657 5336 Of.
1693 5273 1856 5326 etiam
1898 5268 2031 5338 Opp.
2072 5267 2180 5322 IX.
2214 5284 2271 5337 p.

353 5345 388 5399 9
426 5353 543 5400 not.
577 5352 629 5400 et
667 5343 909 5401 Schmidt
945 5344 1075 5398 Mel.
1104 5359 1160 5412 p.
1196 5341 1313 5397 372.

540 5433 761 5488 calvini
789 5445 972 5500 opera.
1046 5430 1167 5492 Vol.
1207 5426 1269 5481 X
1279 5429 1335 5483 V.

1995 409 2158 472 1554
2200 405 2267 473 N
2266 404 2619 477 OVEMB.

4204 422 4331 487 ³06

2384 593 2652 698 deram3
2705 596 2849 699 ,Hie
3152 603 3362 683 avius,
3428 604 3544 688 qui
3597 605 3677 671 ob
3735 627 3921 673 suam
3978 607 4337 693 digamiam

2382 682 2558 749 male
2600 684 2725 751 6161
2769 689 3060 754 66666166
3103 709 3174 753 66
3214 688 3437 755 Carolo
3479 691 3804 757 serviliter
3847 693 4200 773 dediderat,
4244 717 4335 763 ne

2382 769 2612 835 eadem
2670 769 2982 855 digamia,
3042 773 3146 839 vel
3191 774 3410 858 potius
3461 775 3822 861 dysgamia,
3864 779 3933 844 in
3976 778 4335 847 discrimen

2384 856 2658 954 veniret,
2703 857 2996 924 animum
3039 860 3249 926 subito
3292 859 3570 946 collegit.
3658 862 3765 927 Ita
3805 862 3969 931 haec
4009 866 4341 952 mitigatio

2383 959 2682 1007 omnium
2738 944 2873 1008 fere
2935 945 3266 1029 suffragiis
3320 956 3581 1029 recepta
3636 948 3779 1015 fuit.
3864 950 4033 1016 Nam
4090 953 4333 1034 Amps-

2381 1025 2636 1108 dommi
2676 1028 2938 1109 6161661,
2982 1031 3094 1114 qui
3136 1032 3207 1096 in
3248 1030 3572 1099 Buceram
3612 1045 3965 1113 exarserat,
4008 1058 4142 1104 666
4184 1047 4334 1105 tan·

2383 1120 2530 1178 tum
2595 1124 3038 1199 contemptus,
3118 1116 3233 1182 sed
3298 1118 3497 1184 etiam
3562 1118 3815 1185 derisus
3876 1122 4014 1187 fuit.
4105 1123 4337 1205 Quan-

2382 1219 2576 1281 quam
2646 1211 2865 1266 autem
2930 1201 3099 1267 nihil
3162 1203 3317 1269 inde
3382 1214 3553 1270 esset
3605 1205 3910 1288 periculi,
3978 1216 4054 1273 ut
4111 1217 4339 1276 tamen

2384 1294 2603 1350 166616
2650 1285 2871 1351 timori
2916 1307 3384 1366 succurrerem,
3442 1290 3656 1355 locum
3714 1293 3994 1358 mutavi:
4063 1315 4341 1377 prorsus

2384 1371 2688 1437 omittere
2732 1371 3161 1440 confessionis
3203 1375 3605 1441 mentionem
3650 1378 3866 1443 visum
3910 1400 4040 1445 non
4085 1388 4215 1445 est:
4261 1391 4336 1447 ut

2383 1456 2495 1538 qui
2541 1458 2725 1524 nobis
2767 1458 3096 1535 accedent,
3154 1480 3289 1525 666
3331 1469 3584 1543 putent,
3627 1483 3698 1529 66
3737 1461 3819 1528 66
3862 1485 3940 1530 66
3983 1463 4331 1533 discedere.

2382 1541 2680 1607 Privatis
2723 1544 2979 1610 interea
3036 1545 3299 1628 scriptis
3359 1544 3598 1612 diserte
3657 1548 3923 1614 ianuam
3980 1551 4334 1634 praeclusi:

2383 1628 2454 1693 in
2497 1627 2734 1710 quibus
2777 1642 2881 1695 est
2922 1632 3261 1716 Apologia,
3307 1653 3474 1715 quae
3519 1634 3733 1698 autori
3776 1656 4033 1719 quoque
4077 1658 4196 1702 suo
4238 1638 4337 1704 ita

2386 1712 2689 1796 displicet
2745 1716 2814 1780 in
2872 1716 2995 1781 hac
3053 1726 3238 1801 parte
3293 1728 3368 1782 ut
3422 1739 3542 1783 nos
3598 1718 3725 1785 sibi
3781 1722 4053 1787 minime
4111 1723 4337 1806 cupiat

2384 1800 2790 1866 subscribere
2836 1802 2940 1867 vel
2985 1804 3350 1886 suffragari.

2555 1885 2638 1951 In
2683 1908 2758 1951 66
2797 1887 2936 1952 1666
2981 1889 3091 1955 661
3136 1910 3303 1973 nego
3322 1940 3338 1969 ,
3388 1891 3754 1971 promiscue
3796 1890 4097 1960 omnibus
4141 1894 4335 1977 prod·

2385 1990 2529 2036 esse
2585 1984 3026 2051 sacramenta,
3092 1973 3208 2040 sed
3267 1975 3376 2040 ubi
3420 1973 3604 2043 Deus
3661 1977 4011 2044 efficaciter
4052 1999 4172 2063 pro
4216 2001 4335 2046 suo

2385 2055 2792 2140 beneplacito
2836 2060 3001 2143 agit:
3047 2061 3380 2143 ignoscite,
3425 2061 3484 2127 61
3526 2082 3739 2145 66666
3782 2065 4108 2148 expunxi,
4167 2086 4336 2148 quae

2387 2152 2564 2208 recte
2623 2154 2691 2208 et
2746 2146 3132 2228 tempestive
3190 2168 3229 2210 a
3285 2168 3391 2213 me
3446 2148 3689 2233 scripta
3775 2151 4061 2228 utabam,
4121 2171 4337 2235 neque

2386 2225 2471 2294 ad
2550 2230 2827 2296 verbum
2898 2230 3154 2297 intexui
3229 2253 3653 2317 quaecunque
3733 2244 3981 2302 inserta
4058 2237 4333 2303 velletis.

2385 2314 2561 2380 Nam
2625 2314 2740 2380 illa
2804 2317 3156 2400 Augustini
3224 2317 3606 2403 descriptio,
3686 2322 3797 2387 ubi
3879 2321 4040 2388 dicit
4100 2343 4337 2407 corpus

2385 2398 2638 2466 Christi
2694 2422 2838 2467 esse
2896 2404 3271 2470 societatem
3330 2403 3653 2484 fidelium,
3710 2414 3784 2472 ut
3841 2417 3940 2473 est
3993 2408 4225 2473 mutila
4267 2416 4338 2474 et

2384 2487 2676 2566 6666616,
2714 2488 3142 2569 suspicionem
3169 2489 3394 2555 multis
3429 2510 3557 2555 non
3594 2492 3788 2557 malis
3824 2494 4135 2571 iniiceret,
4171 2492 4334 2559 obli-

2386 2593 2513 2656 que
2569 2586 2635 2637 et
2692 2582 2937 2651 astute,
3008 2574 3180 2657 quod
3252 2573 3332 2641 de
3385 2577 3597 2659 capite
3650 2576 3918 2644 Christo
3988 2577 4338 2646 dicendum.

2385 2665 2555 2737 erat,
2615 2658 2865 2725 traduci
2926 2659 3008 2725 ad
3054 2659 3409 2726 ecclesiam.
3501 2661 3773 2742 Verum,
3818 2663 3877 2729 si
3921 2664 4143 2729 omnia
4185 2686 4337 2747 pro-

2383 2744 2530 2827 pius
2573 2744 3035 2826 expanderitis,
3093 2747 3186 2812 sic
3229 2767 3269 2811 a
3310 2768 3417 2812 me
3461 2757 3749 2814 correcta
3793 2749 3897 2815 vel
3941 2750 4188 2816 inflexa
4229 2771 4335 2816 re-

2384 2830 2649 2912 perietis
2693 2851 2856 2913 quae
2902 2831 3084 2897 vobis
3127 2851 3259 2897 non
3304 2832 3665 2915 placebant,
3711 2843 3788 2899 ut
3828 2835 4014 2901 facile
4058 2843 4332 2911 constet,

2384 2937 2518 2981 non
2582 2916 2783 2981 fuisse
2847 2917 3281 2999 praefractum
3302 2968 3316 2995 ,
3385 2918 3490 2984 vel
3549 2920 3839 2985 consiliis
3904 2920 4142 2987 vestris
4203 2921 4333 2985 im-

2382 3003 2797 3085 morigerum.
2866 3003 2945 3068 In
2989 3012 3272 3086 quatuor
3314 3005 3514 3070 etiam
3550 3004 3659 3069 vel
3705 3007 3990 3090 quinque
4034 3007 4333 3089 proxime

2384 3087 2810 3172 sequentibus
2852 3088 3010 3155 locis
3056 3089 3237 3156 vobis
3282 3091 3687 3157 satisfactum
3733 3113 3877 3158 esse
3919 3090 4188 3160 confido.

2555 3174 2723 3240 Cum
2768 3175 2959 3240 modo
3003 3175 3317 3241 ineffabili
3373 3187 3442 3241 et
3495 3178 4141 3260 incomprehensibili
4201 3199 4333 3245 non

2383 3270 2634 3344 pugnat
2674 3260 2790 3326 illa
2849 3282 3044 3344 quam
3098 3263 3434 3346 posuimus
3487 3262 3795 3330 definitiO.
3886 3265 4111 3348 Neque
4155 3266 4335 3331 enim.

2381 3347 2441 3411 si
2483 3346 2637 3430 quid
2674 3346 2858 3412 nobis
2898 3348 3097 3413 verbo
3132 3368 3251 3414 suo
3272 3348 3458 3414 Deus
3502 3350 3757 3433 aperuit
3797 3351 4094 3433 protinus
4137 3372 4336 3418 sensu

2382 3441 2608 3498 nostro
2646 3432 3107 3516 comprehendi
3146 3431 3253 3499 vel
3288 3433 3517 3517 lingua
3553 3435 3832 3517 exprimi
3868 3443 4099 3518 potest.
4146 3437 4332 3503 Bene

2381 3519 2556 3583 enim
2597 3518 2931 3584 nobiscum
2976 3520 3198 3602 agitur
3240 3519 3296 3584 si
3339 3518 3661 3585 bonorum
3698 3520 4138 3604 spiritualium
4182 3521 4332 3586 alti-

2382 3603 2679 3668 tudinem
2714 3626 2890 3670 nunc
2926 3605 3186 3671 animae
3221 3612 3481 3670 nostrae
3512 3604 3822 3673 delibant.
3891 3609 4093 3690 Atqui
4129 3629 4334 3690 quum.

2380 3699 2605 3755 666616
2639 3711 2788 3755 cum
2812 3689 3075 3756 Christo
3112 3690 3286 3769 uni0,
3327 3690 3761 3769 altitudinem,
3797 3692 4331 3776 profunditatem,

2379 3773 2797 3840 latitudinem
2842 3785 2908 3841 et
2954 3775 3451 3860 longitudinem,
3495 3798 3656 3860 quas
3699 3777 3952 3844 Paulus
3998 3780 4332 3862 praedicat

2378 3862 2449 3926 in
2505 3861 2801 3943 Epistola
2857 3861 2937 3927 ad
3000 3861 3353 3943 Ephesios,
3414 3862 3484 3926 in
3534 3884 3604 3928 66
3661 3865 4010 3942 666616666,
4109 3865 4331 3930 1666111

2379 3946 2522 4012 6166
2572 3948 2869 4011 notitiam
2916 3968 3182 4012 necesse
3226 3957 3326 4012 est
3369 3948 3439 4012 in
3483 3945 3655 4013 diem
3707 3948 4012 4015 ultimum
4105 3950 4331 4030 ‘fferri,

2378 4053 2507 4116 quo
2566 4030 2936 4099 videbimus
2996 4034 3161 4099 facie
3213 4032 3295 4097 ad
3359 4032 3608 4100 faciem.
3711 4035 4005 4100 Mentiar
4060 4058 4211 4121 ergo
4273 4037 4333 4101 si

2377 4119 2669 4203 profiteri
2722 4118 3031 4197 audeam,
3089 4139 3195 4183 me
3249 4118 3513 4202 penitus
3568 4120 3831 4185 modum
3892 4131 4131 4188 666616.
4232 4122 4328 4186 Et

2377 4203 2533 4288 quid
2578 4204 2701 4271 sibi
2744 4203 2891 4270 vult
2931 4203 3093 4270 illud
3135 4204 3327 4269 Pauli
3385 4226 3699 4288 magnum
3742 4208 4147 4291 mysterium,
4193 4208 4326 4273 nisi

2377 4300 2451 4356 ut
2514 4310 2632 4355 nos
2687 4290 2782 4356 rei
2844 4289 3300 4374 magnitudine
3367 4289 3630 4356 obrutos
3686 4292 3759 4356 in
3824 4292 4329 4359 admirationem.

2376 4373 2679 4441 attollat?
2770 4375 2992 4457 Quare
3049 4397 3180 4441 non
3238 4388 3338 4440 est
3395 4398 3513 4442 cur
3553 4376 4019 4444 abhorreamus
4064 4400 4104 4444 a
4146 4379 4331 4445 voci-

2375 4463 2498 4528 bus
2519 4482 2797 4545 quarum
2842 4483 3038 4527 usum
3071 4461 3349 4545 simplex
3385 4462 3498 4540 rei,
3543 4460 3624 4527 de
3645 4483 3773 4545 qua
3808 4466 4041 4547 agitur,
4087 4474 4327 4529 natura

2374 4549 2742 4613 necessario
2777 4547 3080 4631 postulat.
3168 4547 3490 4614 Miraoula
3530 4569 3696 4630 quae
3738 4549 4171 4631 superstitiosi
4204 4549 4331 4615 ho—

2374 4634 2587 4700 mines
2631 4634 2910 4717 fingunt,
2956 4635 3011 4698 si
3057 4654 3361 4715 respuere
3405 4632 3588 4700 vobis
3631 4634 3702 4698 in
3746 4634 3964 4699 animo
4009 4642 4126 4713 est,
4172 4654 4327 4700 con-

2374 4720 2602 4785 sentio.
2692 4717 2827 4785 Sed
2884 4719 3054 4784 nihil
3113 4719 3412 4806 mysterii
3467 4739 3818 4803 agnoscere
3836 4770 3850 4795 ,
3907 4718 3975 4783 id
4024 4740 4181 4785 1616
4239 4719 4329 4786 66

2374 4825 2614 4872 arcana
2655 4806 2924 4889 spiritus
2965 4806 3233 4884 virtute,
3280 4825 3478 4889 quam
3516 4805 3709 4870 toties
3752 4803 4170 4881 celebramus,
4216 4806 4333 4871 ni·

2372 4891 2500 4958 mis
2544 4888 2830 4957 dissidet.
2919 4891 3273 4971 Caeterum
3315 4889 3539 4974 paucis
3572 4889 3790 4956 verbis
3833 4891 4106 4957 mutatis
4140 4911 4329 4958 scru-

2371 4977 2604 5061 pulum
2648 4977 2967 5042 exemisse
3011 4975 3250 5043 videor.

2543 5062 2627 5127 In
2692 5083 2848 5129 voce
2906 5083 3165 5146 quoque
3219 5062 3469 5127 realiter
3520 5059 3692 5126 lecta
3733 5081 3881 5125 mea
3923 5063 4331 5129 correctione

2372 5169 2502 5214 non
2549 5148 2864 5230 amplius,
2920 5160 2995 5214 ut
3037 5169 3254 5232 spero,
3314 5145 3682 5212 haerebitis.
3773 5145 3945 5227 Quia
3988 5146 4331 5215 silentium

2375 5256 2494 5317 pro
2548 5234 2816 5300 latebris
2875 5233 3172 5300 habitum
3230 5241 3431 5310 66666,
3499 5253 3645 5297 6616
3697 5253 3963 5316 prorsus
4020 5235 4325 5300 omittere

2373 5342 2518 5386 meo
2554 5317 2792 5387 iudicio
2826 5341 2960 5385 non
2996 5320 3249 5387 licebat.
3294 5317 3708 5385 Pertinacius
3740 5326 3962 5384 autem
3995 5318 4329 5406 negando,
