4850 6200
475 459 600 522 327

463 654 546 712 et
585 647 980 730 rogarentur
1000 648 1078 708 ut
1109 641 1385 708 eandem
1407 641 1691 708 vicissim
1728 660 1886 726 erga
1916 647 2173 708 nostros
2193 659 2419 725 pacem

463 728 712 797 colant.
782 727 1038 810 Quibus
1081 728 1206 795 hoc
1247 729 1494 794 factum
1535 728 1624 793 sit
1668 725 1904 803 verbis,
1946 735 2060 793 aut
2100 725 2421 810 quomodo

461 837 555 883 ea
596 836 637 880 a
671 814 855 881 vobis
898 814 1032 880 sint
1071 813 1406 881 intellecta
1446 813 1695 879 nescio:
1740 823 2012 896 apparet
2052 833 2138 877 ex
2180 810 2420 879 vestris

459 894 663 969 ‘vobis
713 898 1095 983 neutiquam
1149 900 1309 966 satis
1366 920 1511 966 esse
1564 899 1825 964 factum.
1913 897 2062 965 Hoc
2117 898 2420 982 quamvis

463 986 664 1053 :nobis
699 985 940 1052 mirum
975 1006 1109 1051 non
1154 986 1242 1051 sit
1274 992 1543 1068 propter
1576 982 1736 1050 duos
1770 984 1916 1049 illos
1948 985 2019 1049 in
2055 984 2419 1050 ministerio

469 1079 747 1158 agentes
761 1123 778 1151 ,
823 1080 1043 1137 tamen
1087 1092 1222 1137 non
1281 1068 1657 1136 dubitamus
1698 1069 1859 1152 quin
1915 1070 1973 1137 si
2015 1089 2176 1149 rem,
2234 1079 2313 1135 ut
2355 1077 2422 1134 et

463 1180 517 1225 a
559 1157 745 1224 nobis
788 1166 857 1223 et
898 1177 939 1222 a
980 1157 1370 1241 magistratu
1414 1168 1559 1221 acta
1601 1166 1718 1235 est,
1763 1155 2251 1239 cognovissetis,
2297 1156 2420 1220 etsi

466 1264 610 1310 non
652 1264 768 1326 per
811 1242 1049 1319 omnia,
1094 1254 1314 1307 tamen
1352 1240 1498 1324 plus
1539 1260 1733 1325 quam
1778 1240 1901 1306 hoc
1935 1239 2143 1319 modo,
2187 1241 2418 1306 fuisse-

467 1330 559 1396 tis
601 1329 914 1394 contenti:
961 1332 1343 1412 praesertim
1388 1327 1444 1393 si
1486 1329 1653 1393 scire
1685 1327 2079 1410 potuissetis,
2123 1348 2274 1393 eum
2308 1327 2419 1410 qui

467 1414 943 1501 antesignanus
963 1421 1106 1479 erat
1125 1412 1323 1479 huius
1358 1434 1592 1480 causae
1624 1413 1906 1479 eiectum
1949 1413 2171 1479 fuisse.
2238 1411 2418 1495 Quo-

471 1501 651 1567 niam
682 1521 838 1584 ergo
871 1499 1058 1566 facile
1092 1499 1395 1582 apparuit
1423 1520 1505 1566 ex
1534 1499 1794 1576 vestris,
1838 1498 2018 1564 vobis
2056 1519 2269 1582 neque
2295 1498 2419 1564 hoc

462 1606 680 1670 neque
724 1583 881 1670 quid
925 1583 1010 1649 ad
1051 1583 1294 1650 classes
1328 1584 1650 1668 scriptum
1689 1584 1778 1649 sit
1812 1584 2150 1668 cognitum
2194 1585 2416 1664 fuisse,

470 1672 690 1739 visum
722 1678 825 1738 est
850 1669 1037 1737 nobis
1065 1670 1189 1737 hoc
1212 1670 1599 1755 significare,
1624 1678 1693 1736 et
1714 1671 1939 1736 literas
1963 1678 2233 1745 vestras,
2255 1691 2418 1754 quas

465 1778 646 1824 nunc
688 1755 901 1822 denuo
945 1754 1028 1821 ad
1084 1765 1380 1822 senatum
1423 1763 1726 1821 nostrum
1768 1756 2119 1840 scripsistis
2162 1755 2418 1821 tamdiu

469 1841 647 1927 apud
703 1841 788 1907 D.
850 1841 1163 1907 Gironum
1195 1845 1245 1918 ὅ)
1298 1841 1411 1923 qui
1468 1861 1694 1906 earum
1748 1850 2135 1925 potestatem
2200 1842 2416 1916 habet,

468 1928 894 2012 supprimere,
955 1926 1158 1992 donec
1202 1926 1379 1993 aliud
1422 1948 1462 1992 a
1504 1928 1688 1994 vobis
1742 1947 2128 2012 responsum
2178 1928 2417 1993 habere

471 2014 815 2098 possimus.
878 2012 1081 2079 Nobis
1124 2015 1297 2078 enim
1341 2013 1525 2078 iuxta
1569 2014 1946 2097 petitionem
1982 2022 2272 2079 vostram
2308 2034 2418 2078 ea-

472 2099 624 2165 dem
680 2097 761 2164 de
812 2119 885 2164 re
941 2100 1180 2164 iterum
1224 2098 1308 2164 ad
1363 2106 1663 2164 senatum
1708 2100 1950 2165 referre
1993 2119 2228 2182 operae
2270 2120 2417 2182 pre-

471 2186 640 2250 tium
693 2206 826 2251 non
884 2184 1161 2261 videtur,
1230 2205 1431 2267 quum
1499 2184 1621 2250 hoc
1675 2185 2192 2269 praestiterimus
2246 2196 2414 2251 ante.

471 2270 729 2336 Deinde
764 2292 1068 2336 veremur
1100 2290 1186 2335 ne
1229 2271 1282 2336 si
1323 2278 1579 2336 vestrae
1634 2270 1786 2335 illae
1835 2292 2010 2337 nunc
2059 2270 2418 2337 offerantur

473 2357 758 2435 senatui,
815 2364 1083 2422 senatus
1127 2356 1230 2422 vel
1288 2355 1557 2440 indigne
1616 2358 1783 2422 ferat
1824 2355 2009 2422 vobis
2065 2378 2197 2422 non
2256 2358 2417 2423 satis

474 2463 615 2507 esse
657 2442 919 2520 factum,
980 2442 1084 2507 vel
1128 2451 1413 2508 accersat
1463 2441 1612 2507 illos
1656 2442 1939 2526 reliquos
1982 2442 2093 2528 (de
2137 2444 2330 2509 tertio
2361 2447 2416 2526 θ)

472 2529 651 2592 enim
694 2529 987 2610 quaestio
1041 2527 1318 2610 amplius
1363 2549 1495 2594 non
1539 2534 1664 2606 est)
1728 2526 1904 2593 haud
1964 2527 2160 2594 dubie
2202 2530 2418 2594 maius

468 2612 843 2681 incendium
886 2632 1286 2679 accensuros.
1346 2612 1579 2696 Itaque
1620 2635 1737 2697 per
1761 2613 2110 2679 Dominum
2155 2635 2416 2681 oramus

470 2709 539 2765 et
593 2699 994 2765 obtestamur
1051 2718 1188 2774 vos,
1243 2710 1320 2764 ut
1375 2700 1448 2763 in
1505 2700 2026 2781 praesentiarum
2084 2699 2189 2766 his
2249 2722 2415 2785 quae

474 2793 621 2850 acta
678 2796 830 2849 sunt
887 2785 1177 2851 contenti
1228 2784 1401 2863 sitis,
1460 2793 1529 2850 et
1581 2785 1922 2868 patiamini
1977 2785 2203 2851 literas
2267 2786 2415 2852 illas

474 2880 730 2936 vestras
776 2868 858 2935 ad
915 2879 1215 2935 senatum
1275 2880 1576 2935 nostrum
1628 2892 1803 2937 nunc
1858 2868 2041 2936 datas
2084 2879 2203 2936 aut
2243 2871 2418 2954 apud

472 2976 594 3022 nos
637 2956 987 3040 supprimi,
1047 2966 1161 3020 aut
1203 2953 1288 3019 ad
1330 2976 1444 3021 vos
1489 2956 1754 3021 remitti.
1843 2956 2270 3040 Hieronymus
2310 2956 2418 3021 hic

474 3040 644 3109 nihil
689 3042 873 3108 vobis
928 3041 1036 3107 hic
1057 3043 1094 3078 ⁴*
1136 3040 1419 3125 amplius
1463 3042 1710 3141 negotii
1752 3041 2043 3108 facesset.
2131 3042 2416 3126 Reliqui,

472 3128 732 3194 etiamsi
775 3127 950 3192 idem
990 3125 1164 3209 quod
1206 3127 1317 3191 ille
1361 3137 1783 3207 meruissent,
1841 3138 2061 3193 tamen
2104 3131 2415 3211 quoniam

472 3214 615 3280 sine
674 3213 918 3278 maiore
972 3224 1153 3278 motu
1212 3210 1545 3279 deturbari
1588 3232 1723 3279 non
1781 3221 2164 3296 potuerunt,
2223 3213 2416 3281 facile

467 3300 543 3365 in
608 3299 819 3364 officio
880 3296 1421 3377 continebuntur,
1486 3307 1826 3383 postquam
1884 3320 2082 3383 quam
2146 3300 2417 3386 indigne

470 3383 787 3451 eiusmodi
831 3385 1321 3450 criminationes
1363 3392 1631 3452 senatus
1673 3385 1858 3463 ferat,
1915 3395 1978 3450 et
2021 3386 2214 3452 simul
2259 3408 2417 3471 quo-

473 3491 600 3555 que
657 3468 813 3554 quid
870 3471 1126 3554 passuri
1180 3470 1315 3536 sint
1368 3472 1426 3537 si
1484 3471 1787 3555 deinceps
1844 3470 2006 3537 tales
2061 3473 2415 3556 proferant,

471 3577 671 3640 quum
716 3577 800 3622 ex
841 3564 1107 3622 senatus
1148 3555 1356 3621 literis
1399 3563 1538 3621 tum
1584 3576 1665 3622 ex
1713 3556 2079 3641 Hieronymi
2118 3559 2417 3642 exemplo

473 3642 606 3707 iam
671 3652 1082 3725 cognoscant.
1184 3641 1323 3708 Nos
1389 3641 1782 3726 stipulamur
1841 3653 1908 3708 et
1970 3645 2417 3727 promittimus

465 3749 591 3794 nos
635 3740 1161 3812 pei-sequuturos,
1220 3736 1534 3811 tanquam
1577 3729 1760 3795 nobis
1815 3728 1975 3812 ipsis
2019 3729 2270 3795 illatam
2313 3730 2417 3795 in-

471 3813 731 3891 iuriam,
788 3815 844 3879 si
904 3835 1096 3897 quem
1153 3815 1442 3896 ipsorum
1504 3813 1808 3898 deinceps
1864 3815 1996 3880 tale
2038 3815 2194 3898 quid
2243 3837 2417 3883 com-

470 3899 735 3964 mittere
778 3899 1290 3983 cognoverimus.
1379 3899 1552 3965 Date
1595 3900 1719 3966 hoc
1762 3901 1953 3968 nobis
1995 3900 2066 3966 in
2111 3923 2418 3985 praesen-

470 3986 713 4050 tiarum
780 3995 846 4050 et
908 3986 1049 4067 paci
1106 3984 1415 4051 ecclesiae
1472 3995 1758 4066 nostrae,
1821 3996 1895 4052 ut
1951 4008 2083 4052 non
2144 3988 2418 4054 ulterius

556 4071 956 4154 rsequamini
996 4092 1164 4153 quae
1207 4071 1369 4136 alias
1410 4072 1581 4137 bono
1621 4072 1767 4137 iure
1808 4073 2139 4157 poteratis.
2209 4072 2419 4140 Oura-

516 4157 686 4221 imus
729 4179 848 4222 noa
892 4172 966 4221 ut
1018 4156 1115 4222 illi
1158 4177 1410 4240 quoque
1454 4169 1868 4240 cognoscant,
1926 4158 2085 4243 quid
2130 4180 2170 4224 a
2212 4160 2417 4240 nobis,

469 4242 529 4309 si
566 4243 671 4307 sui
706 4243 951 4308 similes
986 4263 1129 4308 esse
1150 4243 1583 4326 perrexerint,
1620 4252 2017 4328 exspectent.
2072 4245 2166 4310 Et
2187 4266 2419 4328 quam-

471 4329 578 4394 vis
619 4328 912 4394 fortassis
956 4329 1234 4393 nimium
1279 4328 1461 4394 vobis
1505 4327 1872 4396 videbimur
1915 4331 2262 4410 temerarii,
2308 4333 2419 4414 qui

479 4415 623 4480 ausi
688 4414 1003 4480 fuerimus
1068 4414 1295 4479 literas
1361 4424 1614 4481 vestras
1686 4417 2009 4502 tantisper
2083 4414 2420 4500 impedire,

479 4511 547 4566 et
599 4500 875 4565 nimium
932 4520 1185 4583 quoque
1240 4499 1464 4566 faciles
1506 4502 1616 4586 qui
1674 4504 2006 4586 graviores
2050 4512 2422 4568 metuamus

473 4586 722 4665 turbas,
768 4597 985 4652 tamen
1021 4585 1207 4652 facile
1240 4586 1428 4652 nobis
1462 4587 1910 4654 condonabitis
1945 4588 2004 4654 si
2038 4607 2167 4672 quo
2204 4589 2421 4653 animo

474 4672 544 4737 id
588 4672 933 4738 fecerimus
975 4671 1374 4757 intelligatis.
1444 4673 1982 4756 Exspectabimus
2024 4672 2231 4757 igitur
2272 4693 2422 4739 ves-

473 4771 656 4823 trum
710 4780 1092 4842 responsum
1123 4760 1178 4830 ⁷)
1224 4766 1290 4823 et
1345 4773 1484 4823 tum
1541 4756 1830 4842 quidem,
1891 4759 1950 4826 si
2005 4758 2272 4824 omnino
2328 4758 2425 4824 ita

477 4843 766 4927 placeat,
835 4843 1056 4911 offerri
1114 4864 1225 4909 eas
1281 4845 1673 4910 curabimus.
1771 4843 2135 4928 Sper-amus
2201 4852 2423 4909 tamen

475 4949 598 4995 vos
651 4951 874 5013 preces
929 4939 1188 4997 nostras
1250 4952 1379 4995 non
1439 4928 1921 5014 dedignaturos.
2023 4929 2130 4995 Ad
2184 4928 2425 4996 classes

685 5170 745 5234 5)
781 5171 1299 5238 archiqrammateus
1334 5175 1464 5224 tunc
1496 5173 1617 5222 erat
1647 5167 1988 5236 reipublicae.

687 5239 746 5303 6)
786 5239 1023 5304 Bolseco,
1059 5254 1170 5291 non
1196 5237 1481 5291 Fonseleto
1515 5238 1671 5290 cuius
1693 5238 1913 5290 omnim
1947 5237 2035 5304 hic
2054 5237 2208 5292 nulla
2230 5241 2425 5295 mentio

469 5309 556 5377 fle,
593 5315 774 5444 ωρξςε
787 5308 1179 5432 ἴυὲιὸἒιέοηίε
1210 5306 1387 5361 ussai.

1973 451 2501 521 EPISTOLAE
2545 451 2970 515 2056—2057

4348 445 4475 513 328

2522 637 2680 723 quid
2725 637 2812 705 sit
2852 637 3170 788 scriptum
3213 658 3253 702 a
3295 635 3383 702 D.
3436 635 3665 716 Virdo,
3720 638 3827 704 cui
3868 656 3947 702 ea
4001 636 4084 704 de
4126 660 4198 704 rs
4240 639 4473 723 scripsi

2524 743 2801 809 quoque,
2844 724 2983 788 inte
3008 721 3246 807 ligetis.

2695 808 2890 892 Quod
2924 830 3036 875 eas
3068 809 3304 876 attinet
3325 828 3486 892 quas
3517 807 3601 873 ad
3635 829 3742 874 me
3777 809 4089 894 privatim
4133 808 4390 891 dedisti,
4410 810 4477 886 Β)

2525 914 2724 981 cogor
2765 894 2850 960 ad
2893 901 3293 980 postremum
3336 894 3549 978 primo
3590 895 4002 978 respondere.
4083 894 4246 961 'Pam
4290 894 4473 963 abest

2524 990 2604 1047 ut
2645 1002 2765 1067 ego
2799 1000 3092 1065 unquam
3134 981 3202 1046 in
3239 980 3534 1047 animum
3568 980 3966 1060 induxerim,
4009 981 4255 1047 nedum
4289 978 4475 1048 dixe-

2523 1068 2672 1147 rim,
2717 1066 3040 1134 Dominos
3063 1074 3320 1132 nostros
3350 1087 3481 1131 non
3505 1065 3699 1133 modo
3732 1087 4077 1150 personam
4102 1064 4483 1151 Hieronymi

2523 1153 2638 1219 sed
2682 1152 3045 1220 doctrinam
3082 1173 3335 1237 quoque
3370 1150 3680 1218 tuendam
3721 1154 4100 1238 suscepisse,
4142 1160 4220 1217 ut
4255 1152 4474 1237 ipsum

2525 1260 2658 1305 non
2702 1238 2895 1304 modo
2939 1258 3199 1321 semper
3241 1246 3557 1320 tanquam
3601 1238 3895 1322 superbi,
3953 1239 4163 1304 inflati
4207 1245 4277 1303 et
4330 1246 4471 1304 tur-

2525 1326 2756 1390 barum
2801 1323 3021 1409 cupidi
3075 1323 3411 1390 hominem
3464 1323 3712 1408 ingenii
3769 1337 4109 1392 aversatus
4153 1324 4300 1405 sim,
4356 1325 4475 1391 sed

2525 1411 2698 1477 hanc
2759 1411 2969 1494 ipsam
3034 1431 3287 1494 quoque
3351 1429 3615 1475 causam
3680 1418 3911 1476 contra
3973 1411 4189 1495 ipsum
4252 1431 4473 1477 coram

2523 1506 2755 1562 senatu
2797 1516 2927 1580 qua
2971 1495 3153 1580 potui
3196 1492 3323 1562 fide
3365 1516 3448 1562 ex
3503 1494 3762 1562 decreto
3818 1495 4097 1563 fratrum
4149 1495 4473 1582 agendam

2525 1603 2712 1649 susce
2797 1582 2941 1657 rim,
2985 1589 3181 1665 atque
3224 1602 3301 1647 eo
3346 1579 3732 1648 deduxerim
3777 1591 3851 1648 ut
3892 1582 4034 1667 ipse
4068 1603 4244 1649 nunc
4284 1603 4474 1649 sena-

2522 1678 2630 1734 tus
2730 1676 2943 1734 ecreto
2997 1668 3400 1752 proscriptus
3452 1668 3556 1734 sit.
3658 1664 3771 1734 Sic
3836 1677 4134 1745 senatus,
4200 1668 4295 1735 sic
4351 1689 4477 1753 ego

2522 1774 2868 1837 personam
2925 1760 2994 1818 et
3057 1752 3421 1819 doctrinam
3475 1753 3615 1820 eius
3673 1752 3983 1820 tuendam
4047 1755 4469 1838 suscepimus.

2522 1839 2670 1907 Hoc
2712 1860 2942 1906 verum
2986 1849 3118 1920 est,
3177 1841 3250 1905 in
3307 1837 3918 1923 praedestinationis
3976 1842 4239 1925 negotio
4292 1841 4472 1924 piam

2524 1924 3035 1992 moderationem
3093 1925 3258 1990 mihi
3316 1925 3578 2009 probari
3631 1927 3899 2009 eiusque
3955 1947 4061 1993 me
4117 1946 4312 2010 saepe
4354 1925 4470 1992 ad·

2522 2032 2789 2078 monere
2832 2012 3088 2089 fratres,
3135 2011 3384 2077 alienas
3418 2020 3638 2077 autem
3674 2011 4014 2095 opiniones
4054 2021 4123 2078 et
4164 2012 4473 2079 ecclesias

2521 2095 2859 2164 scindendi
2894 2097 3180 2163 studium
3217 2096 3380 2162 mihi
3414 2097 3793 2181 neutiquam
3828 2097 4104 2181 probari.
4169 2097 4471 2182 Quorum

2521 2192 2873 2267 utrumque
2916 2184 2987 2248 in
3028 2184 3171 2266 ipso
3217 2181 3650 2266 deprehendo.

2693 2271 3043 2335 Caeterum
3069 2266 3241 2353 quod
3275 2269 3656 2335 fasciculum
3694 2268 3886 2334 illum
3922 2279 4110 2335 tuum
4138 2273 4196 2346 ⁹)
4230 2271 4473 2337 attinet

2522 2354 2760 2422 curabo
2790 2355 2977 2420 illum
3003 2353 3368 2438 diligenter.
3429 2355 3521 2420 Et
3542 2354 3839 2438 quamvis
3863 2356 4016 2438 quid
4040 2377 4156 2439 pro
4177 2355 4473 2423 Consen-

2523 2442 2725 2507 sionis
2760 2449 3019 2506 vestrae
3063 2440 3435 2507 defensione
3468 2441 3807 2524 scripseris
3844 2440 4134 2507 nondum
4170 2439 4473 2520 viderim,

2521 2536 2742 2593 tamen
2787 2527 3092 2612 quoniam
3152 2526 3284 2593 scio
3328 2525 3548 2610 qualia
3601 2528 3738 2593 sint
3779 2546 3947 2609 quae
3991 2548 4030 2593 a
4074 2538 4138 2593 te
4181 2529 4470 2613 proficis-

2523 2623 2781 2691 cuntur,
2841 2612 2961 2678 tibi
3018 2611 3438 2678 ecclesiarum
3492 2620 3865 2678 nostrarum
3909 2634 4164 2697 quoque
4204 2614 4475 2680 nomine

2522 2719 2799 2783 magnas
2843 2720 2966 2783 ago
3009 2700 3256 2782 gratias
3300 2699 3411 2783 qui
3453 2698 3750 2764 veritatis
3803 2699 4241 2783 patrocinium
4285 2708 4471 2766 tanto

2520 2784 2741 2850 animo
2784 2785 3120 2867 suscipias.
3209 2785 3308 2850 'I'u
3354 2804 3571 2867 perge,
3627 2793 3705 2849 ut
3748 2783 3924 2863 facis,
3980 2784 4253 2851 eandem
4296 2787 4471 2851 veri-

2521 2879 2726 2936 tatem
2784 2869 3122 2937 nobiscum
3184 2872 3369 2936 tueri.
3466 2869 3777 2955 Papistae
3835 2871 4143 2937 saeviunt
4203 2873 4469 2954 passim.

2520 2957 2891 3022 Lutherani
2948 2956 3142 3038 paulo
3200 2956 3586 3040 propitiores
3642 2964 3800 3021 sunt
3858 2955 4057 3023 nobis.
4147 2956 4356 3024 Miras
4396 2959 4469 3022 in

2520 3042 2885 3109 Germania
2918 3040 3286 3127 tragoedias
3318 3043 3610 3108 excitant
3652 3052 3719 3108 et
3752 3063 3946 3109 suum
3981 3043 4286 3127 spiritum
4321 3063 4472 3129 pro·

2521 3127 2702 3194 dunt.
2790 3127 2935 3194 Illis
2994 3139 3219 3194 contra
3272 3127 3560 3194 eundum
3617 3137 3739 3206 est,
3799 3130 3924 3196 nisi
3977 3130 4322 3196 veritatem
4364 3131 4469 3197 cui

2521 3215 2844 3280 servimus
2889 3213 3167 3279 velimus
3223 3212 3645 3297 deperditam.
3734 3214 3948 3281 Nimis
4007 3226 4209 3296 certe,
4271 3215 4475 3281 nimis

2521 3299 2817 3383 persuasi
2874 3299 3123 3364 fuimus
3165 3300 3340 3381 ipsos
3383 3300 3631 3365 sentire
3674 3300 4008 3367 nobiscum
4051 3311 4119 3366 et
4160 3302 4468 3385 spiritua-

2519 3387 2670 3451 liter
2735 3386 2957 3450 omnia
3021 3383 3393 3451 diiudicare.
3500 3387 3794 3469 Apparet
3850 3387 3950 3451 vel
4015 3409 4096 3453 ex
4156 3408 4288 3453 uno
4353 3387 4471 3452 illo

2539 3470 2887 3554 Westphazo
2930 3492 3124 3554 quam
3169 3491 3389 3537 crassa
3431 3471 3518 3537 sit
3561 3491 3785 3538 eorum
3822 3472 4058 3555 opini0.
4127 3474 4470 3558 Augustae

2523 3557 2692 3624 alter
2734 3577 2958 3622 eorum
2993 3556 3436 3622 ministrorum
3473 3558 3584 3641 qui
3627 3578 3711 3622 ex
3734 3557 4029 3625 Saxonia
4064 3567 4353 3638 venerat,
4383 3558 4475 3645 ¹⁰)

2523 3656 2591 3707 et
2632 3663 2791 3727 prae
2833 3644 3106 3708 caeteris
3150 3641 3456 3709 ecclesias
3493 3643 3799 3729 dogmate
3841 3644 3955 3710 illo
3991 3645 4311 3724 turbabat,
4358 3645 4471 3712 de-

2520 3731 2773 3812 positus
2834 3737 2901 3794 et
2957 3727 3041 3794 ad
3097 3750 3247 3795 suos
3303 3731 3616 3795 remissus
3659 3737 3774 3797 est.
3862 3728 3975 3797 Sic
4019 3731 4269 3797 veritas
4312 3750 4471 3798 suos

2524 3814 2737 3882 adhuc
2778 3815 2910 3881 illic
2945 3836 3198 3899 quoque
3233 3825 3586 3881 assertores
3628 3815 3842 3881 habet.
3912 3815 4047 3881 Sed
4091 3816 4247 3900 quid
4290 3825 4473 3882 tuam

2523 3902 2833 3985 pietatem
2876 3901 3057 3967 hisce
3095 3901 3297 3986 ,nugis
3354 3900 3592 3968 turbo?
3672 3902 3845 3968 Boni
3889 3923 4128 3987 quaeso
4183 3904 4472 3985 consule,

2523 3989 2578 4053 si
2625 3987 2779 4072 quid
2826 3988 3112 4070 ineptius
3156 3987 3455 4065 scribam,
3516 4000 3583 4053 et
3639 3990 3802 4052 scito
3858 3987 4030 4054 dona
4089 3989 4205 4054 tibi
4250 4008 4290 4052 a
4333 3989 4470 4055 Do-

2523 4074 2703 4138 mino
2746 4091 3054 4140 concessa
3095 4073 3165 4137 in
3204 4075 3496 4139 maxima
3535 4073 3707 4156 apud
3742 4095 3848 4139 me
3891 4094 4032 4139 esse
4077 4084 4146 4141 et
4187 4072 4471 4141 admira-

2522 4159 2702 4224 tione
2753 4168 2818 4223 et
2875 4161 3310 4224 veneratione.
3401 4159 3731 4225 Dominus
3775 4180 3854 4225 ea
3911 4159 4033 4225 tibi
4093 4171 4332 4245 augeat
4387 4160 4471 4227 ad

2522 4245 2808 4310 nominis
2848 4244 2955 4308 sui
2990 4244 3262 4328 gloriam
3308 4252 3376 4310 et
3416 4252 3480 4310 te
3516 4243 3626 4310 diu
3664 4245 3854 4311 nobis
3890 4253 3957 4310 et
3998 4245 4285 4313 ecclesiis
4330 4247 4475 4313 suis

2521 4340 2742 4396 servet
2783 4329 3192 4396 incolumem.
3259 4329 3400 4396 Ora
3432 4351 3551 4413 pro
3587 4332 3773 4397 nobis
3807 4338 3875 4396 et
3909 4331 4198 4398 ecclesiis
4233 4333 4474 4398 nostris

2525 4414 2916 4481 Dominum:
2993 4437 3332 4481 versamur
3392 4417 3565 4482 enim
3632 4418 3700 4481 in
3766 4416 4052 4500 periculo
4118 4416 4271 4482 belli
4334 4439 4473 4484 non

2524 4502 2759 4585 exiguo
2835 4510 3064 4567 contra
3139 4500 3625 4569 confoederatos
3708 4511 3965 4569 nostros
4053 4503 4472 4588 suscipiendi.

2546 4695 2721 4701 m-
2752 4695 2783 4701 --
2796 4695 2947 4702 -.---.

2527 4825 3076 4966 ηπϋυίὃέοἳέιιῖυηι
3120 4833 3495 4895 arqumentum
3537 4843 3604 4882 σω
3650 4827 3750 4883 hoc
3796 4828 4015 4883 Halleri
4056 4842 4315 4896 responso
4358 4830 4475 4892 fere

2682 5037 2691 5046 υ
2730 4964 2791 5030 9)
2830 4964 2920 5018 De
2955 4963 3291 5034 Defensione
3330 4963 3639 5021 Con-sensus
3672 4965 3927 5035 quuitur,
3969 4981 4133 5046 quam
4162 4981 4265 5034 per
4295 4968 4475 5035 epm

2533 5032 2796 5088 Calamus
2858 5041 3151 5090 correctam
3216 5039 3282 5116 et·
3324 5034 3687 5117 emendatam·
3714 5035 3791 5089 ad
3856 5033 4169 5089 stanconam
4217 5034 4479 5100 mittebat,

2528 5108 2817 5253 Μφίῗὸῗ
2833 5104 3885 5241 f52.3m53“2.⁶5353“30.2232.
3932 5179 4258 5254 „mmm
4277 5173 4475 5255 ‚zm

2528 5241 2741 5308 suffecta
2773 5249 2901 5296 sunt
2932 5247 3122 5310 postea
3165 5241 3305 5295 Patr.
3327 5240 3652 5302 Katamana,
3691 5243 3807 5295 Iac.
3834 5240 4101 5295 Reuchlm
4134 5255 4176 5294 ε.
4207 5239 4475 5297 Baebium

2525 5308 3165 5435 ζεοδῗιιῶιῖθᾲααεεηιαηη
3202 5309 3385 5379 (Saliq
3419 5311 3460 5363 1.
3494 5309 3639 5374 661).
3702 5308 3892 5366 Utrum
3927 5310 4119 5366 horum
4150 5310 4239 5366 hic
4270 5311 4479 5368 innuat
