4850 6200
475 380 602 442 823

649 562 843 646 Quod
901 564 1056 646 petii
1118 565 1233 628 abs
1286 570 1351 627 te
1371 567 1427 641 ²)
1483 561 1563 627 de
1627 563 1912 629 Psalmis
1964 572 2030 627 et
2077 559 2433 642 Prophetis

474 663 555 716 ut
595 652 664 717 in
710 650 924 715 lucem
971 647 1301 733 prodeant,
1341 670 1470 713 non
1517 658 1668 731 peto
1702 656 1776 713 ut
1799 650 2033 732 gignas
2077 657 2143 710 et
2189 646 2428 729 parias,

474 736 671 816 idque
731 748 1081 811 momento,
1134 735 1250 799 sed
1308 758 1506 818 quum
1553 733 1729 799 domi
1767 746 1834 798 et
1877 737 1944 798 in
1991 736 2118 799 ista
2159 730 2431 797 ecclesia

473 823 806 907 pepereris
861 837 929 886 et
993 821 1393 895 educaveris,
1449 820 1553 884 fac
1609 832 1683 884 ut
1741 820 1885 885 aliis
1948 821 2152 883 sancti
2198 829 2429 900 partus

473 908 742 973 tandem
812 907 1180 971 videantur.
1263 906 1396 971 Sed
1464 906 1570 972 hic
1636 906 1840 970 nolim
1890 906 2089 970 alium
2127 905 2428 970 consulas

475 1016 673 1077 quam
729 992 1085 1057 Dominum
1148 1003 1215 1057 et
1286 993 1645 1067 ecclesiam,
1709 1014 1901 1076 quam
1939 992 2024 1056 sit
2057 991 2121 1055 id
2170 990 2328 1055 utile
2365 998 2429 1052 et

474 1080 548 1145 in
592 1080 865 1164 gloriam
917 1079 1058 1143 Dei.

649 1165 1020 1246 Wesplzazus
1034 1185 1166 1228 non
1190 1164 1399 1229 solum
1423 1162 1861 1229 confutandus
1883 1170 1986 1229 est
2004 1163 2427 1243 scripturis‚³)

473 1272 702 1317 verum
735 1262 850 1315 tua
879 1249 1322 1315 moderatione
1344 1251 1562 1332 palam
1588 1249 1891 1314 omnibus
1926 1259 2026 1313 est
2061 1247 2427 1314 faciendum

472 1358 670 1423 quam
721 1337 923 1401 miser
982 1338 1254 1400 insanus
1314 1337 1589 1400 aberret.
1693 1335 1770 1401 Si
1829 1358 1933 1399 me
1991 1335 2209 1407 audis,
2261 1332 2428 1397 nihil

470 1425 596 1489 nisi
622 1422 790 1505 quod
814 1422 895 1486 ad
936 1444 1074 1487 rem
1122 1423 1278 1486 facit
1312 1422 1740 1486 eucharistiae
1785 1430 2036 1504 tangeS,
2083 1439 2426 1504 personam

471 1511 646 1576 sines
683 1509 1017 1582 intactam,
1067 1519 1132 1572 et
1175 1529 1375 1589 quum
1403 1507 1728 1572 Dominus
1764 1507 2019 1571 dederit
2050 1527 2424 1572 successum

476 1596 856 1671 defensioni,
926 1616 1127 1677 quum
1196 1615 1340 1657 eam
1418 1594 1722 1657 ecclesiae
1787 1594 2131 1675 probarint
2188 1592 2426 1675 quibus

476 1681 730 1757 dicasti,
811 1682 868 1745 si
935 1701 1163 1744 rursus
1220 1677 1726 1745 confutationem
1797 1681 1892 1745 eis
1950 1680 2284 1752 inscribas,
2353 1684 2428 1741 ut

474 1768 686 1851 magis
733 1767 800 1830 in
847 1766 1070 1831 eadem
1100 1768 1442 1829 foveantur
1486 1778 1551 1829 et
1575 1767 1885 1829 uniantur
1908 1763 2219 1835 doctrina,
2258 1763 2425 1827 forte

474 1876 605 1917 non
652 1854 776 1916 erit
813 1873 1044 1934 parum
1095 1851 1271 1914 utile.
1357 1851 1621 1928 Mirum,
1668 1873 1866 1932 quum
1917 1851 2230 1915 Lutlzerus
2272 1872 2424 1914 000-

474 1941 751 2004 fessione
779 1938 1121 2001 Basiliensi
1161 1948 1506 2001 contentus
1566 1937 1862 2013 fuerit,⁴)
1910 1948 1975 2000 et
2011 1938 2136 1999 nisi
2184 1939 2424 2018 impor-

473 2034 635 2089 tune
717 2023 892 2088 aliud
973 2024 1440 2086 intervenisset
1498 2026 1704 2086 amico
1772 2036 1838 2086 et
1902 2032 2131 2105 pacato
2198 2024 2428 2085 fuisset

474 2112 693 2175 animo
755 2111 1120 2183 nobiscum,
1188 2117 1323 2171 tam
1383 2129 1524 2173 esse
1606 2109 2006 2189 Wesplzalum
2047 2117 2113 2171 et
2158 2128 2266 2171 eos
2315 2108 2425 2190 qui

474 2217 625 2261 cum
678 2217 752 2258 eo
788 2196 1036 2257 faciunt
1081 2196 1269 2269 feros,
1319 2206 1390 2257 ut
1428 2195 1612 2258 nulla
1659 2196 1910 2276 possint
1955 2195 2208 2257 ratione
2254 2196 2424 2257 cicu-

474 2282 630 2358 rari,
693 2302 892 2364 quum
949 2281 1322 2362 plenissime
1380 2280 1718 2344 fateantur
1761 2281 2068 2345 eeclesiae
2112 2279 2425 2363 quidquid

474 2369 611 2451 peti
658 2368 860 2449 possit
904 2366 982 2430 de
1019 2387 1235 2439 coena,
1276 2376 1341 2428 et
1384 2388 1584 2447 quum
1633 2382 1702 2429 tu
1760 2388 1930 2429 unus
1976 2388 2232 2449 semper
2275 2386 2424 2447 pro-

474 2454 667 2519 batus
714 2454 909 2516 fueris
957 2452 1240 2529 Lutleero,
1287 2462 1351 2515 te
1387 2456 1607 2515 ausint
1650 2454 1985 2534 impetere.
2073 2456 2172 2515 An
2228 2472 2424 2533 expe-

475 2539 648 2603 diret
697 2551 771 2603 ut
828 2539 937 2620 qui
1000 2539 1222 2601 literas
1269 2560 1307 2600 a
1353 2538 1624 2602 Lutleero
1669 2550 2074 2620 acceperunt,
2121 2536 2317 2602 urbes
2363 2548 2431 2599 et

476 2626 800 2698 ecclesiae,
850 2625 1080 2706 quibus
1103 2624 1347 2687 fatetur
1381 2646 1450 2688 so
1493 2625 1643 2707 plus
1689 2645 1890 2706 aequo
1928 2638 2178 2687 motum
2227 2626 2428 2686 fuisse

475 2722 543 2776 et
580 2713 789 2789 egisse
833 2732 1026 2791 quam
1089 2732 1206 2791 par
1271 2714 1500 2783 fuerat,
1550 2723 1819 2793 agerent
1863 2710 2034 2791 apud
2095 2711 2427 2792 principes

476 2807 544 2861 et
586 2798 763 2873 alios,
804 2810 878 2859 ut
919 2807 1401 2877 compescerent
1447 2797 1812 2860 turbatores
1858 2798 2034 2877 pacis
2070 2798 2177 2878 qui
2225 2797 2426 2860 eccle-

476 2885 606 2947 sias
664 2882 987 2951 scindunt.
1047 2892 1160 2945 aut
1205 2883 1484 2945 amicum
1540 2882 1929 2963 colloquium
1983 2882 2424 2961 admitterent,

476 2977 553 3033 ut
618 2968 856 3032 auditis
915 2967 1215 3030 omnibus
1285 2968 1541 3031 taudem
1614 2967 1852 3048 aliquid
1932 2967 2427 3033 concluderetur

479 3055 653 3120 unde
697 3054 1111 3119 ecelesiarum
1176 3055 1318 3135 paci
1365 3072 1430 3117 et
1467 3054 1843 3118 concordiae
1889 3054 2140 3119 consuli
2190 3064 2422 3137 posset.

480 3141 555 3206 Si
595 3153 661 3204 tu
701 3155 993 3223 pastores
1063 3141 1438 3218 hortareris,
1499 3163 1625 3203 non
1675 3153 1970 3222 putarem
2033 3143 2276 3204 frustra
2323 3160 2426 3204 ca-

476 3248 722 3291 surum.

651 3311 840 3391 Quod
909 3310 1144 3374 attinet
1198 3309 1278 3374 ad
1346 3331 1422 3372 ea
1479 3331 1642 3392 quae
1699 3325 1761 3373 te
1809 3321 2102 3394 tangunt,
2151 3313 2201 3374 si
2251 3310 2426 3375 Besa

479 3419 557 3461 ea
617 3405 943 3472 tractaret,
1003 3395 1271 3460 liberius
1309 3412 1526 3478 posset
1571 3408 1636 3460 et
1672 3398 1905 3461 minori
1943 3397 2188 3462 invidia
2232 3418 2424 3478 quam

478 3493 571 3558 tu,
611 3483 930 3565 siquidem
969 3482 1451 3566 perstringendi
1497 3497 1653 3546 sunt
1689 3495 1822 3546 tam
1870 3485 2043 3549 caeci
2086 3484 2196 3565 qui
2232 3484 2429 3565 plena

479 3569 622 3633 luce
666 3569 822 3632 solis
869 3589 994 3631 non
1043 3568 1267 3632 vident
1311 3587 1576 3632 coenam
1623 3581 1795 3633 recte
1832 3570 1974 3633 fieri
2011 3570 2136 3633 nisi
2182 3569 2428 3633 facibus

478 3656 786 3731 accc-usia,
847 3677 964 3718 nec
1022 3655 1179 3718 satis
1237 3665 1467 3718 ornata
1524 3665 1625 3718 est
1670 3657 1950 3735 puritate
1996 3666 2062 3719 et
2121 3656 2429 3736 simplici·

477 3753 631 3814 tate,
670 3761 797 3822 qua
820 3742 1111 3804 omnium
1150 3741 1675 3822 splendidissima
1711 3755 1973 3824 peracta
2010 3741 2155 3818 fuit,
2184 3740 2429 3803 Christi

479 3847 700 3902 coena,
770 3828 892 3889 nisi
940 3839 1003 3888 et
1062 3827 1388 3908 pontificia
1433 3839 1835 3900 ornamenta,
1883 3847 2035 3892 arae
2081 3841 2147 3890 et
2190 3830 2427 3891 missae

476 3933 734 3995 qnoque
782 3912 1044 3974 nomine
1090 3913 1378 3976 vestiant
1410 3932 1698 3988 coenam,
1738 3915 1894 3996 quin
1935 3929 2194 3994 praeter
2231 3912 2427 3976 libros

478 4019 714 4070 sacros,
784 3997 956 4060 unde
1023 3998 1167 4060 vult
1232 3996 1448 4062 doceri
1513 3999 1762 4080 plebem
1826 4019 2007 4064 suam
2079 3999 2425 4074 Dominus,

476 4085 651 4148 idola
687 4086 754 4147 in
817 4085 1074 4165 templis
1143 4095 1211 4146 ut
1271 4083 1467 4147 libros
1515 4084 1737 4149 haberi
1784 4087 2032 4163 volunt,
2079 4096 2146 4148 et
2180 4085 2429 4149 audent

477 4185 786 4234 truncare
832 4170 1191 4233 absolutam
1240 4170 1447 4252 legem
1497 4171 1762 4234 Domini
1811 4172 1890 4234 de
1935 4192 2068 4236 non
2112 4170 2426 4235 faciendis

475 4255 686 4326 idolis,
733 4267 798 4318 et
845 4256 1082 4319 mirum
1131 4276 1323 4336 quam
1371 4255 1496 4319 sibi
1541 4270 1768 4320 contra
1820 4257 2094 4322 verbum
2152 4257 2425 4320 Domini

474 4356 795 4425 usurpent
841 4361 1005 4423 quae
1051 4342 1283 4404 merito
1329 4343 1823 4425 perstringenda
1867 4357 2037 4408 sunt.
2097 4343 2229 4408 Sed
2286 4364 2424 4406 ma·

477 4428 594 4492 lim
664 4450 779 4510 per
845 4429 1046 4492 alium
1107 4428 1247 4491 fieri
1316 4449 1510 4509 quam
1579 4450 1695 4510 per
1761 4441 1843 4502 tc,
1891 4445 1964 4493 ut
2006 4429 2277 4493 videant
2341 4450 2424 4491 ex

478 4515 756 4598 simplici
806 4525 917 4577 tua
965 4514 1355 4578 tractatione
1399 4514 1493 4577 rei
1538 4513 1691 4595 quid
1728 4515 1807 4578 ad
1848 4537 2115 4580 manum
2164 4515 2423 4589 habeas,

471 4603 530 4665 si
579 4601 743 4666 velis
788 4599 915 4664 alia
960 4620 1155 4681 quam
1192 4620 1356 4681 quae
1393 4599 1474 4662 ad
1520 4621 1788 4664 coenam
1814 4603 2100 4666 attinent
2123 4611 2422 4666 tractare.

683 4821 742 4886 2)
787 4821 869 4886 Cf.
918 4821 995 4877 N.
1042 4821 1195 4876 2318.
1268 4822 1485 4877 Psalmi
1529 4829 1654 4889 post
1706 4824 1981 4877 biennium
2035 4822 2243 4876 demum
2295 4839 2424 4889 pro-

474 4888 712 4946 dierunt.
767 4890 970 4944 Eodem
1007 4908 1152 4944 anno
1176 4891 1419 4954 Hosec183
1457 4891 1706 4946 Minores
1743 4909 1925 4945 omnes
1953 4909 2002 4945 a.
2024 4890 2177 4955 1559,
2217 4889 2425 4944 Daniel

479 4959 630 5024 1561,
679 4959 948 5013 Jeremias
1001 4959 1150 5013 1563.
1227 4961 1529 5014 Ezechielis
1576 4977 1713 5029 par-x
1761 4969 1885 5029 post
1935 4962 2132 5016 obitum
2187 4962 2420 5013 autoris.

475 5025 704 5083 Jesai‘as
738 5031 948 5097 pridem
985 5029 1161 5082 editus
1194 5032 1393 5092 fuerat.

683 5097 742 5162 3)
799 5098 927 5150 Vide
958 5099 1171 5152 ibidem.

682 5167 743 5224 4)
787 5167 1017 5221 Lumen·
1049 5168 1274 5232 epistola
1309 5167 1385 5222 ad
1413 5166 1729 5222 Tur-’ceum
1754 5168 2059 5222 Beruenses
2078 5166 2422 5220 Bam‘toenm

475 5241 572 5289 etc.
638 5233 750 5290 Cal.
790 5234 916 5290 Dec.
961 5235 1094 5289 1537
1130 5237 1264 5291 daea
1315 5238 1509 5305 ἱερέων
1545 5253 1633 5305 ap.
1673 5237 1762 5291 De
1797 5236 1963 5292 Wette
1996 5237 2059 5291 V.
2098 5253 2155 5306 p.
2188 5234 2273 5289 83.
2332 5234 2419 5301 Cf.

480 5303 591 5374 Ep.
633 5305 709 5358 ad
744 5303 1016 5360 But-emm
1052 5307 1122 5358 ib.
1157 5324 1208 5373 p.
1246 5303 1331 5360 87.

1993 369 2516 438 EPISTOLAE
2562 372 2987 433 2325—2327

4362 373 4489 435 824

2537 556 2674 622 Sed
2731 557 2810 622 de
2864 558 2988 635 his,
3034 568 3101 623 et
3144 558 3288 623 aliis
3333 579 3496 641 quae
3540 558 3751 643 magis
3794 559 4171 641 expediunt,
4217 580 4351 624 000
4388 568 4488 626 est

2535 641 2707 725 quod
2774 644 3256 726 imprudentiae
3320 665 3507 709 meae
3570 646 3957 726 acquiescas.
4046 645 4272 710 Habes
4331 667 4484 728 pru·

2537 729 2826 794 dentiam
2865 741 2934 794 et
2976 730 3316 794 consilium
3352 751 3392 794 a
3428 730 3711 795 Domino
3752 731 3871 796 tibi
3915 731 4068 795 data
4127 752 4255 796 non
4293 752 4485 813 parce

2536 816 2648 879 sed
2694 837 2890 897 quam
2926 817 3267 882 fusissime.
3349 816 3552 883 Utere
3596 828 3672 880 ut
3714 818 3873 883 facis
3917 818 3987 881 10
4034 817 4311 900 gloriam
4349 818 4484 883 Do-

2535 902 2720 965 mini.
2810 903 3066 966 Verum
3124 910 3446 985 quantum
3504 901 3617 966 tibi
3667 903 3772 968 hic
3818 902 4059 977 defer0,
4104 915 4368 969 tantum
4411 907 4483 969 in

2536 988 2811 1052 alteram
2858 988 3106 1053 inclino
3160 1000 3415 1070 partem
3467 991 3604 1052 eius
3662 989 3832 1069 quod
3890 991 4071 1072 cupis
4114 992 4182 1054 in
4228 1012 4485 1056 secessu

2534 1072 2756 1154 latere,
2802 1084 2875 1138 ut
2917 1076 3128 1158 magis
3172 1076 3310 1156 ipse
3354 1084 3571 1158 optem
3617 1088 3681 1137 te
3726 1076 4135 1140 manifestius
4182 1075 4484 1142 omnibus

2534 1160 2769 1235 lucere,
2816 1170 2882 1223 et
2924 1168 3000 1224 ut
3023 1160 3248 1224 urbem
3292 1161 3364 1224 in
3413 1160 3628 1225 altiori
3670 1163 3914 1227 montis
3958 1184 4213 1227 summo
4235 1163 4484 1228 vertice

2535 1247 2728 1309 sitam
2785 1267 2861 1311 ac
2919 1245 3289 1328 lampadem
3353 1247 3424 1310 in
3461 1246 3717 1311 editiori
3760 1248 3898 1312 loco
3944 1249 4133 1312 sitam
4180 1247 4481 1315 omnibus

2535 1330 2743 1395 videri
2802 1342 2871 1396 et
2937 1332 3171 1409 lucere,
3240 1353 3366 1414 quo
3434 1335 3644 1415 magis
3711 1342 3778 1397 et
3826 1336 4035 1417 magis
4082 1334 4484 1417 glorificetur

2534 1415 2859 1482 Christus.
2934 1418 3155 1500 Teque
3192 1439 3428 1500 quaeso
3472 1428 3546 1484 ut
3592 1418 3769 1482 aliud
3795 1441 3880 1482 ne
3915 1421 4159 1505 cogites
4195 1420 4479 1503 quidem,

2533 1503 2955 1586 quantumvis
3037 1505 3322 1568 »Satanas
3389 1505 3702 1570 molestus
3768 1506 3884 1569 tibi
3955 1528 4103 1571 eum
4172 1507 4306 1571 suis
4373 1509 4477 1573 sit.

2533 1590 2895 1654 Contentus
2933 1598 3072 1654 esto
3117 1589 3283 1672 quod
3324 1591 3609 1655 Domino
3646 1592 3912 1669 servias,
3951 1603 4018 1656 et
4061 1592 4233 1674 quod
4277 1594 4371 1657 ita
4416 1604 4483 1657 te

2534 1676 2692 1739 velit
2747 1675 3040 1739 laborare
3100 1687 3168 1741 et
3203 1677 3356 1759 pati.
3452 1678 3572 1741 Dei
3628 1679 3800 1741 enim
3869 1677 4300 1753 voluntatem,
4349 1700 4482 1743 non

2531 1771 2840 1835 nostram,
2880 1763 3021 1825 fieri
3066 1770 3338 1844 oportet.
3426 1762 3532 1827 Sit
3576 1785 3817 1828 nomen
3864 1764 4132 1828 Domini
4180 1764 4478 1830 benedic-

2532 1857 2690 1911 tum.
2783 1848 2915 1912 Per
2979 1869 3088 1911 606
3157 1859 3222 1913 et
3286 1849 3370 1912 iis
3436 1850 3795 1914 rationibus
3860 1872 3979 1915 nos
4023 1852 4255 1935 affligit
4299 1851 4481 1917 Deus

2530 1954 2648 2015 per
2713 1955 2876 2017 quos
2945 1934 3088 1998 vult
3151 1943 3216 1998 et
3274 1943 3470 2016 prout-
3535 1936 3696 2011 vult,
3756 1944 3824 1998 et
3868 1947 3944 1999 ut
3986 1956 4054 2000 66
4100 1937 4481 2003 invocemus

2529 2019 2767 2083 invitat
2825 2028 2888 2084 et
2944 2020 3141 2093 iubet,
3210 2030 3286 2084 ut
3353 2042 3391 2084 a
3448 2022 3637 2086 malis
3683 2021 4050 2085 liberemur.
4140 2023 4369 2087 Videat
4415 2032 4482 2088 et

2530 2104 2772 2169 iudicet
2818 2125 3015 2188 quam
3055 2107 3271 2187 inique
3293 2107 3634 2171 nobiscum
3670 2118 3923 2191 agatur,
3969 2117 4033 2172 et
4068 2109 4254 2173 nobis
4291 2108 4478 2175 adsit.

2533 2189 2722 2271 Quod
2759 2201 2825 2255 et
2865 2192 3019 2254 facit
3064 2202 3130 2255 et
3172 2194 3381 2256 faciet.

2706 2276 3037 2341 Mirabilis
3095 2287 3161 2341 te
3219 2279 3513 2343 salutans
3568 2279 3759 2343 iussit
3803 2290 3877 2342 ut
3922 2290 3984 2344 te
4031 2301 4325 2363 rogarem
4363 2303 4482 2363 pro

2530 2363 2734 2443 ipsius
2794 2377 3049 2445 nepote,
3108 2386 3189 2427 ex
3234 2364 3438 2427 fratre
3486 2364 3647 2429 Iona
3688 2365 3951 2443 seilicet,
3999 2368 4108 2448 qui
4152 2367 4302 2431 istic
4348 2369 4483 2450 egit

2533 2449 2704 2529 apud
2734 2448 3133 2525 Baduellam,
3177 2460 3245 2513 ut
3284 2451 3338 2514 si
3376 2471 3568 2531 quem
3604 2452 3865 2515 noveris
3903 2453 4182 2534 peritum
4224 2466 4292 2516 at
4331 2475 4483 2535 pro-

2532 2535 2687 2599 bum
2731 2536 3131 2613 infectorcm,
3179 2534 3351 2617 apud
3386 2559 3581 2619 quem
3608 2536 3806 2602 Ionas
3848 2559 3988 2602 esse
4029 2540 4250 2620 possit,
4297 2539 4483 2605 nobis

2529 2620 2792 2686 indices.
2862 2622 3032 2686 Eece
3082 2621 3235 2703 quid
3281 2621 3395 2685 abs
3444 2634 3506 2686 te
3554 2636 3784 2704 petam.
3852 2622 4043 2704 Quod
4083 2627 4138 2687 si
4166 2625 4335 2690 alius
4380 2626 4481 2690 fa-

2533 2717 2710 2771 ceret
2764 2707 3173 2790 arguendum
3234 2707 3421 2772 valde
3481 2707 3866 2773 iudicarem:
3924 2709 4034 2773 sed
4082 2711 4254 2774 malo
4298 2712 4371 2774 in
4414 2726 4483 2776 te

2534 2813 2801 2875 peccare
2868 2814 3063 2875 quam
3123 2814 3258 2856 non
3325 2804 3499 2858 stare
3560 2796 3910 2876 promissis.
4000 2796 4242 2878 Recepi
4303 2798 4483 2862 enim

2533 2901 2637 2942 me
2682 2879 2763 2943 ad
2808 2888 2873 2942 te
2913 2879 3109 2942 huius
3156 2881 3369 2962 gratia
3413 2881 3831 2962 scripturum.
3919 2880 4078 2946 Ideo
4124 2882 4278 2946 boni
4322 2905 4478 2949 con-

2533 2964 2692 3029 sule.
2783 2964 3137 3029 Praeterea
3196 2977 3379 3047 pater
3440 2966 3635 3030 Ionae
3693 2967 3897 3030 voluit
3941 2990 4045 3033 me
4092 2991 4293 3032 unum
4340 2993 4483 3036 esse

2534 3072 2615 3116 ex
2660 3051 2741 3115 iis
2786 3053 2897 3134 qui
2944 3075 2977 3116 e
3021 3072 3201 3116 sacro
3238 3053 3415 3117 fonte
3457 3074 3733 3135 puerum
3783 3066 3936 3119 tunc
3981 3054 4303 3120 levarunt.

2706 3138 3012 3202 Christus
3077 3137 3189 3202 det
3254 3149 3327 3202 ut
3385 3159 3466 3202 ex
3530 3139 3830 3222 Philippo
3874 3140 4138 3205 tandem
4184 3143 4481 3208 obtineas

2532 3222 2702 3305 quod
2759 3226 2993 3288 merito
3053 3223 3259 3288 debet.
3352 3224 3514 3289 Vale
3582 3225 3776 3302 bene,
3846 3237 3911 3290 et
3970 3228 4176 3292 fretus
4240 3250 4360 3311 ope
4414 3239 4482 3293 et

2533 3311 2960 3391 promissione
3002 3309 3255 3374 Christi
3302 3310 3638 3393 triumpha
3681 3313 4020 3376 exsultans
4069 3316 4134 3378 in
4180 3315 4483 3380 omnibus

2534 3394 2743 3460 turbis
2788 3404 2854 3460 et
2887 3396 3079 3460 malis
3124 3396 3361 3477 quibus
3418 3409 3690 3461 conatur
3747 3397 4029 3463 Satanas
4094 3410 4159 3464 te
4216 3405 4481 3466 turbare

2534 3492 2600 3545 et
2653 3481 2985 3548 afflictare.
3078 3480 3207 3561 Qui
3270 3482 3425 3548 vicit
3472 3482 3784 3548 mundum
3832 3485 4066 3549 merito
4112 3486 4481 3568 suspicien-

2533 3565 2658 3631 dus
2713 3581 2829 3631 est.
2917 3567 3167 3631 Intueri
3225 3569 3401 3632 enim
3446 3590 3598 3633 eum
3641 3571 3889 3635 sanitas
3935 3585 4035 3635 est
4075 3580 4143 3636 et
4188 3574 4479 3638 victoria.

2535 3652 2744 3735 Cupio
2789 3653 3070 3736 collegas
3106 3674 3253 3718 cum
3277 3654 3405 3737 piis
3444 3654 3748 3720 omnibus
3793 3659 4026 3734 salvos,
4076 3680 4159 3722 ne
4182 3670 4477 3740 praeter·

2532 3761 2678 3803 eam
2737 3741 2875 3823 pios
2933 3739 3238 3823 syndicos
3299 3751 3365 3804 et
3422 3751 3776 3817 senatores,
3830 3763 3991 3825 quos
4057 3744 4476 3809 commenda-

2536 3847 2682 3891 mus
2738 3826 3045 3902 Domino,
3115 3835 3182 3889 et
3246 3826 3438 3890 istam
3506 3826 3846 3892 ecclesiam
3910 3850 4105 3910 quam
4152 3841 4370 3896 servet
4411 3845 4478 3896 et

2534 3924 2773 3995 augeat
2815 3910 3158 3977 Dominus.
3228 3912 3448 3975 Nostri
3489 3923 3552 3977 te
3596 3913 3904 3989 salutant,
3951 3914 4196 4000 collega
4238 3927 4307 3981 et
4330 3915 4479 3982 Μα-

2531 3999 2802 4061 turinus.
2896 3997 3203 4062 Ncoeomi
3252 4003 3340 4060 17.
3388 3996 3690 4063 Octobris
3744 4007 3922 4063 1555.

2705 4083 2831 4147 Cui
2884 4091 3032 4149 tuas
3085 4093 3448 4166 postremas
3495 4083 3575 4148 ad
3622 4105 3726 4149 me
3763 4085 3986 4152 literas
4030 4085 4271 4152 dedisti
4311 4090 4480 4154 mihi

2532 4191 2662 4234 non
2724 4168 3027 4246 reddidit,
3096 4167 3211 4233 sed
3265 4191 3383 4253 per
3428 4169 3639 4234 fih'um
3688 4171 3964 4254 hospitis
4007 4174 4199 4258 Nigri
4243 4177 4476 4258 capitis

2532 4254 2716 4321 reddi
2767 4258 3038 4320 curavit.
3130 4256 3527 4339 Resignatae
3585 4257 3748 4321 mihi
3811 4260 3985 4322 visae
4042 4270 4200 4325 sunt
4254 4261 4476 4327 fuisse.

2533 4341 2665 4406 Sed
2711 4340 2868 4424 quid
2914 4350 3013 4406 est
3055 4342 3329 4424 periculi
3376 4342 3455 4406 ab
3492 4342 3870 4408 hominibus
3914 4346 3985 4408 in
4032 4347 4109 4410 iis
4143 4368 4310 4429 quae
4354 4350 4480 4411 sci-

2532 4449 2679 4492 mus
2727 4449 2764 4491 a
2808 4426 2951 4492 Deo
2998 4447 3131 4492 non
3176 4426 3523 4493 damnari?

3762 4567 3942 4632 Tuus
3988 4568 4303 4634 Farellus.
