4850 6200
491 415 615 481 307

486 600 662 690 quod
706 600 1058 670 concedere
1113 598 1297 666 nulla
1351 599 1519 665 ratio
1561 603 1773 676 vetat,
1832 599 1904 663 in
1948 596 2120 664 idem
2165 598 2440 664 morosi-

480 690 643 756 tatis
686 688 925 753 vitium
969 683 1443 762 incidissemus,
1488 684 1561 748 in
1603 705 1731 769 quo
1760 681 1857 749 illi
1893 684 2130 750 merito
2166 704 2208 748 a
2248 683 2438 750 nobis

489 773 906 841 damnantur.
988 774 1089 839 Ac
1145 771 1379 850 miror,
1450 790 1652 855 quum
1712 771 1782 834 in
1840 768 2229 855 quibusdam
2286 768 2436 852 plus

483 881 692 945 aequo
744 857 956 924 timidi
1014 859 1183 938 sitis,
1238 855 1563 942 quomodo
1620 854 1730 922 hic
1788 856 1976 923 vobis
2032 856 2101 921 in
2142 862 2435 920 mentem

485 967 620 1012 non
662 946 919 1011 venerit
973 943 1245 1010 offensio
1261 994 1277 1022 ,
1335 963 1530 1027 quam
1591 941 1886 1025 plerique
1942 941 2094 1008 boni
2153 950 2221 1006 et
2262 938 2435 1006 docti

485 1052 568 1098 ex
614 1030 849 1097 frivola
891 1030 1328 1114 repugnantia
1362 1028 1795 1111 conciperent.
1885 1027 2053 1092 Nam
2099 1046 2434 1092 sermones

483 1136 630 1183 cum
676 1117 900 1182 multis
943 1115 1150 1182 habiti
1191 1113 1315 1181 hoc
1356 1112 1519 1179 mihi
1562 1121 1999 1191 extorserunt,
2066 1132 2152 1177 ne
2195 1109 2276 1179 de
2318 1132 2435 1177 vo·

484 1203 632 1270 cula
696 1203 825 1267 ista
879 1199 1359 1267 contenderem.
1460 1198 1725 1265 Diserte
1786 1201 2042 1264 interea
2105 1197 2282 1277 cavi,
2348 1219 2435 1263 ne

482 1288 588 1354 vel
632 1287 1025 1373 ambiguitas
1081 1286 1400 1370 captionis
1453 1294 1625 1351 esset
1683 1284 1962 1364 occasio,
2021 1284 2128 1349 vel
2187 1284 2434 1348 frustra

479 1374 800 1441 hactenns
842 1382 958 1438 aut
1012 1372 1092 1438 de
1134 1370 1341 1437 nihilo
1398 1371 1720 1455 quispiam
1781 1390 1900 1435 nos
1956 1390 2282 1456 pugnasse
2327 1369 2432 1434 in-

480 1460 759 1526 simulet.
850 1459 1150 1542 Denique
1204 1478 1286 1522 ex
1342 1456 1546 1523 animi
1590 1456 1791 1522 vestri
1847 1456 2174 1522 sententia
2213 1454 2431 1522 locum

477 1546 860 1612 restitutum
904 1565 1049 1609 esse
1090 1542 1359 1609 confido.

650 1631 845 1696 Nunc
888 1635 1217 1713 superest,
1276 1626 1668 1694 observandi
1711 1628 1964 1705 fratres,
2023 1634 2101 1693 ut
2142 1626 2429 1693 mediam

479 1716 651 1783 hanc
695 1715 1015 1781 rationem
1036 1766 1052 1793 ,
1096 1715 1218 1779 etsi
1283 1735 1323 1780 a
1363 1723 1584 1780 vestro
1626 1714 2029 1797 praescripto
2086 1713 2431 1798 paululum

479 1801 767 1868 deflectit
788 1852 805 1879 ‚
893 1801 1081 1884 aequi
1181 1799 1464 1884 bonique
1519 1799 1893 1865 consulatis.
2036 1800 2149 1865 Me
2250 1808 2429 1864 certe

476 1907 607 1952 non
674 1887 943 1953 retinuit
1019 1883 1341 1965 αὐθάδεια,
1426 1886 1773 1969 quominus
1850 1886 1991 1951 sine
2047 1885 2429 1968 exceptione

477 1980 697 2039 vestro
761 1970 1030 2038 consilio
1106 1991 1425 2053 parerem.
1570 1968 1706 2036 Sed
1827 1992 1987 2036 uum
2067 1971 2231 2036 mihi
2308 1991 2429 2054 per

476 2080 595 2124 vos
660 2058 912 2125 licitum
989 2077 1130 2123 esse
1210 2056 1602 2122 confiderem
1713 1993 1832 2121 uid
1911 2057 2219 2123 ecclesiae
2296 2056 2427 2122 Dei

476 2144 794 2227 expediat,
837 2153 1146 2228 tanquam
1208 2163 1413 2207 unum
1470 2163 1551 2206 ex
1596 2162 1683 2207 vo
1727 2143 1813 2221 is,
1874 2163 1993 2226 pro
2051 2163 2199 2208 mea
2239 2153 2426 2226 parte

475 2228 871 2308 discernere,
929 2228 1051 2295 hoc
1093 2229 1234 2294 iure
1279 2229 1502 2306 fretus,
1543 2247 1904 2311 proponere
1946 2250 2079 2295 non
2126 2227 2425 2294 dubitavi

475 2313 645 2399 quod
700 2314 809 2381 hic
866 2314 1123 2379 videtis.
1213 2312 1406 2395 Quod
1462 2314 1517 2380 si
1578 2335 1684 2378 me
1728 2323 2004 2379 eventus
2049 2315 2423 2392 frustretur,

473 2399 765 2466 laborem
810 2400 983 2466 hunc
1024 2420 1241 2465 meum
1289 2400 1608 2483 supprimi
1658 2398 2032 2482 praestabit,
2078 2421 2275 2485 quam
2319 2420 2426 2465 me

472 2487 648 2552 ultra
689 2507 829 2552 esse
871 2486 1055 2552 vobis
1097 2485 1466 2552 molestum.
1553 2485 1810 2563 Valete,
1855 2484 2249 2552 observandi
2290 2487 2423 2551 fra-

471 2582 624 2639 tres.
712 2571 1039 2639 Dominus
1081 2592 1199 2638 vos
1240 2572 1478 2657 spiritu
1521 2592 1639 2637 suo
1684 2592 1908 2656 regere
1952 2581 2021 2637 et
2059 2572 2201 2658 pios
2242 2571 2424 2638 labo-

470 2679 575 2724 res
618 2667 871 2725 vestros
926 2657 1309 2725 benedicere
1366 2667 1617 2742 pergat.
1704 2656 2014 2743 Collegae
2058 2659 2186 2723 mei
2231 2678 2422 2723 reve-

468 2751 691 2810 renter
732 2764 850 2811 vos
894 2745 1202 2811 salutant.
1294 2743 1607 2811 Genevae
1657 2749 1754 2807 13.
1800 2744 2193 2810 Novembris
2234 2747 2416 2809 1554.

1411 2880 1698 2946 Ioannes
1739 2879 2058 2947 Calvinus
2098 2890 2333 2948 vester.

1252 3188 1660 3202 ——m

1338 3441 1539 3513 2⁰43.

951 3595 1441 3665 RABO'P'I'US
1487 3597 1925 3667 OALVINO.

462 3854 607 3920 m
639 3765 896 3835 Calvino
933 3771 1182 3854 pretias
1223 3771 1356 3854 aqit
1396 3770 1474 3835 de
1515 3769 1721 3855 officio
1762 3772 2025 3855 quodam
2069 3771 2195 3838 sibi
2226 3793 2414 3857 prae-

770 4026 881 4091 (Ex
917 4026 1253 4096 autographo
1288 4026 1417 4081 Cod.
1454 4027 1658 4084 Gener.
1695 4028 1812 4094 109,
1848 4030 1940 4084 fol.
1976 4027 2090 4092 53.)

640 4197 700 4261 A
744 4197 1100 4278 monsieur,
1145 4198 1477 4264 monsieur
1518 4200 1787 4266 maistre
1828 4200 1992 4267 Iean
2035 4201 2274 4269 Oalvin

1795 4304 1860 4370 A
1905 4303 2196 4374 Geneve.

636 4435 741 4502 Ab
786 4456 862 4500 eo
904 4446 1194 4519 tempore
1237 4458 1365 4521 quo
1409 4437 1537 4504 huc
1581 4441 1732 4506 veni
1780 4442 1985 4507 semel
2027 4442 2111 4508 ad
2150 4453 2218 4509 te
2260 4441 2411 4508 dedi

463 4520 708 4600 literas,
735 4521 787 4605 ¹)
860 4520 1119 4587 domine
1193 4525 1284 4588 mi
1360 4524 1947 4593 observandissime
2025 4538 2091 4594 et
2168 4539 2407 4613 pastor.

466 4605 723 4689 Quibus
767 4626 887 4690 ope
931 4607 1195 4672 Domini
1245 4619 1359 4675 tuo
1401 4632 1508 4676 me
1550 4614 1843 4696 paruisse
1899 4614 2172 4680 consilio
2214 4616 2408 4681 nosti.

465 4695 528 4758 A
574 4704 640 4759 te
682 4691 943 4776 quidem
988 4694 1207 4759 nullas
1249 4697 1494 4779 accepi:
1552 4719 1675 4765 neo
1728 4697 1812 4764 ad
1856 4699 1977 4766 hoc
2019 4707 2086 4766 te
2128 4701 2412 4767 invitare

466 4800 611 4844 sum
656 4799 859 4878 ausus
900 4780 981 4846 ob
1017 4779 1470 4864 quotidianum
1511 4805 1750 4884 munus
1785 4797 1975 4850 tuum
2009 4796 2076 4851 et
2117 4787 2413 4872 ingentia

465 4875 728 5014 aut?
768 4885 954 5032 ξε.
989 4866 1402 5019 pessit.
1424 4869 1796 5039 “tisun
1813 4891 2104 5040 „⁰332
2118 4878 2412 5041 effi

467 5047 580 5100 tuo
636 5035 998 5102 concedunt
1054 5049 1248 5121 atque
1295 5043 1651 5123 patiuntur.
1739 5042 2183 5110 Nihilominus
2239 5044 2411 5127 quod

465 5119 618 5185 inde
660 5123 786 5184 mei
833 5124 1146 5189 memoria
1186 5146 1269 5189 ex
1315 5129 1534 5193 animo
1576 5141 1687 5194 tuo
1733 5128 1906 5193 haud
1950 5129 2267 5196 exciderit
2305 5149 2410 5196 sa-
2509 5144 2611 5197 1²⁰³

457 5325 728 5389 2048.1)
764 5325 1086 5396 deperditas.
1163 5328 1250 5382 De
1289 5331 1527 5386 Rabona
1559 5333 1682 5401 ipso
1717 5349 1765 5388 v.
1803 5331 1951 5388 1379.
1990 5333 2140 5389 1389.
2181 5332 2333 5418 ime.

1993 405 2519 476 EPIS'POLAE
2566 409 2992 475 2042-2045

4367 410 4492 475 30⁸

2546 596 2633 663 tis
2692 617 2777 662 ex
2833 595 2918 663 D.
2967 594 3257 682 Georgio
3298 594 3602 664 Παιῶνα
3642 596 3747 663 his
3792 595 4019 665 diebus
4074 595 4493 681 deprehendi.

2542 682 2716 748 Nam
2760 703 2982 749 rerum
3026 703 3325 749 mearum
3375 703 3598 749 curam
3657 687 3798 767 (tuo
3839 683 4095 767 favore)
4148 689 4491 767 susceptu·

2540 788 2688 833 rum
2747 769 2912 834 mihi
2968 768 3296 855 pollicitus
3363 778 3480 835 est.
3585 767 3811 852 Quare
3872 789 4074 854 quum
4135 769 4493 836 immensas
4558 816 4564 822 -

2540 851 2661 919 tibi
2705 856 2950 940 gratias
2994 854 3269 920 habeam
3287 907 3304 935 ,
3358 854 3484 923 hoc
3528 877 3569 921 a
3616 863 3682 921 te
3724 855 3938 921 denuo
3990 875 4265 921 exorare
4320 854 4493 922 den·

2538 938 2715 1019 dero,
2758 961 2886 1025 quo
2930 941 3035 1006 his
3069 941 3370 1026 perlectis
3403 941 3614 1008 literis
3648 962 3798 1009 cum
3834 961 3913 1007 eo
3946 941 4183 1006 iterum
4218 940 4496 1009 huiusce

2538 1027 2632 1091 rei
2674 1027 2944 1093 unicum
2988 1035 3245 1093 tantum
3279 1028 3553 1094 verbum
3596 1028 3828 1094 facias:
3870 1035 3949 1093 ut
3990 1047 4190 1112 quum
4212 1024 4491 1112 Lugdu·

2538 1133 2699 1177 num
2756 1111 3068 1197 appulero
3121 1111 3324 1196 (quod
3377 1114 3521 1179 Deo
3579 1114 3778 1179 dante
3830 1133 4023 1197 spero
4079 1110 4487 1197 propediem)

2537 1207 2606 1263 et
2647 1199 2936 1282 aequiori
2982 1199 3202 1264 animo
3244 1201 3509 1284 negotia
3565 1220 3711 1265 mea
3764 1200 4077 1283 suscipiat
4127 1207 4197 1264 et
4237 1198 4321 1264 ad
4359 1198 4488 1264 alia

2536 1284 2703 1348 mihi
2747 1283 3067 1349 auxilium
3105 1294 3408 1368 praestet.
3474 1283 3650 1350 Illud
3673 1305 3809 1350 nou
3855 1305 3999 1351 sum
4023 1285 4153 1350 iter
4193 1283 4489 1351 facturus

2535 1370 2697 1520 {uin
2755 1379 2822 1436 te
2877 1370 3161 1437 invisam
3218 1379 3285 1436 et
3338 1370 3420 1436 de
3476 1370 3800 1454 aliquibus
3866 1379 4079 1437 tecum
4134 1371 4487 1436 conferam.

2684 1455 2919 1539 quibus
2976 1457 3240 1521 interim
3308 1456 3440 1522 tuis
3488 1478 3899 1543 summopere
3970 1476 4130 1542 egeo
4182 1456 4485 1539 precibus

2535 1541 2708 1625 apud
2752 1540 3136 1620 Dominum,
3181 1563 3377 1627 quem
3421 1564 3579 1628 rogo
3633 1550 3706 1609 ut
3760 1543 3972 1627 magis
4025 1550 4219 1626 atque
4270 1544 4487 1627 magis

2536 1626 2823 1693 stabiliat
2879 1646 2992 1694 cor
3044 1637 3233 1693 tuum
3290 1637 3357 1693 et
3410 1642 3475 1693 te
3518 1628 3771 1694 salvum
3833 1640 4026 1712 atque
4091 1626 4484 1693 incolumem

2534 1712 2876 1779 custodiat.
2966 1714 3057 1779 Et
3099 1714 3264 1794 vale,
3308 1715 3402 1779 mi
3444 1715 3748 1789 Domine,
3792 1714 4131 1798 filiumque
4164 1722 4355 1779 tuum
4398 1734 4484 1778 ex

2534 1800 2753 1864 animo
2798 1799 3206 1883 amplectere,
3261 1820 3519 1884 quaeso,
3577 1822 3771 1884 quem
3813 1801 4116 1867 omnibus
4156 1797 4485 1866 mandatis

2534 1887 2666 1951 tuis
2795 1885 3236 1951 aratissimum
3320 1906 3581 1970 semper
3654 1888 3969 1953 iuvenies.
4077 1887 4482 1971 Argentinae

2531 1969 2699 2036 Idib.
2811 1971 3064 2038 ovemb.
3120 1976 3299 2037 1554.

3271 2108 3454 2175 Tuus
3497 2111 3717 2175 animo
3760 2117 3827 2175 et
3868 2107 4084 2176 studio
4124 2109 4366 2176 filiolus

3136 2193 3558 2260 Guillielmus
3608 2195 3934 2261 Rabottus
3989 2195 4489 2280 cognominatus

3453 2281 3782 2367 Georgius
3828 2281 3909 2346 de
3952 2280 4172 2349 Salen.

3403 2788 3602 2861 2⁰44.

3069 2926 3538 2996 CALVINUS
3585 2928 3934 2997 GRAYO.

2703 3101 2973 3167 Tri-stem
3015 3121 3231 3167 casum
3270 3100 3694 3168 nobilissimae
3749 3102 3887 3168 eius
3940 3102 4231 3187 familiae
4279 3104 4472 3185 deflet.

2523 3186 2789 3253 saliatem
2830 3188 2963 3269 ipsi
3002 3206 3348 3254 concessam
3384 3187 3777 3272 yratuzatur,
3844 3190 4127 3256 animum
4175 3189 4317 3257 eius
4346 3191 4472 3272 pia

2523 3271 2934 3357 alloquutione
2974 3274 3208 3358 erigere
3247 3278 3505 3339 conatur
3548 3279 3604 3339 et
3651 3295 3774 3359 pro
3822 3275 4148 3343 Tremellio
4203 3280 4261 3342 et
4312 3277 4469 3355 suis,

2521 3360 2634 3441 qui
2665 3364 2722 3425 et
2754 3359 2884 3441 ipsi
2918 3361 2986 3423 in
3015 3357 3368 3425 britannica
3402 3379 3617 3425 rerum
3649 3363 4043 3430 conversione
4071 3363 4237 3430 male
4266 3362 4473 3446 affecti

2520 3446 2794 3525 fuerunt,
2831 3443 3165 3511 intercedit.

2522 3614 2937 3680 (Anthenticum
2981 3632 3089 3671 non
3137 3619 3319 3671 exstat
3362 3617 3657 3689 exemplar.
3728 3618 3894 3673 Plura
3944 3625 4127 3674 tamen
4163 3637 4196 3673 a
4406 3620 4479 3674 ha

2520 3685 2590 3738 ad
2625 3701 2844 3739 manum
2878 3685 3124 3739 fuerunt:
3162 3685 3505 3740 Genevensia
3538 3687 3646 3741 duo
3681 3686 3809 3743 Cod.
3852 3686 3996 3756 107⁸,
4030 3689 4122 3744 fol.
4158 3687 4190 3741 7
4261 3696 4320 3742 et
4384 3687 4476 3756 08,

2521 3753 2616 3810 fol.
2652 3752 2746 3822 19;
2798 3754 3070 3808 Bornense
3106 3755 3245 3824 Epp.
3284 3754 3385 3809 VI.
3420 3772 3476 3823 p.
3515 3752 3619 3810 35⁷
3664 3761 3722 3810 et
3756 3757 3971 3812 Simleri
4010 3757 4134 3812 Vol.
4166 3755 4252 3812 83.
4321 3758 4475 3824 Quae

2521 3823 2670 3877 varie
2704 3825 2849 3877 inter
2882 3839 2942 3877 se
2976 3824 3234 3877 differunt
3268 3833 3325 3877 et
3359 3830 3567 3878 textum
3586 3841 3694 3879 non
3713 3826 3915 3896 ubique
3950 3844 4139 3881 sanum
4175 3828 4442 3897 praebent
4456 3847 4472 3880 z

2519 3908 2678 3961 quem
2713 3902 2895 3947 tamen
2932 3893 3163 3947 alterum
3198 3909 3267 3948 ex
3302 3893 3476 3947 altero
3500 3894 3851 3949 emendantes
3876 3897 4024 3950 nullo
4058 3913 4095 3950 u
4200 3897 4279 3950 tio
4312 3896 4468 3952 resti·

2518 3967 2674 4016 tuere
2747 3962 2998 4015 otuimus.
3072 3962 3262 4016 Edidit
3296 3961 3415 4016 Soc.
3452 3961 3787 4017 Parkcriana
3821 3965 3991 4018 latine
4025 3965 4084 4018 in
4168 3981 4258 4036 pp.
4283 3964 4468 4035 Tignr.

2516 4029 2587 4083 N.
2789 4047 2841 4100 p.
2890 4029 3022 4096 464,
3069 4031 3292 4154 anglio?²
3321 4032 3471 4112 Toni.
3491 4032 3588 4155 st}
3678 4031 3850 4170 .)‘115.
3920 4034 4119 4088 Exstat
4153 4040 4212 4087 et
4243 4034 4299 4087 in
4335 4035 4466 4087 edit.

2514 4268 2772 4334 Illustri
2816 4268 3104 4336 Domino
3147 4292 3267 4336 nec
3308 4271 3557 4337 virtute
3611 4293 3732 4339 sua
3779 4274 4003 4340 minus
4045 4294 4240 4358 quam
4283 4274 4472 4340 nobi·

2516 4354 2704 4420 litate
2748 4355 2922 4421 claro
2966 4357 3050 4423 D.
3090 4356 3325 4422 Ioanni
3369 4356 3603 4509 31:³3.
3622 4361 3673 4434 1)
3716 4359 3881 4425 mihi
3926 4359 4221 4444 apprime
4262 4360 4471 4425 hono·

2687 4578 2759 4646 S.
2847 4579 2992 4647 Etsi
3038 4582 3182 4647 fieri
3243 4581 3353 4648 vix
3401 4589 3645 4664 potest,
3704 4582 4067 4650 clarissime
4107 4583 4251 4661 Vir,
4306 4584 4467 4666 quin

2518 4662 2749 4731 domus
2784 4676 3038 4733 vestrae
3070 4667 3425 4746 calamitas,
3471 4689 3636 4753 quae
3672 4669 3878 4733 tristis
3922 4679 3991 4734 et
4025 4670 4282 4736 funesta
4314 4690 4464 4755 pas-

2518 4919 2790 4989 2044.1)
2826 4920 2980 4978 John
3017 4920 3190 4993 Gray,
3224 4923 3382 4980 ducis
3399 4922 3692 4993 Buffolcc'ae
3717 4925 3914 4992 frater,
3947 4931 3999 4981 et
4035 4924 4285 4981 Ioanne
4316 4925 4475 4982 iridi

2515 5005 2615 5042 suo
2645 4990 2766 5052 fato
2799 4992 3172 5046 celeberrimae
3200 4998 3455 5059 muas,
3485 4994 3752 5062 postridie
3768 4993 3919 5050 Non.
3942 4994 4102 5050 Febr.
4140 4992 4276 5049 1554
4307 5009 4462 5050 oeca-

2514 5061 2667 5114 st’one
2699 5059 2984 5116 seditionis
3030 5058 3359 5143 Wyatt'anae
3397 5065 3457 5116 in
3503 5062 3723 5118 stro-im
3756 5064 4159 5119 Londinenoem
4192 5064 4465 5119 coum

2520 5194 2657 5264 145.)
2732 5196 2955 5253 ιοαηηα
2994 5198 3179 5266 pridie
3225 5197 3367 5255 laus
3412 5203 3528 5255 em
3693 5134 4215 5272 ,ῗώιηωωῖἁρῗιῙι-ὀὲ
4249 5148 4304 5202 ⁹⁹
4341 5131 4461 5258 2⁶23

2509 5267 2649 5334 fuit,
2702 5281 2823 5390 οἶκε
2870 5273 3031 5337 pater
3074 5268 3323 5324 undecim
3377 5269 3567 5327 diebus
3611 5277 3761 5341 post,
3811 5271 4042 5342 dent'que
4086 5273 4248 5327 huius
4339 5276 4464 5326 ater

2613 5135 2701 5183 tea
2749 5135 2927 5183 aulem
2971 5128 3232 5184 dimum
3277 5137 3371 5185 est.
3446 5131 3570 5192 (Str
