4850 6200
322 486 389 547 21
1972 484 2131 544 1554
2174 479 2637 549 FEBRUAR.
4219 487 4298 547 22

316 671 585 756 coniugii
644 670 822 755 leges
878 668 1227 757 foedasset,
1298 669 1511 753 palam
1574 667 1827 750 plebem
1895 667 1975 731 ad
2031 665 2241 734 defec·
2344 678 2567 737 turum
2607 670 2872 735 timeret
2915 670 2984 734 in
3027 668 3265 736 lectulo
3310 670 3712 749 morientem,
3760 672 3930 754 quod
3990 693 4109 737 suo
4162 674 4306 740 suf-

312 761 539 824 u'onem
583 757 994 822 sollicitasset
1011 765 1079 821 et
1112 778 1191 822 ea
1364 756 1478 820 'tia
1510 761 1835 838 patrasset
1878 772 2042 835 quae
2080 774 2243 819 non·
2346 756 2559 842 fragio
2601 755 2790 821 illum
2835 754 3347 822 condemnasset.
4033 765 4044 777 “

310 844 460 909 nulli
504 844 653 910 fuco
696 843 1027 927 religionis
1060 850 1233 907 tecte
1355 842 1714 907 misissent:
1761 838 2244 923 simplicitatem
2518 840 2655 907 Sed
2699 861 3012 924 quorsum
3054 839 3261 907 haec?
3339 840 3434 907 Ut
3476 841 3837 927 intelligas,
3899 844 4072 926 quod
4114 844 4302 910 nullo

309 941 369 995 et
398 930 839 1014 ignorantiam
876 929 1069 993 istam
1106 926 1269 992 mihi
1310 928 1525 1003 venia,
1571 947 1701 990 non
1739 934 1949 990 morte
1983 923 2245 1009 dignam
2346 936 2655 993 monente
2725 926 2912 1005 facis,
2983 947 3219 992 verum
3277 947 3420 992 esse
3486 926 3658 1010 quod
3716 929 3976 1007 scribis,
4051 931 4300 996 multos

310 1015 524 1090 videri,
569 1028 640 1081 et
673 1012 1049 1081 coertione*
1092 1014 1221 1078 alia
1254 1015 1322 1077 in
1360 1013 1466 1078 his
1500 1032 1695 1094 quam
1731 1008 1864 1075 illis
1899 1011 2242 1075 utendum:
2348 1012 2640 1097 alioquin
2683 1033 2814 1077 non
2849 1014 3165 1097 pessimos
3210 1012 3509 1079 homines
3552 1014 3770 1079 vereri
3815 1025 4036 1087 tamen
4072 1036 4156 1081 ne
4194 1015 4302 1081 vel

309 1123 429 1166 non
466 1103 611 1167 sine
662 1099 1034 1167 discrimine
1071 1099 1151 1165 ad
1198 1098 1587 1182 supplicium
1625 1117 1853 1161 omnes
1898 1095 2244 1162 ducendos.
2348 1100 2626 1164 minima
2668 1099 3122 1165 ministrorum
3185 1099 3376 1164 verbi
3434 1099 3894 1183 astipulatione
3952 1101 4300 1185 magistra·
4382 1145 4391 1153 -

468 1187 599 1252 Est
652 1186 884 1251 deinde
935 1185 1063 1251 alia
1118 1186 1284 1250 ratio
1342 1205 1461 1249 cur
1515 1204 1554 1247 a
1611 1181 1806 1247 caede
1862 1182 2244 1247 abhorream
2348 1192 2547 1250 tuum
2581 1186 2719 1249 irae
2762 1184 2961 1248 nimis
3005 1184 3446 1250 accendantur
3488 1185 3609 1249 hac
3652 1195 3866 1268 parte,
3924 1207 4125 1268 quum
4167 1188 4305 1252 sint

307 1276 594 1338 istorum.
702 1270 912 1337 Video
986 1292 1221 1354 paucos
1287 1270 1537 1353 aliquot
1616 1290 1802 1351 posse
1867 1269 1988 1335 hoc
2053 1268 2246 1333 modo
2347 1271 2421 1336 in
2465 1270 2823 1353 plectendis
2867 1270 3275 1354 gravissimis
3319 1277 3386 1337 et
3420 1272 3737 1338 convictis
3772 1270 4121 1338 sceleribus
4165 1280 4300 1336 tar-

308 1360 452 1431 tolli.
498 1368 678 1424 totas
712 1359 1014 1424 civitates
1050 1358 1350 1421 minime:
1399 1376 1518 1440 ego
1556 1375 1715 1419 vero
1745 1375 2046 1436 cuperem
2083 1353 2246 1418 tales
2349 1356 2675 1423 dissimae.
2774 1356 2967 1421 Addo
3076 1357 3302 1439 apistis
3369 1379 3487 1422 nos
3554 1358 3805 1440 gratius
3870 1358 4081 1423 facere
4135 1357 4304 1422 nihil

310 1466 439 1509 esse
478 1444 665 1528 leges
709 1443 1035 1526 capitales,
1081 1463 1352 1525 quarum
1398 1445 1577 1527 rigor
1620 1461 1749 1505 non
1795 1449 2135 1506 acueretur
2176 1442 2248 1504 in
2349 1463 2541 1526 posse
2612 1462 2806 1525 quam
2867 1443 2923 1508 si
2984 1442 2996 1455 '
3055 1463 3240 1507 orum
3302 1444 3644 1508 saevitiam
3704 1442 4006 1509 detestati
4061 1464 4302 1508 novam

308 1550 573 1615 paucoS,
645 1529 1112 1596 obtunderetur
1182 1550 1221 1593 a
1287 1526 1727 1592 multitudine.
1831 1526 2001 1590 Puto
2071 1526 2247 1589 enim
2347 1529 2475 1610 ipsi
2512 1530 2837 1611 patiamur
2866 1540 2933 1592 et
2967 1526 3388 1594 domesticam
3416 1528 3816 1611 repullulare
3833 1529 4301 1595 carnificinam.

309 1616 549 1681 nullam
586 1637 728 1681 esse
760 1614 884 1680 hoc
921 1625 1213 1697 tempore
1248 1613 1353 1678 vel
1376 1614 1687 1696 principis
1713 1610 1816 1676 vel
1854 1611 2248 1696 reipublicae
2352 1614 2534 1681 Sunt
2573 1615 2736 1679 haec
2779 1612 3044 1697 quidem
3088 1614 3310 1680 odiosa
3345 1622 3411 1679 et
3452 1623 3799 1698 propterea
3834 1616 3953 1680 tibi
3988 1614 4300 1697 privatim

308 1701 705 1786 rigiditatem
750 1710 886 1766 tam
933 1699 1352 1766 inflexibilem
1399 1710 1463 1764 et
1506 1699 1846 1773 immitem,
1906 1718 2070 1779 quae
2114 1706 2253 1761 tota
2352 1702 2610 1783 scripta,
2656 1721 2850 1783 quem
2894 1722 3014 1784 ego
3060 1700 3226 1765 nihil
3262 1700 3727 1784 cogitationum
3767 1722 4061 1765 mearum
4097 1700 4301 1765 latere

308 1789 569 1873 agmina
620 1787 1000 1870 populorum
1074 1808 1113 1851 a
1170 1796 1430 1868 recepta
1486 1804 1871 1866 quacunque
1939 1783 2252 1866 religione
2351 1786 2523 1852 volo.
2590 1787 2820 1869 Neque
2864 1787 3095 1870 ignoro
3130 1786 3342 1851 multa
3383 1795 3613 1851 contra
3654 1807 3844 1869 posse
3882 1786 4091 1863 obiici,
4135 1806 4303 1869 quae

308 1873 717 1939 deflectentia
760 1882 1042 1938 tentaret
1084 1870 1298 1957 gladio
1344 1869 1739 1947 exscindere,
1801 1870 1962 1934 iuris
2006 1882 2072 1934 et
2113 1889 2252 1933 ma·
2302 1930 2305 1939 ,
2355 1883 2458 1938 est
2499 1872 2914 1955 ingeniorum
2949 1870 3379 1938 foecunditas:
3427 1872 3536 1936 sed
3576 1893 3699 1956 ego
3736 1895 3866 1937 non
3913 1872 4304 1938 descendam

311 1961 623 2044 gistratus
676 1960 903 2037 titulo,
964 1980 1097 2022 non
1157 1957 1357 2021 armis
1403 1968 1469 2020 et
1526 1958 1592 2020 vi
1654 1968 1894 2039 aperta.
1986 1955 2254 2020 Nescire
2357 1960 2425 2024 in
2493 1978 2760 2022 arenam
2841 1958 2967 2023 nisi
3043 1966 3320 2041 urgente
3384 1958 3799 2024 conscientia.
3907 1958 4086 2023 Malo
4160 1978 4301 2023 esse

310 2048 493 2110 etiam
546 2044 845 2110 homines
890 2062 1161 2127 possunt
1203 2066 1367 2126 quae
1404 2056 1734 2107 momenta
1774 2042 2257 2123 resipiscentiae
2358 2060 2582 2110 mutus
2626 2043 2782 2108 dum
2841 2064 2957 2127 per
3011 2044 3470 2110 conscientiam
3526 2044 3744 2110 licebit
3801 2065 3992 2127 quam
4038 2052 4303 2108 conten-

311 2134 534 2214 cuique
579 2133 823 2195 erranti
868 2132 999 2194 sint
1042 2132 1350 2213 praefixa,
1398 2129 1669 2210 tollique
1713 2140 1925 2209 potest
1968 2150 2098 2192 non
2142 2148 2255 2191 ex·
2358 2133 2538 2195 tione
2583 2140 2649 2195 et
2691 2129 3074 2213 cuiusquam
3122 2130 3370 2195 offensa
3412 2151 3771 2211 erumpere.
3863 2127 4097 2194 Saluta
4146 2130 4310 2194 Tea:-

313 2228 595 2299 spectata
653 2218 1050 2299 poenitentia
1109 2216 1219 2298 qui
1270 2214 1647 2298 propediem
1707 2235 1838 2278 non
1905 2216 2081 2277 oneri
2141 2211 2256 2278 sed
2358 2222 2555 2281 torem
2631 2226 2695 2280 et
2761 2216 2992 2282 fratres
3071 2238 3296 2281 omnes
3359 2235 3507 2280 mea
3571 2215 3731 2280 mihi
3809 2216 3946 2279 vita
4011 2215 4311 2281 cariores.

310 2314 690 2368 ornamento
731 2302 1041 2368 ecclesiae
1085 2310 1226 2365 erat
1268 2302 1543 2366 futurus.
1612 2299 1916 2382 Plerique
1960 2300 2135 2363 enim
2181 2319 2256 2363 eo
2362 2302 2622 2367 Bernae
2677 2307 2770 2366 10.
2817 2301 3159 2368 Februarii
3213 2306 3393 2365 1554.

312 2399 455 2453 sunt
515 2388 789 2472 ingenio
843 2399 915 2453 ut
971 2386 1119 2452 duci
1177 2388 1455 2469 possint,
1514 2385 1687 2450 trahi
1736 2385 2032 2460 minime,
2095 2383 2258 2449 vidi-

311 2496 579 2557 musque
624 2475 987 2557 obriguisse
1024 2472 1337 2554 quosdam
1377 2471 1458 2536 ad
1496 2472 1792 2553 supplicii
1839 2473 2255 2545 mentionem,
2306 2530 2313 2551 Ἀ

3269 2437 3450 2502 'l'uus
3496 2439 3560 2501 in
3609 2437 3896 2501 Domino
3939 2437 4140 2501 frater

311 2562 410 2643 qui
452 2561 753 2644 alioquin
798 2582 929 2631 non
974 2569 1164 2623 erant
1207 2558 1472 2622 omnino
1516 2556 1977 2622 intractabiles
2308 2570 2313 2629 ;
3319 2539 3625 2605 Nicolaus
3670 2539 4069 2607 Zerchintes.

469 2646 674 2727 Quod
721 2645 1181 2710 Basiliensium
1238 2644 1524 2727 prudens
1581 2654 1847 2707 senatus
1887 2640 2255 2724 pervidenS,
2307 2668 2313 2729 ι

313 2734 397 2797 sic
439 2754 509 2797 se
564 2752 639 2795 ea
684 2735 752 2795 in
800 2754 868 2795 re
914 2732 1113 2815 gessit
1160 2742 1231 2792 ut
1268 2729 1485 2793 nullus
1530 2729 1694 2812 quod
1744 2730 1939 2792 sciam
1990 2726 2072 2791 ob
2107 2728 2256 2790 reli·
2306 2734 2311 2745 “
2535 2727 2792 2794 Vellem
2830 2727 2979 2794 libri
3016 2729 3114 2793 tui
3162 2729 3444 2811 priorem
3479 2738 3730 2811 partem
3779 2728 3858 2791 de
3904 2730 4042 2792 iure
4087 2727 4310 2810 gladii,

314 2820 513 2901 gionis
562 2820 780 2900 capita
835 2818 935 2881 sui
984 2817 1221 2898 'capitis
1277 2835 1518 2898 poenas
1573 2814 1841 2879 dederit..
1935 2812 2259 2878 Aluerunt
2306 2840 2312 2885 ς
2362 2834 2555 2897 quem
2600 2816 3025 2897 magistratus
3070 2816 3191 2880 sibi
3229 2814 3579 2881 vendicare
3624 2816 3692 2877 in
3737 2812 4109 2879 coercendis
4154 2813 4310 2877 hae-

310 2905 644 2970 conclusos
688 2903 1085 2985 aliquamdiu
1130 2904 1396 2966 miseros
1434 2902 1499 2965 in
1546 2900 1683 2966 loco
1726 2909 2087 2981 opportuno
2131 2920 2257 2979 quo
2306 2892 2312 2973 l
2361 2901 2580 2965 reticis
2626 2903 2894 2982 possint,
2942 2922 3075 2965 non
3120 2911 3230 2965 tuo
3274 2900 3540 2965 nomine
3585 2898 3699 2964 sed
3743 2908 4009 2965 senatus
4054 2898 4150 2962 tui
4194 2919 4310 2962 ex-

312 2989 515 3055 aditus
567 2999 740 3054 esset
784 2998 847 3053 et
892 2989 1208 3052 ministris
1254 2999 1315 3049 et
1363 2986 1506 3050 aliis
1554 2986 1736 3050 bonis
1779 2986 1936 3049 viris
1978 2985 2087 3067 qui
2136 2985 2256 3049 hu·
2306 2976 2312 3049 l
2363 2996 2571 3061 stare,
2643 2988 2753 3068 qui
2826 2987 2926 3051 sui
2999 2987 3148 3053 facti
3219 2986 3516 3051 defensor
3585 3007 3726 3050 esse
3785 2991 4061 3067 poterat.
4162 2983 4309 3067 Ego

312 3079 589 3142 maniter
633 3098 742 3143 eos
798 3075 875 3140 ab
932 3096 1150 3139 errore
1194 3084 1597 3138 revocarent.
1686 3072 1822 3136 Nos
1865 3072 2059 3136 etiam
2107 3092 2256 3136 cru·
2306 3058 2313 3168 Ι
2361 3093 2493 3137 non
2542 3071 2729 3139 video
2774 3072 3054 3156 gratiam
3103 3072 3387 3155 aliquam
3433 3085 3498 3137 te
3542 3073 3710 3137 inire
3757 3090 3946 3154 posse
3989 3067 4164 3155 apud
4210 3090 4312 3135 se-

316 3162 581 3226 delitate
638 3162 1088 3245 exemplorum
1159 3161 1437 3243 perculsi
1499 3159 1843 3240 incipimus
1899 3158 2254 3222 mitescere.
2307 3179 2311 3196 ¹
2364 3158 2498 3223 dati
2544 3160 2748 3224 animi
2791 3159 3092 3224 homines
3146 3158 3315 3242 quod
3375 3161 3624 3242 primus
3684 3157 3979 3223 omnium
4033 3178 4117 3221 ex
4161 3176 4311 3239 pro-

311 3247 508 3313 Vides
566 3251 767 3313 etiam
838 3269 1030 3330 quam
1101 3246 1328 3310 acerbe
1394 3257 1461 3308 et
1527 3257 1785 3308 tantum
1855 3265 1987 3306 uon
2055 3244 2256 3307 armis
2307 3213 2313 3317 l
2362 3246 2536 3310 fesso
2591 3245 2726 3310 fere
2780 3244 2900 3311 hoc
2958 3254 3417 3329 argumentum
3476 3241 3890 3311 tractandum
3947 3242 4312 3324 susceperis

309 3334 685 3401 dimicatum
730 3336 845 3410 sit,
908 3355 1034 3397 non
1082 3332 1163 3397 de
1208 3332 1463 3404 nucleo,
1525 3331 1635 3394 sed
1684 3341 1854 3394 testa
1901 3328 2256 3412 religionis,
2307 3327 2313 3410 ἶ
2360 3331 2663 3395 omnibus
2706 3331 2912 3395 ferme
2955 3330 3262 3405 invisum,
3321 3340 3637 3413 quantum
3696 3352 3778 3395 ex
3834 3326 4168 3412 praeludio
4214 3330 4314 3392 iu-

309 3419 374 3482 in
438 3422 690 3485 nostris
750 3420 1125 3484 clarissimis
1198 3417 1693 3499 rebuspublicis.
1799 3414 2258 3479 caeremonias
2307 3437 2314 3516 Ι
2361 3414 2678 3482 diciorum
2720 3417 2922 3483 elicio,

309 3505 604 3590 intelligo
685 3527 958 3588 quarum
1041 3525 1334 3586 quaeque
1412 3522 1563 3568 suas
1642 3511 1829 3564 tanta
1904 3502 2259 3580 pertinacia

310 3603 527 3656 tuetur
576 3602 651 3658 ut
694 3611 924 3675 parum
972 3589 1142 3655 absit
1185 3591 1341 3672 quin
1388 3588 1661 3664 foedera,
1719 3608 1867 3669 pax,
1913 3584 2259 3650 concordia

309 3685 372 3740 et
425 3678 681 3744 Christi
738 3678 1058 3760 sanguine
1112 3676 1454 3758 obsignata
1510 3673 1883 3740 communio
1938 3685 2137 3736 ruant
2194 3682 2260 3736 et
3147 3713 3160 3716 -
3373 3712 3402 3716 ἡ
3489 3711 3562 3716 --

308 3763 484 3830 Mars
527 3773 720 3828 canat
757 3763 1096 3829 classicum
1135 3763 1351 3843 potius
1387 3781 1583 3842 quam
1620 3760 1826 3822 altera
1861 3756 2050 3821 alteri
2074 3757 2258 3822 cedat

309 3861 416 3912 aut
456 3850 697 3914 saltem
742 3850 1029 3932 patiatur
1073 3868 1214 3912 eam
1262 3867 1381 3910 sua
1425 3849 1517 3909 uti
1566 3844 1883 3909 libertate.
1967 3843 2056 3909 Ut
2101 3865 2256 3926 quo·

306 3957 563 4019 cunque
608 3958 713 3999 me
758 3945 1012 3999 vertam
1048 3922 1467 3997 obtundendi'
1494 3931 1712 4013 potius
1748 3951 1941 4013 quam
1982 3929 2255 3994 acuendi
3241 3963 3404 4030 1905

307 4025 808 4105 magistratuum
856 4019 1055 4104 gladii
1104 4016 1466 4083 videantur.
3414 4014 3425 4026 ‘

474 4105 832 4182 Mascula-3,
894 4106 996 4169 vir
1038 4103 1595 4182 ornatissimus,³)
1646 4109 1871 4165 narrat
1913 4101 2257 4183 Augustae
2889 4113 3290 4182 V1RETUS
3340 4112 3774 4182 GALVINO·

309 4193 859 4266 obstinatissimos
895 4190 1380 4272 Catabaptistas
1424 4186 1770 4269 aliquando
1814 4187 1885 4250 in
1929 4206 2252 4251 carcerem

309 4281 633 4346 coniectos
674 4290 929 4343 tantum
976 4298 1107 4341 non
1145 4276 1482 4358 exspuisse
1527 4275 1597 4336 in
1642 4272 1977 4337 ministros
2013 4271 2253 4336 erroris
2303 4284 2311 4357 Ι
2533 4287 2642 4352 Eg„
2693 4285 2938 4351 orbam
2995 4288 3226 4370 Μέρη-0
3278 4287 3402 4352 3552·
3454 4287 3730 4352 molestia
3788 4287 4066 4351 „ascitur
4108 4292 4162 4350 et
4205 4287 4302 4349 ἐκ,

308 4367 684 4440 monitores,
730 4384 941 4440 canes,
990 4382 1233 4445 porcos,
1283 4360 1530 4425 ventris
1574 4357 1883 4423 animalia
1924 4365 2252 4436 vocantes,
2357 4375 2535 4439 vidia
2611 4373 2943 4438 hominum,
3066 4372 3290 4439 Libros
3369 4380 3578 4438 contra
3661 4373 3975 4436 ,svm-vetum
4055 4377 4301 4453 mm,

307 4461 371 4513 et
433 4451 716 4533 superbe
781 4449 1169 4530 colloquium
1237 4454 1641 4512 recusantes:
1716 4444 1925 4507 victos
1986 4442 2251 4508 tandein
2360 4459 2664 4525 Salem
2717 4460 3058 4524 monendus
3113 4464 3184 4522 ut
3240 4460 3415 4541 apud
3483 4479 3629 4524 suos
3691 4479 3814 4541 pro
3873 4458 4303 4538 refmnaffiom

304 4535 807 4603 mansuetudine
852 4549 917 4601 et
962 4535 1372 4598 humanitate
1416 4530 1885 4604 ministrorum,
1938 4539 2072 4593 toto
2116 4531 2250 4594 fere
2363 4544 2562 4610 orbae
2600 4545 2960 4628 peragenda
3002 4551 3162 4628 0905,

307 4619 564 4688 biennio
606 4621 970 4688 calumnias
1012 4628 1079 4684 et
1127 4617 1647 4683 maledicentiam
1684 4616 2003 4697 patienter
2038 4615 2249 4679 feren-

307 4708 487 4785 tium,
533 4709 628 4775 sic
674 4708 1023 4790 resipuisse
1069 4719 1139 4769 ut
1177 4726 1346 4768 unus
1390 4704 1653 4767 illorum
1691 4699 1998 4766 ecclesiae
2035 4701 2247 4765 diaco·
2638 4717 2746 4781 (Ex
2784 4716 3119 4786 autographo
3156 4715 3289 4770 Cod.
3327 4716 3529 4769 Geuev.
3570 4714 3705 4779 111.‚
3742 4715 3835 4767 fol.
3874 4711 4013 4778 107.)

304 4813 442 4871 nus,
484 4794 653 4859 alter
676 4793 961 4875 alioquin
996 4792 1207 4856 bonus
1242 4790 1405 4856 civis
1444 4798 1509 4852 et
1545 4788 1803 4870 quietus
1838 4786 1925 4850 sit
1959 4787 2245 4851 effectus.

304 4876 449 4963 Ego
505 4880 769 4963 03ΡὶῧῦῙί
825 4878 1064 4944 illdissiO
1109 4874 1705 4957 Catabaptissfflfflm
1760 4869 1981 4938 audivi
2042 4893 2246 4936 unum
2525 4889 2788 4954 Eximio
2848 4887 2999 4953 Iesu
3059 4885 3309 4951 Christi
3365 4907 3554 4952 servo
3596 4887 3680 4951 D.
3727 4885 3962 4949 Ioanni
4018 4883 4299 4951 Calvino

304 4985 389 5029 ΘΞ
447 4964 678 5030 ordine
741 4965 1031 5066 iudi-0111?
1092 4960 1473 5059 redeuntem
1539 4980 1576 5021 a
1632 4958 1772 5057 ¹⁰9⁰
1817 4957 2119 5040 8ΗΡΡῙῘΦῙῘ
2173 4968 2249 5057 ,θῑ
2353 4975 2762 5041 Genevensis
2837 4974 3143 5041 ecclesiae
3210 4974 3458 5056 pastori
3528 4969 3900 5037 fidelissimo
3966 4971 4152 5035 fratri
4230 4987 4297 5036 et

303 5051 675 5150 spectaculo
720 5058 891 5116 tristi
919 5048 1286 5150 dicentem:
1318 5065 1647 5146 'miserum
1692 5043 1878 5108 illum
1925 5043 2247 5126 tranquil·
2348 5069 2752 5146 symmystae
2795 5059 3150 5143 plurimum
3195 5058 3595 5124 observando

304 5133 465 5201 hore
502 5157 722 5201 ammo
759 5156 1078 5201 cervicem
1123 5134 1337 5200 lictori
1381 5130 1754 5216 praebuisse
1798 5150 1993 5212 quam
2037 5151 2106 5195 se
2140 5130 2246 5194 fu·
3790 5157 4120 5225 Genevae,

2521 5299 2590 5365 S.
2660 5298 2832 5365 Mihi
2876 5321 3117 5365 novum
3162 5319 3303 5363 esse
3348 5319 3480 5362 non
3517 5296 3706 5362 debet
3743 5313 3814 5360 ut
3857 5296 4085 5361 scribis
4119 5296 4292 5379 quod

514 5413 572 5476 3)
612 5410 697 5476 Cr.
732 5413 849 5463 eius
884 5425 961 5479 ep.
1000 5408 1075 5463 ad
1112 5406 1440 5460 Blaurerum
1474 5404 1628 5470 infra
1668 5404 1741 5459 N.
1782 5403 1929 5459 1916.
2350 5386 2514 5450 mihi
2573 5405 2747 5450 nunc
2811 5384 3042 5451 accidit
3102 5385 3180 5449 ab
3249 5385 3329 5449 iis
3385 5381 3555 5466 apud
3613 5403 3772 5465 quos
3831 5404 3962 5448 non
4021 5384 4292 5447 memini

3803 5483 3868 5536 2·
