4850 6200
333 957 461 1021 tori
504 977 652 1021 meo
695 956 1168 1023 colendissimo,

334 425 458 488 ⁷65
2015 427 2181 491 1555
2221 423 2677 492 SEPTEMB.
2773 417 2780 425 ’
4222 433 4346 494 766

468 614 583 678 (Ex
618 613 958 683 autographo
993 613 1124 668 Cod.
1160 613 1488 668 Parisiensis
1521 614 1722 685 Dupny
1758 611 1877 681 268,
1911 612 2003 667 sol.
2037 610 2151 680 36.)

500 784 767 850 Eximio
823 784 1079 852 Christi
1132 806 1322 852 servo
1382 807 1459 852 ac
1515 786 2018 870 vigilantissimo
2074 785 2291 851 Gene-

331 871 558 935 vensis
599 870 913 937 ecclesiae
955 874 1201 954 pastori
1246 873 1332 937 D.
1378 872 1614 937 Ioanni
1651 870 1936 937 Calvino
1980 891 2289 955 praecep-

1780 1042 2111 1108 Genevae.

499 1213 573 1280 S.
638 1216 717 1281 P.
783 1218 876 1280 mi
942 1215 1204 1281 domine
1267 1224 1456 1298 pater
1517 1234 1593 1280 ae
1665 1226 2050 1299 praeceptor
2094 1214 2287 1279 unice

327 1299 615 1365 colende.
703 1301 983 1367 Librum
1028 1313 1219 1367 tuum
1238 1303 1298 1377 2)
1344 1300 1609 1366 tandem
1673 1298 2089 1366 exhibuimus
2132 1299 2286 1364 huic

327 1386 730 1469 amplissimo
766 1390 1045 1454 senatui.
1104 1386 1326 1469 Quam
1370 1398 1599 1471 gratus
1622 1386 1823 1452 fuerit
1864 1407 1992 1452 non
2019 1406 2279 1468 possum

325 1473 484 1537 satis
564 1472 686 1538 tibi
768 1472 1153 1539 describere.
1264 1474 1399 1539 Per
1465 1494 1701 1538 manus
1766 1472 2284 1555 Burgimagistri

326 1556 584 1624 delatus
618 1560 743 1624 fuit
789 1561 872 1624 ad
895 1572 1218 1632 senatum,
1264 1570 1338 1624 ut
1379 1559 1512 1623 illis
1547 1560 1749 1624 moris
1773 1568 1891 1623 est.
1957 1558 2280 1623 Commis-

325 1666 434 1709 sus
476 1644 604 1708 fuit
647 1645 911 1711 cuidam
954 1647 1203 1710 doctori
1247 1668 1330 1711 ex
1372 1653 1749 1711 senatorum
1805 1653 2011 1721 coetu,
2058 1654 2136 1708 ut
2177 1644 2281 1708 in·

324 1729 567 1814 telligO,
626 1733 737 1814 qui
783 1732 1043 1798 viseret.
1133 1732 1300 1798 Post
1343 1730 1639 1796 triduum
1683 1752 1878 1796 vocor
1935 1751 1974 1794 a
2038 1730 2279 1814 Burgi-

320 1818 636 1900 magistro
678 1839 755 1884 ac
798 1839 1010 1884 coram
1057 1818 1171 1883 illo
1219 1827 1287 1883 et
1331 1839 1446 1883 sex
1493 1816 1887 1896 consulibus,
1932 1830 2280 1900 praesente

321 1903 404 1967 D.
474 1902 765 1979 Sechezio,
790 1907 844 1982 ³)
911 1903 1136 1969 doctor
1200 1903 1463 1987 quidam
1532 1926 1614 1969 ex
1680 1904 1942 1968 illorum
1997 1923 2276 1967 numero

320 2008 615 2072 magnas,
673 1990 805 2055 imo
872 1992 1247 2065 immensas,
1306 1991 1554 2073 gratias
1623 1990 1759 2071 agit
1821 2009 1941 2072 pro
2004 2008 2279 2053 munere

320 2082 456 2139 tam
493 2075 754 2155 eximie,
796 2088 933 2140 tam
977 2075 1165 2142 docto
1201 2095 1277 2140 ac
1313 2088 1558 2154 sancto,
1618 2074 1814 2158 idque
1862 2075 2126 2140 nomine
2175 2096 2278 2140 se·

320 2170 517 2226 natus
553 2161 667 2243 qui
707 2169 774 2225 te
817 2173 895 2226 ut
936 2161 1196 2227 fidelem
1234 2160 1487 2227 Christi
1523 2182 1790 2227 servum
1843 2181 1919 2225 ac
1962 2161 2277 2224 eximium

322 2246 632 2312 ecclesiae
676 2247 1005 2312 doctorem
1052 2247 1510 2331 amplectatur.
1529 2247 1565 2284 *
1633 2247 1714 2312 Ιιι
1759 2247 2004 2332 multas
2049 2245 2277 2310 laudes

320 2332 962 2417 humanissimasque
997 2336 1248 2418 gratias
1281 2345 1616 2418 protracta
1659 2344 1763 2399 est
1804 2333 2032 2397 oratio.
2100 2333 2275 2397 'Pan-

321 2417 467 2483 dem
510 2418 765 2483 addidit
806 2431 1127 2496 senatum,
1174 2441 1308 2484 non
1353 2421 1425 2484 in
1469 2422 2066 2501 compensationem
2110 2438 2279 2500 quae

320 2505 481 2570 satis
546 2504 750 2589 digna
800 2506 943 2571 fieri
1000 2526 1135 2571 non
1191 2518 1429 2589 posset,
1490 2503 1607 2570 sed
1662 2515 1738 2570 ut
1774 2526 1961 2569 suam
2006 2524 2165 2587 erga
2210 2514 2275 2569 te

318 2588 797 2674 gratitudinem
858 2600 1156 2669 testetur,
1226 2591 1536 2657 exhibere
1597 2591 1717 2657 tibi
1782 2590 2271 2667 munusculum,

316 2678 705 2759 precarique
751 2686 823 2741 ut
864 2676 1027 2742 illud
1073 2678 1242 2742 bono
1287 2678 1507 2742 animo
1550 2677 1918 2760 susciperes
1980 2697 2111 2741 non
2155 2697 2276 2758 pro

318 2761 640 2846 dignitate
673 2765 965 2828 muneris
1010 2761 1125 2827 sed
1170 2764 1604 2846 propensione
1628 2764 1999 2828 animorum
2046 2782 2273 2827 eorum

318 2849 429 2930 qui
460 2848 579 2913 tibi
623 2848 1002 2925 offerebant,
1029 2870 1189 2932 quos
1214 2849 1558 2915 habiturus
1595 2869 1771 2915 esses
1796 2858 2115 2931 perpetuo
2151 2846 2271 2912 tibi

317 2933 783 3017 paratissimos.
852 2935 997 3018 Ego
1032 2935 1114 2999 ad
1152 2935 1340 3000 haec:
1380 2937 1475 3000 ΤΘ
1495 2934 1680 3000 nulla
1701 2934 1830 3001 alia
1861 2934 2115 2999 ratione
2151 2934 2273 2998 im-

319 3020 581 3104 pulsum
602 3020 735 3085 illis
752 3020 1001 3087 dicasse
1022 3032 1203 3085 tuam
1226 3020 1407 3085 illam
1421 3021 1879 3098 Harmoniam,
1895 3020 2026 3084 nisi
2041 3028 2113 3084 ut
2130 3040 2277 3105 grae

318 3108 443 3172 tias
476 3107 881 3191 amplissimo
924 3109 1183 3173 senatui
1217 3129 1446 3193 ageres
1478 3128 1598 3191 pro
1632 3116 1767 3172 tam
1804 3128 1912 3172 ma
2006 3126 2046 3171 a
2078 3106 2275 3171 bene-

317 3192 612 3259 volentia
662 3202 730 3258 et
787 3194 1197 3259 humanitate
1252 3214 1449 3277 quam
1501 3193 1865 3278 peregrinis
1967 3192 2163 3268 hristi
2207 3201 2276 3257 et

316 3278 656 3344 exsulibus
700 3277 1156 3358 exhibuerant,
1201 3291 1269 3345 et
1312 3287 1389 3344 ut
1429 3287 1742 3345 testatum
1768 3279 2069 3344 omnibus
2110 3279 2277 3344 face-

314 3385 421 3430 res
455 3373 595 3429 tam
638 3366 817 3448 pium
854 3386 930 3432 ac
953 3379 1252 3432 sanctum
1275 3366 1541 3431 illorum
1565 3387 1722 3450 erga
1745 3366 1996 3430 afflicta
2019 3363 2273 3431 Christi

317 3451 614 3516 membra
658 3452 972 3529 animum,
1008 3463 1083 3516 ut
1140 3452 1307 3517 aliae
1364 3452 1771 3536 respublicae
1828 3451 1975 3516 illos
2024 3451 2273 3517 imitari

316 3546 734 3619 conarentur,
779 3537 961 3615 alias,
1007 3558 1177 3620 quae
1220 3538 1303 3602 ab
1357 3537 1482 3604 hoc
1541 3548 1679 3604 tam
1739 3547 1964 3603 sancto
2019 3558 2095 3603 ac
2150 3538 2273 3602 sibi

313 3622 627 3688 mandato
671 3624 964 3689 caritatis
1008 3624 1219 3689 officio
1264 3623 1637 3703 deficerent,
1683 3623 1975 3707 puderet.
2043 3622 2273 3704 Quan-

316 3715 458 3773 tum
525 3708 609 3773 ad
672 3730 942 3788 munus,
1000 3710 1221 3775 iussus
1289 3708 1372 3775 ab
1438 3710 1842 3793 amplissimo
1910 3719 2162 3787 senatu,
2210 3717 2276 3773 et

312 3801 663 3878 postquam
718 3816 945 3860 eorum
999 3794 1418 3879 amplitudini
1481 3797 1578 3860 ita
1640 3796 1855 3862 visum
1901 3805 2063 3874 erat,
2108 3794 2270 3859 illud

312 3879 434 3945 tibi
480 3876 759 3946 libenter
801 3880 1130 3946 offerrent.
1220 3882 1455 3964 Itaque
1513 3882 1946 3965 quadraginta
1990 3883 2271 3946 florenos

314 3985 547 4032 aureos
604 3966 987 4033 obtulerunt
1039 3968 1114 4031 in
1162 3968 1409 4044 charta,
1469 3967 1706 4032 deinde
1782 3987 1901 4032 sex
1964 3966 2271 4032 Dalleros

312 4072 430 4135 pro
481 4052 840 4118 tabellario.
858 4057 916 4126 4)
1006 4052 1211 4134 Quos,
1272 4073 1474 4137 quum
1540 4054 1941 4138 excepissem
2010 4074 2118 4118 me
2188 4050 2271 4117 ob

311 4137 441 4202 alia
482 4139 747 4221 negotia
780 4139 1042 4204 venisse
1064 4138 1586 4218 Francfordiam,
1635 4140 1891 4223 ipsique
1934 4137 2268 4204 nihilomi-

310 4245 437 4288 nus
493 4225 841 4302 instarent,
899 4246 1035 4289 non
1079 4226 1262 4308 potui
1320 4246 1641 4304 recusare,
1704 4233 1774 4290 et
1815 4227 1908 4290 sic
1952 4226 2270 4307 porrectis

310 4329 506 4392 quam
551 4310 843 4375 humane
885 4311 1029 4376 fieri
1115 4319 1331 4394 potest
1372 4312 1678 4378 manibus
1742 4309 2100 4376 discessum
2146 4318 2266 4376 est.

312 4393 589 4479 Utrique
648 4395 911 4464 Globero
935 4400 986 4474 ⁸)
1042 4407 1111 4461 et
1167 4395 1367 4462 libros
1427 4407 1492 4461 et
1546 4398 1771 4462 literas
1808 4394 1957 4461 dedi
2022 4398 2268 4462 testati-

311 4502 435 4564 que
479 4490 640 4548 sunt
682 4482 872 4546 ambo
916 4502 1229 4566 magnam
1277 4503 1434 4566 erga
1476 4493 1539 4547 te
1582 4483 2102 4566 propensionem.
2179 4483 2265 4547 D.

309 4566 643 4649 Adolphus
711 4568 916 4646 [valde
981 4566 1347 4655 acyrotavil]
1376 4572 1426 4648 ⁰)
1487 4579 1550 4633 et
1616 4567 1828 4633 adhuc
1894 4577 2191 4652 aegrotat
2208 4571 2265 4650 ⁷)

516 4877 578 4997 Ξ)
619 4874 1074 4998 mmo-ium
1108 4878 1171 4929 in
1206 4874 1577 4930 Harmoniam
1612 4892 1801 4944 evanq.

517 5012 577 5080 4)
613 5013 749 5081 Ipso
790 5012 1272 5080 Sanctandreano,
1331 5013 1430 5082 qut·
1484 5019 1663 5067 tamen
1697 5029 1811 5068 non
1845 5015 1908 5068 in
1941 5029 2060 5068 eum
2092 5013 2265 5082 finem

314 5082 783 5148 francofordiam
818 5085 996 5137 iverat
1026 5088 1088 5136 at
1123 5082 1319 5136 libram
1351 5083 1635 5149 perferret.

516 5153 575 5216 ὁ)
611 5150 969 5219 Glauburyio.

515 5220 576 5284 6)
616 5219 826 5275 Charta
843 5220 1118 5275 maculata
1135 5224 1233 5274 aut
1266 5219 1427 5274 aliter
1458 5221 1738 5288 scriptura
1756 5219 1945 5275 deleta.
1998 5219 2263 5275 Lamnas

309 5290 581 5357 explemus
616 5291 801 5360 quoad
826 5305 1138 5357 possumus.

516 5357 574 5424 7)
613 5375 785 5428 neque
818 5360 918 5413 diu
953 5364 1224 5427 superstes
1253 5357 1379 5423 fuit.

2391 614 2489 678 ita
2535 624 2609 678 ut
2667 611 2748 678 de
2801 622 3013 678 morte
3072 615 3401 679 timeatur.
3510 613 3844 681 Dominus
3894 615 3995 679 illi
4041 613 4244 703 [adsit
4283 622 4344 683 et

2392 720 2534 764 eum
2575 696 2932 785 conservet}
2980 699 3091 781 qui
3135 700 3280 782 pios
3322 721 3551 765 omnes
3597 721 3673 767 ac
3717 700 3937 767 doctos
3980 710 4176 767 amat.
4251 702 4339 769 D.

2393 787 2667 850 Ioannes
2706 782 3020 870 [maxima
3055 785 3471 852 benevolentia
3540 807 3799 869 semper
3833 809 3993 852 usus
4037 796 4140 853 est
4180 810 4340 873 erga

2389 892 2514 949 me,
2561 890 2637 935 ac
2679 880 2746 935 te
2789 892 3029 954 magno
3073 870 3291 936 studio
3336 893 3487 956 amp
3516 873 3765 938 ectitur.
3850 871 4212 960 [Pollicitus
4253 881 4344 941 est

2388 954 2486 1044 se]
2526 957 2926 1040 scripturum
2961 956 3044 1020 ad
3087 966 3156 1022 te
3201 978 3318 1041 per
3356 958 3444 1023 D.
3494 957 3881 1039 Crispinum,
3933 969 4002 1024 et
4043 961 4342 1026 fortassis

2389 1055 2663 1125 uterque
2693 1042 2868 1107 idem
2914 1050 3066 1126 aget
3110 1064 3228 1127 per
3269 1064 3375 1108 me
3420 1045 3490 1108 in
3534 1042 3768 1110 reditu.
3835 1046 3919 1109 D.
3970 1044 4266 1126 Crispino
4285 1046 4337 1131 ⁸)

2328 1177 2334 1196 ⁴
2388 1129 2684 1194 commisi
2706 1130 2988 1193 florenos
3031 1128 3180 1194 illos
3223 1135 3307 1193 40
3352 1128 3433 1194 ad
3480 1139 3546 1194 te
3571 1128 3978 1195 deferendos
4036 1132 4139 1196 Dc
4173 1130 4339 1197 Dal-

2387 1215 2545 1280 leris
2588 1235 2780 1298 agam
2824 1236 3027 1296 quum
3069 1214 3396 1282 Dominus
3432 1237 3539 1281 me
3582 1215 3773 1281 vobis
3814 1217 4190 1282 reddiderit.

2561 1300 2859 1366 *Coactus
2921 1321 3067 1366 sum
3109 1301 3339 1367 multis
3395 1302 3758 1367 rationibus
3822 1307 3892 1366 in
3957 1302 4337 1369 inferiorem

2388 1385 2819 1451 Germaniam
2847 1391 2899 1462 ο)
2923 1385 3336 1453 descendere.
3402 1386 3646 1452 Omnia
3689 1388 3982 1453 narrabit
4023 1388 4110 1454 D.
4161 1389 4338 1456 Cris-

2373 1474 2597 1552 pinus.
2684 1473 2865 1538 Tuae
2921 1475 3048 1537 erit
3103 1495 3260 1557 erga
3304 1494 3409 1538 me
3463 1473 3894 1539 humanit-atis
3946 1483 4012 1540 et
4057 1474 4336 1541 benevo-

2384 1559 2627 1623 lentiae
2671 1558 3038 1624 condonare
3099 1561 3155 1624 si
3212 1560 3368 1642 quid
3414 1559 3720 1625 audacius
3762 1582 3910 1624 sum
3966 1581 4336 1645 aggressus.

2383 1644 2530 1729 Ego
2575 1666 2764 1727 spero
2808 1644 3167 1709 Dominum
3228 1645 3605 1710 adfuturum
3643 1646 3826 1723 mihi,
3888 1667 4010 1712 nec
4068 1648 4337 1713 effectu-

2382 1748 2532 1795 rum
2568 1730 3039 1813 profectionem
3082 1753 3294 1796 meam
3335 1731 3505 1797 hanc
3549 1733 3825 1797 irritam.
3914 1732 4208 1798 Consilio
4273 1742 4340 1798 et

2382 1815 2867 1882 hortationibus
2912 1817 3110 1881 huius
3155 1816 3462 1882 ecclesiae
3507 1818 3628 1883 hoc
3685 1839 3828 1902 ago.
3906 1817 3981 1884 Si
4038 1840 4338 1886 recusas-

2382 1923 2542 1981 sem,
2590 1904 2705 1969 vix
2748 1903 3105 1987 potuissem
3162 1905 3372 1969 vitare
3430 1902 3606 1986 apud
3664 1904 3905 1968 multos
3963 1906 4202 1988 probos
4261 1925 4338 1971 ac

2380 1989 2524 2073 pios
2567 1998 2787 2054 notam
2833 1990 3074 2054 nimiae
3122 1988 3499 2054 timiditatis
3556 2011 3631 2055 ac
3699 1989 4117 2057 diffidentiae.
4198 1989 4336 2074 Op·

2380 2076 2540 2139 timo
2600 2076 2962 2141 instructus
3013 2075 3321 2141 satellitio
3376 2076 3771 2159 proficiscor.
3856 2077 4201 2156 Dominus,
4261 2085 4337 2142 ut

2380 2181 2590 2244 spero,
2651 2159 2837 2226 brevi
2901 2182 3010 2226 me
3060 2160 3292 2226 reddet
3350 2160 3661 2227 ecclesiae
3711 2169 3994 2241 nostrae,
4041 2163 4114 2226 in
4149 2163 4336 2229 cuius

2379 2247 2597 2312 sinum
2643 2269 2747 2312 me
2783 2246 3071 2330 recipere
3136 2267 3337 2330 supra
3372 2268 3567 2329 quam
3603 2245 3730 2312 dici
3766 2256 3980 2331 potest
4021 2246 4334 2315 desidero.

2377 2331 2645 2398 Interea
2687 2333 2925 2399 fratres
2963 2333 3202 2398 obnixe
3247 2352 3476 2417 precor
3518 2341 3592 2397 ut
3632 2332 3797 2397 mihi
3846 2335 4215 2418 ignoscant,
4273 2336 4330 2400 si

2379 2418 2504 2483 hac
2567 2421 2635 2483 in
2705 2427 2892 2503 parte
2958 2418 3345 2501 deliquerim
3412 2418 3693 2484 nimium
3746 2419 4101 2504 indulgens
4144 2420 4330 2500 mihi,

2377 2524 2502 2571 nec
2547 2506 2704 2570 satis
2748 2503 3238 2588 praemeditatis
3280 2503 3540 2569 illorum
3578 2505 3908 2571 oneribus:
3948 2527 4138 2589 spero
4182 2506 4332 2572 illos

2379 2611 2515 2654 non
2580 2600 2718 2656 tam
2775 2590 2938 2655 mihi
2987 2589 3363 2675 indignatos
3420 2591 3575 2668 fore,
3617 2592 3775 2673 quin
3821 2591 4014 2658 facile
4060 2590 4330 2656 tandem

2379 2686 2529 2759 post
2561 2676 2850 2742 reditum
2888 2678 3254 2760 ignoscant.
3343 2676 3669 2754 Habeant,
3714 2698 3960 2760 precor,
4017 2678 4150 2743 mei
4190 2699 4330 2743 me-

2376 2763 2649 2827 moriam
2704 2764 2776 2827 in
2839 2764 2978 2828 suis
3022 2763 3324 2846 precibus
3367 2772 3502 2826 tam
3548 2763 3823 2846 privatis
3859 2784 4058 2847 quam
4112 2762 4331 2846 publi-

2378 2849 2489 2914 cis.
2556 2848 2754 2931 Apud
2778 2859 3079 2914 senatum
3124 2849 3179 2914 si
3236 2850 3383 2932 quis
3428 2848 3507 2913 de
3553 2869 3657 2912 me
3677 2861 4007 2931 queratur,
4051 2869 4170 2932 pro
4213 2856 4332 2914 tua

2378 2933 2728 3017 prudentia
2793 2935 3133 3002 excusabis
3183 2956 3401 3000 meum
3468 2935 3846 2999 institutum
3912 2934 4332 3000 commenda-

2379 3029 2643 3104 tamque
2687 3020 2957 3086 habebis
3000 3042 3215 3086 meam
3257 3020 3595 3085 familiam.
3658 3021 3845 3086 Bene
3889 3021 4036 3087 vale
4076 3021 4149 3084 in
4191 3019 4332 3086 Do-

2376 3107 2578 3186 mine,
2624 3108 2715 3173 mi
2760 3118 3159 3192 praeceptor,
3203 3109 3317 3191 qui
3359 3117 3427 3173 te
3471 3105 3585 3172 diu
3628 3118 3850 3173 servet
3912 3128 4068 3173 suae
4123 3107 4330 3174 eccle·

2377 3193 2514 3259 siae
2558 3215 2816 3277 semper
2857 3195 3091 3259 fortem
3128 3214 3204 3259 ac
3224 3194 3567 3271 invictum,
3593 3214 3834 3276 suoque
3868 3195 4103 3278 spiritu
4144 3201 4330 3259 tuea-

2376 3287 2489 3344 tur
2532 3301 2607 3346 ac
2650 3282 3009 3346 confirmet.
3090 3279 3500 3346 salutabitur
3542 3301 3688 3344 meo
3739 3283 4002 3346 nomine
4048 3280 4129 3345 D.
4193 3280 4331 3344 An-

2375 3368 2584 3432 tonius
2605 3369 2691 3446 ¹⁰)
2716 3387 2856 3431 com
2904 3375 3046 3432 ater
3068 3388 3253 3432 meus
3297 3387 3374 3432 ac
3416 3373 3555 3430 tota
3598 3367 3740 3431 eius
3759 3366 4027 3432 familia.
4075 3366 4329 3430 Franc-

2374 3451 2622 3518 fordiae
2696 3458 2791 3517 14.
2917 3453 3198 3536 eptemb.
3261 3450 3457 3535 paulo
3501 3457 3656 3517 ante
3711 3453 4092 3537 ingressum
4137 3451 4331 3517 navis

3321 3675 3516 3740 Tuus·
3553 3673 3728 3740 filius
3770 3675 3842 3739 in
3882 3674 4153 3739 Christo

3402 3763 3466 3825 A
3513 3758 3761 3827 Sancto
3802 3759 4077 3825 Andrea.

2543 3931 2770 3999 Habes
2805 3933 3008 4010 etiam
3050 3932 3158 3998 hic
3204 3952 3365 4016 quas

2541 4019 2769 4086 scribit
2810 4019 2892 4083 ad
2938 4028 3002 4083 te
3046 4029 3334 4085 senatus.
3365 4020 3446 4094 ¹¹)

2575 4310 2637 4374 8)
2674 4311 2774 4380 qui
2803 4310 2946 4375 forte
2980 4310 3186 4378 negotii
3216 4323 3388 4364 causa
3422 4310 3485 4364 in
3518 4308 3786 4363 nundinis
3820 4306 4029 4361 aderat.

2575 4379 2637 4445 9)
2694 4378 2959 4434 Vesalo'am
2979 4394 3168 4433 versu
3192 4385 3288 4434 aut
3309 4379 3635 4445 Emdman,
3673 4377 3748 4432 ad
3783 4376 4040 4431 visendas
4074 4375 4326 4431 eeclesias

2365 4449 2615 4519 qauicaa.
3394 4481 3411 4495 .

2544 4516 2634 4584 10)
2674 4516 2936 4572 Calvinus
2949 4514 2981 4568 ἓ

2541 4584 2634 4654 11)
2681 4585 2838 4640 Tales
2870 4601 2983 4639 non
3018 4589 3251 4641 exstant.
