4850 6200
315 457 416 519 1⁸5

314 640 661 719 suademus,
703 650 1030 726 qnatenus
1073 664 1190 710 vos
1229 646 1302 708 in
1345 654 1607 709 vestrae
1641 642 1795 709 fidei
1837 642 2241 710 confessione

312 728 569 795 tolerare
611 728 862 795 volunt

458 814 692 898 Neque
746 815 908 881 haec
968 822 1189 880 tamen
1233 814 1328 880 ita
1369 837 1409 879 a
1455 815 1641 881 vobis
1686 814 1889 898 accipi
1935 814 2241 880 volumus

309 910 370 965 ut
408 900 646 966 horum
689 920 855 981 quae
899 901 1346 967 recensuimus
1389 902 1685 966 omnium
1723 900 2048 984 hospitem
2093 901 2242 966 istic

311 986 629 1053 ecclesiam
666 988 932 1070 eiusque
965 987 1300 1053 ministros
1335 1008 1452 1073 per
1487 1007 1606 1053 nos
1641 986 1929 1053 accusari
1976 987 2238 1068 putetis.

307 1072 424 1141 Nos
461 1080 719 1138 tantum
754 1093 1337 1140 commemoramus
1365 1093 1530 1157 quae
1564 1071 1756 1139 istinc
1792 1072 1874 1137 ad
1921 1092 2039 1136 nos
2085 1080 2242 1139 sunt

307 1157 545 1243 prolata
586 1168 657 1223 et
698 1179 862 1242 quae
906 1158 1063 1224 alibi
1097 1159 1365 1242 ipsimet
1397 1159 1648 1244 experti
1687 1180 1941 1223 sumus:
1989 1166 2054 1222 et
2140 1158 2238 1222 ui-

307 1244 436 1310 dem
502 1242 680 1327 apud
745 1266 853 1309 eos
918 1248 1028 1327 qui
1097 1244 1373 1310 eandem
1438 1244 1798 1311 doctrinam
1855 1251 1924 1308 et
1979 1265 2054 1309 eo
2134 1263 2239 1309 em

306 1332 458 1396 ritus
501 1350 653 1396 cum
699 1329 955 1414 hospite
997 1331 1146 1397 istic
1189 1331 1462 1398 ecclesia
1505 1332 1795 1397 retinent
1835 1350 1910 1396 ac
1953 1349 2238 1414 propug-

305 1426 464 1480 nant.
556 1413 885 1498 Optamus
941 1417 1206 1482 interim
1251 1437 1423 1482 vana
1480 1439 1621 1483 esse
1678 1437 1843 1500 quae
1888 1417 2082 1481 istinc
2124 1434 2238 1480 au-

307 1500 524 1579 dimus,
568 1512 769 1586 61666
809 1503 1068 1568 utinam
1102 1525 1220 1569 vos
1254 1503 1379 1586 ipsi
1417 1524 1587 1569 vana
1619 1523 1763 1569 esse
1805 1500 2236 1586 comperistis.

451 1587 799 1653 Postremo
852 1597 1071 1654 autem
1116 1590 1446 1655 nescimus
1488 1608 1572 1654 an
1616 1608 1735 1673 pro
1777 1589 2050 1673 privatis
2091 1587 2240 1652 istic

303 1672 567 1756 hospitis
608 1672 919 1741 ecclesiae
962 1674 1275 1740 membris
1321 1673 1605 1740 habendi
1649 1674 1809 1753 sitis,
1857 1675 1912 1739 si
1957 1672 2239 1757 peculia-

303 1778 423 1823 rem
483 1766 778 1824 vestram
837 1759 1177 1826 ecclesiam
1243 1761 1622 1826 instituatis.
1727 1758 1904 1827 Sane
1969 1758 2240 1825 ecclesia

299 1845 538 1909 institui
585 1865 717 1910 non
757 1854 972 1929 potest
1015 1848 1156 1910 sine
1199 1845 1459 1929 publico
1501 1867 1620 1911 suo
1662 1846 2026 1911 ministerio
2070 1846 2238 1911 eius·

301 1949 408 2012 que
449 1931 803 2009 ministris,
863 1933 1004 1996 sine
1047 1932 1310 2015 publico
1365 1934 1520 1996 item
1575 1952 1650 1998 ac
1693 1932 2005 2016 peculiari
2051 1940 2240 1997 coetu

299 2036 417 2094 suo,
465 2026 544 2081 ut
589 2037 703 2082 vos
743 2016 1002 2099 quidem
1039 2038 1190 2082 eum
1233 2020 1380 2083 istic
1415 2028 1683 2102 propter
1722 2019 1986 2102 linguae
2029 2020 2240 2083 varie·

299 2110 488 2167 tatem
545 2103 895 2168 instituere
949 2102 1229 2168 velletis.
1324 2106 1406 2168 At
1465 2126 1621 2169 vero
1664 2104 1789 2170 hoc
1827 2127 1956 2169 nou
2003 2114 2106 2168 est
2148 2105 2240 2167 ita

297 2208 396 2253 vos
435 2188 684 2271 hospiti
728 2189 1035 2254 ecclesiae
1077 2190 1247 2254 velle
1282 2189 1639 2275 adiungere
1681 2200 1757 2256 ut
1799 2210 1918 2273 pro
1963 2191 2238 2272 privatis

299 2271 610 2339 duntaxat
652 2274 829 2340 illius
887 2275 1197 2341 membris
1255 2276 1657 2353 habeamini,
1721 2277 1836 2341 sed
1881 2286 1982 2341 est
2023 2277 2239 2360 potius

296 2359 610 2440 publicam
653 2362 798 2426 istic
843 2382 1117 2445 eamque
1162 2362 1554 2443 peculiarem
1604 2363 1977 2428 societatem
2023 2361 2237 2444 publi-

295 2465 560 2528 cumque
624 2446 804 2511 illius
871 2447 1306 2513 ministerium
1373 2448 1603 2525 ordiri,
1685 2449 1868 2515 cuius
1935 2447 2237 2530 equidem

295 2533 550 2596 nomine
614 2540 682 2597 et
741 2532 1025 2598 ministri
1089 2534 1296 2599 vestri
1360 2555 1583 2599 omnes
1648 2542 1713 2599 et
1790 2544 2010 2600 coetus
2077 2533 2238 2599 adeo

295 2624 498 2682 vester
530 2618 883 2683 universus
918 2639 1048 2683 non
1097 2628 1231 2684 tam
1267 2621 1521 2703 privato
1557 2621 1686 2684 iam
1723 2620 2002 2703 amplius
2038 2640 2235 2702 quam

329 2703 539 2769 ublico
600 2704 816 2786 potius
871 2705 1010 2771 loco
1068 2704 1407 2771 habendus
1462 2707 1615 2782 erit,
1675 2714 2021 2788 vestraque
2064 2706 2233 2770 ratio
2283 2746 2289 2755 ·

313 2807 469 2873 onge
516 2790 650 2854 iam
697 2790 827 2856 alia
861 2802 960 2855 est
995 2792 1216 2874 procul
1255 2791 1447 2857 dubio
1483 2792 1707 2856 futura
1741 2791 1812 2855 in
1848 2790 2235 2874 recipiendis

291 2893 393 2955 per
448 2896 570 2941 vos
629 2877 908 2959 receptis
951 2878 1099 2941 istic
1151 2878 1415 2953 ritibus,
1476 2879 1587 2960 qui
1648 2877 1804 2942 talia
1848 2879 2233 2960 praesertim

291 2959 680 3041 praeiudicia
732 2982 951 3028 secum
997 2962 1341 3029 coniuncta
1384 2961 1695 3041 habeant,
1757 2982 1951 3046 quam
2013 2964 2234 3027 futura

293 3044 520 3131 alioqui
575 3056 749 3114 esset
801 3048 854 3114 si
912 3068 1031 3132 pro
1075 3050 1352 3132 privatis
1401 3049 1724 3116 duntaxat
1767 3050 2043 3132 hospitis
2089 3050 2233 3114 istic

2283 3129 2287 3178 5
2336 3138 2597 3218 privato
2655 3136 2921 3202 nomine
2978 3136 3221 3219 hospiti
3278 3135 3615 3214 ecclesiae,
3686 3137 3742 3202 si
3786 3158 3902 3203 vos
3958 3136 4084 3201 sibi
4142 3159 4290 3202 cum

292 3133 590 3199 ecclesiae
631 3135 947 3199 membris
991 3134 1276 3200 habendi
1323 3138 1566 3201 essetis.

446 3217 587 3285 Sed
629 3221 1178 3302 quemadmodum
1223 3231 1288 3286 et
1331 3221 1640 3287 ecclesiae
1685 3221 1865 3304 ipsae
1909 3233 1974 3286 et
2017 3231 2232 3304 pasto-

291 3323 384 3368 res
424 3325 659 3370 earum
703 3307 1002 3390 inprimis
1038 3307 1279 3391 ubique
1323 3329 1547 3372 omnes
1583 3310 1653 3371 in
1690 3307 1880 3390 culpa
1919 3308 2234 3373 haereant

289 3409 542 3457 necesse
587 3399 687 3457 est
711 3393 986 3476 neglecti
1034 3395 1134 3459 sui
1172 3394 1385 3470 officii,
1425 3395 1478 3459 si
1517 3415 1649 3460 606
1687 3392 1896 3459 modis
1934 3392 2234 3458 omnibus

289 3496 394 3558 pro
428 3497 552 3543 sua
577 3477 756 3543 virili
783 3480 1076 3562 aspirent
1099 3479 1182 3545 ad
1217 3479 1635 3563 apostolicam
1671 3482 2027 3564 puritatem
2072 3479 2232 3544 abu-

290 3582 518 3645 susque
540 3583 789 3642 omnes,
826 3564 996 3647 quod
1034 3567 1105 3629 in
1141 3566 1302 3649 ipsis
1326 3574 1444 3644 est,
1483 3566 1712 3631 tollere
1736 3587 1866 3631 non
1892 3574 2230 3642 conentur,

293 3649 390 3729 qui
431 3651 824 3732 praesertim
869 3672 996 3716 606
1043 3659 1300 3716 tantum
1359 3660 1770 3717 remorantur
1813 3652 2234 3718 ecclesiarum

293 3733 818 3813 aedificationem,
876 3737 989 3802 sed
1044 3747 1112 3802 et
1152 3737 1367 3804 lucem
1411 3740 1623 3822 ipsam
1668 3737 1991 3822 evangelii
2034 3738 2232 3802 etiam

292 3839 414 3884 non
447 3820 695 3888 leviter
728 3823 1081 3889 obscurant
1116 3832 1309 3906 atque
1345 3825 1505 3889 adeo
1539 3835 1822 3908 gravant
1850 3824 2047 3889 etiam
2085 3844 2231 3888 cum

293 3907 822 3973 antichristianae
891 3909 1244 3992 impietatis
1321 3909 1686 3977 elevatione
1759 3919 1955 3992 atque
2033 3910 2231 3974 etiam

292 3994 735 4059 excusatione:
803 3995 899 4059 ita
963 4016 1172 4079 neque
1241 4016 1353 4062 vos
1418 3996 1550 4061 iam
1615 3995 1760 4063 istic
1826 4015 1978 4062 cum
2045 4003 2232 4060 coetu

293 4087 531 4158 vestro,
587 4081 910 4146 ministris
964 4081 1231 4160 vestris,
1299 4081 1525 4148 eadem
1575 4083 1718 4165 ipsa
1765 4081 1957 4165 culpa
2013 4101 2233 4147 carere

289 4165 581 4245 poteritis
626 4167 912 4244 omnino,
959 4167 1017 4232 si
1060 4188 1226 4250 quae
1271 4167 1350 4232 ab
1395 4168 1542 4233 aliis
1585 4169 1654 4232 in
1697 4168 1991 4250 ipsorum
2035 4167 2234 4234 eccle-

291 4249 393 4315 siis
451 4250 744 4317 tollenda
797 4273 941 4318 esse
990 4253 1236 4335 putatis
1295 4273 1372 4319 66
1430 4274 1545 4319 vos
1603 4255 1869 4336 ipsimet
1926 4254 1998 4318 in
2040 4254 2231 4319 insti-

289 4336 526 4402 tuenda
587 4345 813 4402 vestra
877 4337 1178 4418 ecclesia,
1242 4341 1313 4404 16
1370 4360 1503 4424 qua
1563 4339 1803 4424 alioqui
1868 4359 1946 4404 ea
2010 4339 2234 4404 omnia

289 4418 521 4488 abolita
563 4424 698 4489 iam
743 4422 993 4507 pridem
1035 4425 1236 4491 fuisse
1280 4425 1478 4504 scitis,
1523 4425 1972 4508 amplectenda
2016 4424 2232 4490 denuo

291 4524 426 4572 esse
501 4509 916 4577 existimetis.
1041 4511 1370 4578 Locorum
1454 4511 1731 4577 mutatio
1809 4532 1942 4576 non
2017 4520 2235 4576 mutat

291 4592 643 4689 ecclesiam,
686 4596 932 4664 nedum
974 4605 1050 4662 ut
1089 4618 1209 4664 vos
1245 4605 1528 4664 vestram
1572 4596 1908 4665 ecclesiam
1951 4598 2048 4661 ita
2089 4597 2236 4663 isn'c

287 4681 644 4761 mstituere,
689 4683 873 4766 quasi
917 4702 1053 4748 non
1095 4690 1292 4749 antea
1333 4684 1466 4749 iam
1513 4684 1688 4749 inter
1726 4703 1845 4748 nos
1888 4683 2233 4762 exstiterit,

289 4782 357 4830 ac
389 4787 524 4833 non
559 4768 778 4851 potius
813 4788 944 4834 uno
977 4767 1118 4835 loco
1138 4768 1521 4854 dissipatam
1545 4769 1770 4836 divina
1797 4768 2231 4852 promissione

289 4849 408 4916 alio
441 4874 708 4922 rursum
739 4853 881 4922 loco
915 4855 1262 4921 restituere
1297 4854 1704 4935 existimetis,
1742 4862 1857 4921 aut
1890 4874 2023 4920 non
2057 4852 2233 4921 idem

287 4955 548 5016 prorsus
578 4946 879 5007 vestrum
912 4940 1062 5007 istic
1093 4941 1378 5009 officium
1413 4962 1557 5008 esse
1589 4941 1851 5026 putetis,
1887 4948 2232 5024 propterea

288 5022 455 5104 quod
511 5026 843 5111 peregrim
907 5026 1189 5110 novique
1247 5026 1408 5094 adeo
1473 5026 1773 5094 homines
1830 5027 2089 5104 essetis,
2158 5027 2229 5091 in

287 5109 690 5178 metituenda
729 5119 954 5178 vestra
997 5111 1288 5193 ecclesia,
1334 5113 1504 5197 quod
1549 5113 1711 5181 alias
1754 5114 1953 5179 fuisse
1995 5132 2230 5197 agnos-

291 5194 548 5276 cebatis,
605 5219 809 5282 quum
861 5217 996 5264 una
1035 5199 1109 5264 in
1146 5199 1395 5284 Anglia
1435 5200 1683 5285 pariter
1725 5205 1987 5267 nostras
2027 5197 2229 5264 eccle·

289 5280 415 5348 sias
460 5279 684 5350 divino
716 5282 1031 5351 beneficio
1064 5283 1271 5352 veluti
1306 5285 1483 5352 domi
1524 5296 1791 5353 nostrae
1823 5283 2229 5351 haberemus.

458 5367 656 5434 Domi
698 5378 801 5437 est
843 5369 976 5437 iam
1018 5384 1244 5455 pastor
1281 5370 1571 5454 quilibet,
1616 5372 1854 5439 fratres
1889 5370 2229 5448 carissimi,

2112 457 2277 520 15⁵4
2317 452 2502 522 IUL.

4168 462 4289 525 18ss

2341 639 2500 707 dnm
2545 643 2616 706 in
2646 641 2974 719 ecclesiae,
3019 641 3597 727 quantulacunque
3641 664 3718 710 ea
3757 652 3877 722 est,
3921 644 4288 712 ministerio

2340 727 2554 794 ubivis
2576 728 2863 794 locorum
2888 737 3212 794 versatur.
3280 729 3372 794 Et
3392 729 3938 812 quemadmodum
3973 731 4289 799 fratribus

2338 812 2474 880 illis
2522 814 2635 897 qui
2690 813 2771 879 ad
2833 835 2950 880 vos
3006 815 3412 897 scripserunt
3453 814 3789 899 integrum
3830 836 3963 881 non
4007 838 4149 884 6666
4184 820 4290 885 vi-

2340 898 2537 965 detur
2579 920 2889 966 revocare
2922 900 2995 965 in
3031 900 3322 983 ipsorum
3360 900 3663 967 ecclesias
3698 923 3866 985 quae
3900 905 4101 969 semel
4135 914 4291 970 sunt

2341 1005 2459 1068 per
2514 986 2692 1069 ipsos
2734 984 2991 1063 abolita,
3051 986 3598 1070 quemadmodum
3658 988 3920 1070 ipsimet
3976 991 4288 1069 scribunt,

2339 1071 2435 1136 ita
2479 1082 2547 1137 et
2590 1072 2775 1137 vobis
2818 1073 2887 1136 in
2948 1082 3171 1138 vestra
3212 1073 3388 1152 istic,
3445 1074 3501 1137 si
3559 1076 3961 1153 restituatur,
4020 1078 4289 1143 ecclesia

2340 1158 2549 1222 nihilo
2607 1160 2815 1242 magis
2872 1158 3206 1241 integrum
3260 1160 3396 1224 fore
3451 1168 3779 1241 putamus,
3847 1160 4149 1242 amplecti
4210 1184 4289 1229 ea

2339 1242 2554 1309 denuo
2595 1264 2759 1327 quae
2804 1242 2967 1309 alias
3010 1244 3468 1321 abieceramus‚
3524 1266 3725 1328 quum
3767 1246 3838 1309 in
3883 1248 4291 1315 restituenda

2340 1330 2489 1395 16116
2535 1342 2755 1396 vestra
2796 1330 3071 1395 ecclesia
3126 1330 3334 1395 nihilo
3391 1351 3548 1396 6666
3590 1332 3807 1396 161601
3842 1332 3913 1396 16
3960 1330 4141 1399 vobis
4183 1356 4287 1400 re-

2340 1416 2643 1498 quiratur
2692 1415 2988 1493 fidelitas,
3048 1435 3245 1500 quam
3297 1415 3370 1481 in
3427 1416 3561 1483 illis
3612 1416 3776 1501 ipsis
3820 1416 4132 1483 fratribus
4176 1423 4289 1503 qui

2339 1498 2423 1565 ad
2468 1522 2586 1567 vos
2630 1503 3034 1584 scripserunt
3088 1504 3159 1567 in
3215 1502 3644 1587 gubernanda
3682 1504 3972 1586 ipsorum
4019 1505 4289 1572 ecclesia

2340 1587 2588 1670 requiri
2631 1586 2766 1653 ullo
2807 1586 3002 1652 modo
3045 1608 3236 1671 posse
3280 1588 3555 1655 videtur.
3624 1588 3947 1654 Nolumus
3981 1590 4128 1655 odio
4170 1613 4287 1657 no-

2340 1672 2575 1752 larum,
2622 1673 2900 1740 vestium
2945 1686 3061 1739 aut
3098 1694 3435 1740 cereorum
3471 1697 3511 1740 a
3533 1675 3719 1741 vobis
3752 1675 4102 1758 quidquam
4145 1679 4289 1744 fieri

2341 1761 2623 1824 omnino.
2715 1758 2891 1825 Sunt
2934 1762 3104 1825 enim
3150 1763 3357 1826 bonae
3393 1761 3522 1825 Dei
3566 1770 3901 1826 creaturae
3945 1784 4188 1843 omnes,
4234 1766 4289 1829 si

2339 1845 2470 1909 illis
2515 1845 2679 1911 bene
2722 1854 3004 1912 utamur.
3079 1846 3213 1913 Sed
3258 1847 3601 1912 vitandam
3646 1868 3787 1912 esse
3832 1847 4105 1916 dicimus
4151 1870 4289 1915 om-

2341 1952 2493 1996 nem
2538 1932 3096 2016 superstitionem,
3154 1954 3320 2015 quae
3374 1933 3456 1998 ad
3512 1931 3814 1998 alendam
3855 1933 4289 2000 idololatriam

2341 2028 2637 2100 spectare
2693 2037 2949 2100 quoquo
3007 2017 3198 2084 modo
3257 2019 3545 2097 videtur,
3612 2040 3653 2084 a
3704 2039 3830 2101 qua
3888 2039 4041 2084 sane
4096 2022 4161 2086 in
4208 2022 4289 2087 iis

2338 2102 2499 2169 locis
2540 2104 2611 2168 in
2656 2104 2893 2186 quibus
2937 2104 3100 2169 haec
3143 2104 3580 2170 observantur
3622 2104 3876 2187 plebem
3920 2107 4159 2189 ipsam,
4207 2128 4290 2173 ne

2337 2190 2493 2273 quid
2536 2188 2615 2255 de
2660 2190 2803 2256 aliis
2840 2188 3152 2270 dicamus,
3198 2190 3492 2256 nondum
3526 2190 3722 2274 plane
3764 2190 4111 2258 liberatam
4147 2214 4291 2259 esse

2338 2274 2654 2341 videmus.

2509 2360 2785 2428 Censeri
2844 2369 3065 2427 autem
3115 2383 3249 2426 non
3306 2363 3604 2444 poteritis
3661 2362 3867 2428 ullam
3910 2364 4057 2429 istic
4102 2385 4287 2448 sepa-

2337 2449 2657 2513 rationem
2710 2449 2784 2511 in
2829 2447 3099 2513 ecclesia
3154 2447 3323 2512 velle
3366 2448 3609 2526 facere,
3669 2450 3725 2513 si
3770 2450 3835 2512 in
3884 2450 4287 2516 restituenda

2336 2542 2562 2599 vestra
2604 2534 2876 2600 ecclesia
2917 2540 3213 2616 receptos
3249 2532 3395 2599 istic
3440 2534 3605 2600 ritus
3642 2535 3753 2618 qui
3788 2557 3903 2601 vos
3948 2536 4289 2601 offendunt

2337 2620 2641 2702 amplecti
2685 2619 2923 2684 nolitis.
3015 2618 3187 2683 Dum
3231 2620 3409 2684 enim
3450 2620 3595 2685 istic
3634 2622 3857 2686 vivere
3902 2629 3970 2686 et
4012 2624 4291 2687 fratrum

2339 2705 2480 2771 loco
2515 2704 2746 2772 haberi
2780 2705 3146 2787 postulatis,
3183 2705 3340 2770 dum
3376 2706 3708 2770 neminem
3737 2708 3885 2772 istic
3921 2709 4115 2772 etiam
4154 2709 4289 2773 solo

2339 2791 2586 2857 rituum
2632 2804 3039 2873 receptorum
3086 2792 3347 2856 nomine
3391 2792 3857 2870 condemnatis,
3914 2792 4030 2857 sed
4071 2794 4290 2859 obser-

2343 2886 2561 2942 vatam
2627 2898 2745 2961 per
2811 2898 2927 2942 vos
2993 2876 3149 2941 alibi
3204 2877 3448 2942 rituum
3506 2879 3859 2961 puritatem
3916 2900 4068 2945 cum
4130 2901 4290 2962 pace

2334 2962 2612 3046 hospitis
2647 2963 2956 3028 ecclesiae
2989 2963 3275 3027 retinere
3309 2964 3546 3046 cupitis
3579 2964 3653 3028 in
3691 2964 3998 3029 ecclesiae
4032 2976 4291 3030 vestrae

2337 3049 2493 3115 alibi
2537 3050 2886 3134 dissipatae
2941 3050 3386 3128 restitutione,
3443 3049 3818 3116 adiuncturi
3874 3069 3991 3117 vos
4050 3052 4287 3135 alioqui

2338 3220 2670 3288 doctrinae
2708 3231 2965 3288 vestrae
3001 3222 3403 3288 confessione
3440 3232 3507 3286 et
3540 3225 3683 3287 sine
3718 3223 4010 3306 priorum
4042 3223 4291 3288 rituum

2337 3329 2680 3374 morumve
2730 3308 3126 3392 praeiudicio
3184 3308 3539 3392 adiungere
3599 3308 3811 3388 vellet,
3870 3309 4094 3374 videre
4136 3331 4292 3375 sane

2337 3415 2467 3459 non
2524 3415 2886 3478 possumne,
2943 3415 3074 3477 qua
3131 3395 3388 3459 ratione
3439 3395 3731 3460 accusari
3787 3395 4050 3478 possitis
4094 3395 4293 3460 ullius

2338 3482 2604 3545 omnino
2648 3481 3098 3564 separationis,
3143 3482 3216 3557 si,
3277 3480 3433 3543 dum
3478 3479 3545 3543 id
3589 3481 3947 3563 impetrare
3990 3502 4121 3544 non
4168 3503 4284 3565 po-

2337 3566 2526 3631 testis
2586 3566 2754 3648 quod
2818 3587 2936 3649 pro
2992 3573 3214 3630 vestro
3268 3566 3477 3632 officio
3535 3564 3618 3631 ad
3670 3573 3926 3631 vestrae
3986 3567 4293 3632 ecclesiae

2337 3653 2815 3717 restitutionem
2850 3652 3212 3734 postulatis,
3260 3651 3607 3716 consilium
3644 3652 3842 3717 etiam
3879 3661 4173 3718 vestrum
4213 3653 4292 3718 de

2335 3736 2741 3802 instituenda
2784 3738 2930 3803 istic
2966 3745 3188 3802 vestra
3222 3736 3493 3802 ecclesia
3520 3739 3805 3803 mutetis.
3874 3739 4011 3804 Sed
4055 3739 4291 3823 hospes

2334 3824 2553 3907 potius
2597 3823 2744 3889 istic
2779 3823 3047 3890 ecclesia
3082 3823 3295 3887 videri
3329 3824 3565 3889 merito
3600 3824 3842 3906 poterit
3886 3827 4288 3891 occasionem

2336 3909 2593 3975 dedisse
2638 3918 2890 3975 vestrae
2930 3909 3338 3992 separationi,
3382 3930 3551 3991 quae
3586 3932 3701 3976 vos
3742 3909 3815 3975 in
3858 3918 4079 3976 vestra
4122 3914 4289 3993 peti-

2334 3997 2541 4072 tione,
2603 4015 2801 4080 quam
2857 3995 3095 4077 alioqui
3156 4004 3221 4059 et
3262 3996 3440 4077 piam
3483 4005 3550 4059 et
3595 3995 3794 4061 verbo
3838 3996 3965 4061 Dei
4012 4018 4288 4063 consen-

2333 4091 2596 4148 taneam
2640 4102 2781 4147 esse
2822 4100 3065 4164 negare
3108 4102 3240 4145 non
3285 4089 3515 4164 potest,
3560 4102 3692 4145 non
3738 4080 3949 4146 solum
3994 4105 4126 4146 non
4173 4104 4289 4148 au·-

2336 4168 2476 4234 diat
2518 4166 2633 4233 sed
2678 4168 2813 4232 suis
2847 4168 3044 4232 etiam
3079 4166 3493 4248 praeiudiciis
3528 4167 3623 4231 ita
3658 4179 3993 4249 praeterea
4036 4181 4287 4252 gravet.

2333 4262 2409 4320 ut
2432 4274 2548 4319 vos
2593 4273 2712 4336 pro
2752 4251 3061 4318 fratribus
3106 4253 3270 4317 nolit
3311 4273 3682 4338 agnoscere,
3730 4252 4017 4335 adeoque
4061 4263 4129 4317 61
4168 4275 4286 4336 pro

2335 4339 2682 4406 haereticis
2726 4338 2978 4416 habeat,
3024 4338 3153 4404 nisi
3197 4360 3345 4404 cum
3388 4338 3504 4402 illa
3546 4348 3613 4403 et
3652 4339 3725 4403 in
3770 4338 4067 4405 doctrina
4112 4349 4177 4403 et
4214 4341 4285 4403 in

2333 4426 2568 4492 ritibus
2611 4431 2679 4489 61
2719 4424 2790 4488 16
2827 4424 3244 4507 praeiudiciis
3275 4424 3482 4507 ipsius
3518 4425 3700 4508 paria
3734 4424 3942 4490 modis
3982 4424 4287 4489 omnibus

2331 4512 2545 4577 facere
2589 4520 2707 4576 aut
2748 4510 2813 4575 id
2858 4511 3093 4575 saltem
3137 4509 3448 4577 simulare
3490 4511 3727 4576 velitis.

2506 4596 2767 4662 Horum
2823 4618 2942 4663 nos
2998 4597 3220 4680 paucis
3264 4595 3705 4662 admonendos
3749 4617 3866 4662 vos
3909 4615 4050 4660 esse
4091 4601 4288 4678 puta-

2339 4684 2573 4761 vimus,
2630 4684 2865 4748 fratres
2908 4680 3334 4761 dilectissimi,
3397 4681 3478 4747 de
3533 4681 3770 4765 quibus
3826 4679 4067 4764 alioqui
4109 4701 4285 4746 com·-

2337 4790 2573 4835 munes
2630 4768 2776 4835 illos
2834 4768 3072 4835 fiatres
3128 4777 3386 4835 nostros
3442 4768 3554 4851 qui
3599 4764 3681 4832 ad
3720 4786 3841 4832 vos
3883 4769 4287 4850 scripserunt

2336 4876 2456 4939 per
2510 4875 2630 4922 vos
2681 4854 3047 4921 admonitos
3113 4876 3246 4921 non
3303 4873 3444 4921 esse
3503 4851 3919 4918 arbitramur.
4020 4853 4287 4936 Alioqui

2336 4943 2484 5026 quis
2528 4962 2662 5007 non
2704 4940 2978 5007 suadeat
3019 4940 3205 5008 vobis
3245 4947 3322 5005 ut
3359 4939 3654 5023 privatis,
3698 4936 4095 5004 manendum
4136 4940 4285 5004 istic

2335 5028 2552 5110 potius
2589 5046 2730 5092 esse
2765 5046 2960 5109 quam
2984 5046 3189 5110 vagos
3223 5026 3351 5091 huc
3385 5033 3580 5108 atque
3612 5023 3770 5089 illuc
3792 5044 3912 5089 vos
3946 5024 4282 5102 cursitare,

2334 5113 2392 5178 si
2459 5121 2683 5180 vestra
2746 5111 3042 5178 doctrina
3097 5132 3232 5178 non
3287 5111 3637 5176 damnetur
3690 5117 3758 5176 et
3811 5111 4060 5192 priores
4114 5111 4326 5175 ritus·

2335 5199 2539 5265 vestri
2580 5200 3185 5281 consentientesque
3227 5196 3566 5264 vobiscum
3607 5195 3916 5263 ecclesiae
3949 5193 4285 5263 fanatismi

2334 5305 2467 5351 606
2501 5293 2980 5362 accusarentur,
3017 5293 3085 5348 et
3116 5292 3193 5349 ut
3225 5304 3363 5362 vos,
3398 5284 3455 5349 61
3490 5281 3682 5348 aliter
3714 5283 3853 5348 fieri
3879 5302 4013 5348 non
4046 5297 4282 5365 posset,

2335 5370 2577 5454 hospiti
2614 5369 3058 5456 adiungeretis
3092 5370 3417 5450 ecclesiae,
3453 5369 3510 5435 si
3544 5366 3737 5434 modo
3771 5367 3957 5435 vobis
3991 5389 4111 5435 sua
4144 5369 4285 5433 sine
