4850 6200
542 398 668 461 ⁷99

546 583 770 650 simus.
851 580 1198 663 Nunquam
1257 592 1390 645 tam
1443 578 1713 645 feliciter
1755 578 2106 646 cohaerent
2148 576 2476 655 foederati,

545 680 619 735 ut
663 688 797 733 non
844 668 1212 749 frequenter
1251 686 1384 731 non
1427 665 1607 730 leves
1650 667 1954 748 utrinque
1987 665 2341 729 videantur
2375 665 2477 728 in-

545 754 704 819 ferri
761 753 1055 817 iniuriae.
1142 751 1368 835 Neque
1413 772 1567 817 vero
1623 750 1746 817 hac
1790 752 1870 816 de
1934 772 2135 816 cansa
2179 750 2482 815 dissuant

544 838 807 905 foedera
858 840 1200 921 sapientes,
1256 835 1371 903 sed
1416 835 1761 920 aliquando
1818 835 2305 913 dissimulando,
2361 836 2479 899 ali-

545 925 807 1008 quando
875 921 1161 989 modeste
1225 922 1701 1007 interpellando
1764 923 2033 988 dissidia
2093 922 2199 986 vel
2255 920 2483 987 oborta

545 1010 650 1075 vel
696 1010 1027 1075 oboritura
1059 1022 1174 1074 aut
1216 1020 1616 1092 componunt
1658 1018 1770 1074 aut
1813 1009 2261 1092 praeveniunt.
2351 1007 2479 1072 Co·

597 1097 758 1161 ‘tant
821 1098 891 1160 in
955 1096 1314 1160 mutatione
1379 1106 1494 1159 aut
1537 1095 1988 1178 abrogratione
2032 1095 2225 1177 longe
2267 1095 2481 1158 maius

574 1203 684 1247 ore
827 1180 1104 1247 riculum
1152 1202 1344 1263 qnam
1406 1181 1462 1244 si
1499 1180 1726 1244 foedus
1768 1180 2212 1263 qualecunque
2255 1199 2481 1263 proro-

549 1278 723 1352 gent.
785 1268 834 1348 ⁶)
889 1266 1381 1332 confoederatio
1423 1266 1537 1329 illa
1580 1277 1802 1331 vestra
1843 1287 1988 1332 cum
2033 1266 2482 1331 Beruensibus

547 1374 680 1418 non
727 1353 952 1418 infelix
995 1353 1119 1417 fuit
1161 1352 1495 1417 hactenus.
1567 1354 1781 1418 Aucta
1825 1360 1924 1416 est
1967 1351 2046 1415 ad
2093 1351 2481 1417 miraculum

548 1459 756 1521 usque
801 1438 1068 1504 ecclesia
1113 1437 1536 1503 Genevensis.
1595 1439 1684 1502 Et
1727 1438 1851 1502 fuit
1895 1437 2246 1519 hucusque,
2293 1448 2485 1519 atquo

550 1534 774 1589 manet
817 1524 1048 1599 adhuc,
1106 1523 1406 1589 exsulum
1453 1522 1700 1587 Christi
1746 1543 1940 1588 causa
1983 1524 2257 1606 asylum.
2319 1523 2486 1586 Inde

551 1630 668 1693 per
725 1610 1102 1674 universam
1162 1608 1443 1674 Galliam
1504 1610 1837 1692 spargitur
1881 1610 2296 1691 praeconium
2329 1608 2485 1673 Iesu

552 1695 799 1761 Christi
855 1705 930 1761 ut
993 1694 1072 1758 de
1126 1695 1270 1759 aliis
1324 1694 1698 1759 nationibus
1755 1695 1917 1758 nihil
1967 1714 2483 1759 commemorem.

550 1780 780 1847 Potest
844 1780 1100 1863 quidem
1168 1779 1392 1843 divina
1455 1781 1707 1845 bonitas
1773 1790 1841 1843 et
1905 1782 2190 1863 potentia
2247 1780 2488 1861 absque

553 1866 1112 1933 confoederatione
1161 1865 1389 1929 urbem
1444 1878 1729 1929 vestram
1793 1886 2072 1944 servare,
2118 1876 2185 1929 et
2227 1865 2486 1947 quidem

553 1961 762 2037 turpe,
809 1954 936 2015 imo
981 1952 1250 2033 impium
1273 1960 1441 2015 esset
1461 1950 1972 2016 incolumitatem
2017 1950 2194 2016 urbis
2233 1963 2488 2016 vestrae

554 2037 1055 2102 considerationi
1083 2036 1351 2118 alligare
1377 2036 1716 2101 humanae.
1781 2036 2188 2114 Maledictus,
2225 2037 2318 2100 ait
2337 2057 2486 2119 pro·

553 2124 772 2205 pheta,
798 2125 906 2202 qui
935 2123 1115 2205 ponit
1152 2141 1411 2185 carnem
1444 2121 1779 2187 brachium
1815 2143 2023 2187 suum.
2046 2124 2099 2200 ⁶)
2160 2121 2486 2202 Quoniam

555 2230 709 2273 vero
775 2206 958 2272 Deus
1026 2229 1153 2271 non
1222 2228 1474 2289 semper
1524 2208 1902 2273 miraculose
1967 2208 2080 2270 sed
2124 2229 2240 2289 per
2275 2207 2487 2271 media

556 2295 693 2377 agit
737 2294 1042 2377 legitima,
1089 2313 1298 2374 neque
1344 2292 1633 2357 humana
1675 2294 1741 2356 in
1805 2295 2184 2359 universum
2223 2293 2489 2357 damnat

557 2380 818 2455 auxilia,
866 2402 1072 2461 neque
1117 2378 1284 2443 male
1309 2377 1618 2443 hactenus
1663 2381 1926 2443 cesserit
1964 2379 2143 2443 vobis
2188 2379 2301 2444 illa
2336 2402 2486 2445 con-

553 2464 926 2531 foederatio:
997 2486 1125 2528 non
1192 2479 1437 2528 temere
1502 2465 1950 2547 prudentiores
2013 2466 2301 2529 iudicant
2357 2487 2487 2529 non

554 2548 770 2615 deberi
815 2550 1437 2615 confoederationem
1482 2550 1661 2614 illam
1701 2550 1994 2626 discindi,
2041 2560 2107 2615 et
2150 2552 2202 2615 si
2250 2550 2487 2616 discin-

554 2636 746 2701 datur
810 2658 938 2701 non
1006 2657 1189 2718 posse
1249 2635 1314 2699 id
1374 2635 1632 2718 quidem
1683 2637 1824 2701 fieri
1868 2636 2031 2701 citra
2085 2637 2490 2701 luculentum

550 2723 804 2804 piorum
850 2722 1332 2786 detrimentum.
1401 2722 1535 2785 Res
1570 2735 1743 2786 certe
1787 2723 1913 2787 ista
1946 2743 2051 2786 me
2095 2730 2273 2787 tenet
2297 2722 2491 2787 valde

553 2807 921 2885 sollicitum,
1031 2808 1236 2872 uoties
1292 2807 1505 2890 cogito
1569 2808 1905 2872 Genevam
1973 2816 2070 2871 tot
2152 2807 2492 2873 exsulibus

553 2904 820 2977 propter
866 2892 1202 2959 Christum
1247 2893 1555 2975 praebere
1599 2893 1895 2975 hospitia,
1939 2895 2050 2975 qui
2093 2904 2314 2959 tamen
2359 2892 2490 2958 dis-

554 2989 1001 3062 pergerentur,
1078 2987 1316 3049 metuo.
1385 2978 1439 3042 si
1517 2980 1626 3043 vel
1702 2978 1945 3044 bellum
2011 2977 2494 3045 recrudesceret

555 3064 1066 3150 Allobrogicum,
1111 3064 1220 3128 vel
1275 3064 1511 3130 itinera
1554 3064 2020 3145 obsiderentur,
2085 3065 2188 3132 vel
2233 3066 2286 3131 si
2333 3065 2491 3149 quid

556 3153 849 3217 eveniret
907 3151 1363 3228 calamitosius,
1427 3150 1535 3214 vel
1598 3151 1795 3215 etiam
1841 3149 2007 3216 bello
2049 3152 2269 3217 sociali
2311 3152 2492 3218 colli-

558 3234 890 3302 deremini.
989 3236 1216 3301 Potest
1281 3235 1539 3318 quidem
1607 3236 1789 3302 Deus
1853 3257 2004 3302 suos
2067 3236 2369 3322 colligere
2427 3245 2494 3302 et

555 3341 787 3405 parare
851 3322 986 3387 suis
1033 3319 1346 3403 hospitia:
1389 3341 1618 3386 verum
1662 3322 1718 3387 si
1751 3330 1982 3407 parata
2013 3322 2143 3387 iam
2185 3324 2320 3389 sint
2357 3345 2491 3388 non

555 3417 710 3490 puto
752 3416 993 3472 temere
1034 3406 1138 3471 vel
1175 3405 1487 3471 mutanda
1530 3427 1670 3472 esse
1714 3408 1822 3474 vel
1865 3407 2301 3474 disturbanda.
2365 3408 2493 3474 Ve-

558 3514 705 3558 rum
749 3492 910 3558 haec
953 3494 1099 3576 ipsa
1143 3492 1313 3577 apud
1360 3500 1426 3556 te
1460 3495 1703 3576 cogitas
1741 3494 1914 3558 haud
1961 3494 2186 3572 dubie;
2232 3504 2303 3559 ut
2359 3505 2489 3560 sto-

560 3576 765 3644 lidum
823 3600 929 3644 me
973 3579 1080 3644 hie
1103 3579 1215 3643 tibi
1254 3576 1594 3643 exhibeam
1639 3579 1748 3661 qui
1792 3581 2284 3663 occupatissimo
2329 3581 2491 3647 alias

559 3664 688 3730 ista
753 3675 846 3730 tot
911 3665 1125 3729 verbis
1192 3664 1528 3728 inculcem.
1618 3663 1750 3730 Sed
1817 3664 1998 3730 dabis
2057 3669 2170 3732 boc
2213 3667 2488 3732 sollicito

559 3751 782 3816 amori.
871 3751 1124 3815 Censeo
1169 3750 1434 3814 omnino
1478 3750 1548 3813 in
1593 3751 1673 3815 iis
1708 3771 1869 3833 quae
1913 3765 2068 3816 sunt
2110 3752 2489 3816 indifferen-

557 3835 653 3900 tia
696 3835 1053 3902 cedendum
1093 3856 1233 3900 esse
1281 3835 1572 3900 nonnihil
1617 3837 2077 3917 Beruensibus,
2142 3849 2207 3903 et
2262 3860 2490 3904 rursus

553 3920 673 3986 hos
718 3943 845 3986 non
893 3920 1239 4004 praeduros
1283 3943 1423 3987 esse
1453 3932 1767 4005 oportere,
1813 3933 1885 3986 ut
1925 3923 2151 3989 foedus
2173 3924 2490 3990 hactenus

550 4023 812 4092 pactum
861 4019 1243 4090 prorogetur
1286 4007 1575 4083 ulterius,
1634 4006 1836 4073 donee
1880 4010 2149 4076 meliora
2191 4012 2491 4093 experia-

551 4114 702 4158 mur
760 4105 1070 4176 tempora.
1164 4092 1481 4172 Quamvis
1541 4115 1691 4158 vero
1748 4092 2045 4174 arbitrer,
2093 4105 2160 4160 te
2218 4118 2331 4178 pro
2375 4106 2492 4161 tua

553 4179 905 4263 prudentia
971 4179 1112 4243 istis
1174 4178 1476 4244 civilibus
1499 4179 1553 4263 ⁷)
1619 4201 1753 4244 non
1797 4181 2150 4256 innectere,
2196 4182 2348 4262 quia
2392 4193 2488 4245 ta·

553 4286 705 4329 men
748 4286 879 4329 non
925 4264 1152 4331 dubito
1197 4264 1543 4346 aliquando
1586 4287 1625 4330 a
1668 4267 1788 4348 piis
1832 4277 2134 4350 rogatum
2171 4279 2352 4331 tuam
2399 4270 2491 4333 eis

553 4351 795 4415 referre
851 4351 1243 4415 sententiam
1305 4362 1371 4413 et
1423 4351 1717 4416 conferre
1775 4352 1854 4416 de
1898 4354 2090 4419 rebus
2129 4355 2489 4437 praesenti-

556 4432 694 4510 bus,
742 4435 1057 4502 admoneo
1105 4445 1170 4500 et
1193 4435 1419 4500 hortor
1461 4444 1545 4512 te,
1592 4439 1680 4500 mi
1725 4437 1946 4513 frater,
1982 4439 2114 4504 tuis
2137 4447 2324 4504 autor
2346 4460 2489 4504 esse

552 4521 718 4586 velis
763 4530 828 4586 et
860 4522 1189 4586 consultor
1231 4533 1306 4584 ut
1339 4521 1628 4587 societati
1652 4522 2084 4588 Bernensium
2128 4546 2197 4589 se
2241 4546 2488 4590 accom-

556 4606 841 4682 modent,
899 4627 982 4671 ne
1032 4607 1154 4671 hae
1201 4607 1364 4671 duae
1407 4607 1804 4690 respublicae
1845 4629 1884 4673 a
1926 4630 1996 4673 se
2039 4610 2317 4675 invicem
2364 4610 2489 4675 dis·

558 4691 780 4756 siliunt
823 4692 1107 4757 maximo
1150 4692 1506 4758 multorum
1551 4694 1867 4759 bonorum
1912 4693 2146 4774 dolore,
2197 4697 2487 4762 infirmo·

554 4796 698 4842 rum
736 4778 932 4842 etiam
969 4779 1321 4844 offensione
1362 4787 1428 4844 et
1463 4778 1865 4859 detrimento,
1912 4801 2169 4846 summa
2212 4781 2488 4864 denique

558 4883 704 4929 cum
766 4864 1198 4929 exsultatione
1257 4865 1650 4930 nebulonum
1694 4867 2002 4932 omnium.
2093 4866 2327 4946 Vigila,
2374 4868 2485 4932 ob·

561 4969 756 5026 secro,
824 4951 1037 5034 cogita
1102 4971 1181 5014 ea
1236 4971 1399 5032 quae
1464 4951 1640 5033 pacis
1707 4967 1768 5016 et
1816 4950 2278 5018 aedificationis
2313 4962 2485 5030 sunt,

760 5169 821 5292 ἓ)
857 5171 1059 5293 JVerum
1099 5187 1186 5291 νὲε
1220 5173 1331 5227 ium
1365 5173 1425 5225 in
1459 5173 1615 5228 aliud
1650 5175 1884 5229 stadium
1916 5190 2210 5244 prom-essa
2244 5182 2374 5229 erat.

767 5239 826 5374 7))
859 5256 1076 5377 awti.-
1097 5243 1170 5363 ιη’
1203 5240 1257 5363 33
1315 5309 1504 5365 swam
1537 5314 1815 5381 sequentia
1847 5312 2219 5370 emendatione
2252 5320 2418 5382 egent.

2041 389 2561 458 EPISTOLAE
2598 392 3022 455 2307-2308

4396 391 4526 455 800

2586 579 2802 644 sciens
2845 588 3141 660 tempora
3181 596 3322 642 esse
3364 577 3554 642 mala.
3624 577 3949 642 Dominus
3983 576 4169 642 Iesus
4211 577 4527 644 concedat

2585 664 2771 729 vobis
2814 674 2991 728 recte
3035 683 3265 746 sapere
3304 663 3377 726 in
3421 663 3528 727 his
3570 674 3639 727 et
3680 664 3751 727 in
3793 663 4061 745 reliquis
4102 664 4422 743 omnibus,
4456 672 4525 729 et

2584 769 2662 813 ea
2718 770 2881 831 quae
2941 748 3231 814 salubria
3286 761 3441 813 sunt
3493 749 3729 814 sectari
3771 748 4081 831 consequi
4114 759 4182 813 et
4222 751 4523 828 retinere,

2581 834 2869 918 adeoque
2910 842 2979 899 et
3022 832 3289 898 modum
3332 846 3557 899 tenere
3598 835 3673 898 in
3707 834 4028 900 omnibus.
4094 837 4269 899 Ante
4307 837 4527 900 omnia

2583 942 2736 986 vero
2778 940 3040 985 oremus
3084 919 3442 986 Dominum
3486 928 3565 985 ut
3606 921 3663 984 is
3711 920 4085 1003 praeluceat
4127 921 4312 986 vobis
4354 932 4423 985 et
4455 922 4523 986 in

2586 1007 2714 1071 viis
2746 1007 2883 1071 suis
2929 1027 3046 1070 vos
3092 1007 3367 1071 retineat
3410 1027 3683 1088 semper.

2759 1090 2863 1155 De
2930 1093 3012 1155 D.
3086 1091 3453 1174 Philspposs)
3522 1114 3657 1157 non
3735 1092 3946 1157 ausim
4026 1102 4209 1155 tanta
4262 1112 4527 1174 sperare

2587 1188 2833 1261 quanta
2868 1177 3115 1241 videris
3160 1179 3227 1241 in
3244 1179 3377 1243 tuis
3422 1178 3715 1261 polliceri
3736 1177 3963 1243 literis.
4020 1178 4185 1243 Pius
4227 1188 4329 1243 est
4369 1199 4527 1243 sane

2588 1274 2655 1328 et
2714 1263 2939 1329 doctus
2997 1263 3107 1326 sed
3166 1264 3473 1328 abhorret
3528 1265 3805 1328 nimium
3860 1264 3940 1328 ab
3984 1262 4527 1347 disputationibus

2590 1350 2789 1414 etiam
2833 1348 3237 1414 necessariis.
3317 1350 3510 1416 Unde
3554 1370 3687 1414 non
3730 1369 3996 1432 possum
4040 1350 4204 1414 mihi
4260 1370 4530 1432 persua-

2591 1434 2744 1500 dere
2800 1436 2989 1500 illum
3052 1456 3337 1517 unquam
3393 1446 3684 1501 nostram
3729 1436 4120 1499 sententiam
4165 1435 4269 1499 vel
4311 1437 4529 1517 palam

2588 1521 2693 1584 vel
2717 1522 2960 1605 scripto
2981 1531 3209 1586 contra
3229 1523 3509 1604 aliquem
3534 1521 3801 1606 vulgato
3822 1521 4260 1586 defensurum.
4303 1519 4529 1587 Senex

2593 1617 2692 1671 est
2736 1620 2801 1671 et
2880 1607 3023 1672 vult
3064 1607 3136 1671 in
3171 1628 3344 1690 pace,
3390 1609 3447 1673 si
3491 1608 3633 1672 fieri
3676 1608 3896 1690 possit,
3945 1608 4231 1691 migrare
4265 1606 4347 1671 ad
4391 1609 4529 1672 Do-

2592 1694 2867 1757 minum.
2938 1692 3262 1776 Intelligit
3305 1694 3478 1758 inter
3519 1715 3679 1776 quos
3704 1693 3956 1758 habitet
3997 1703 4062 1757 et
4104 1702 4347 1776 quanto
4378 1715 4529 1759 eum

2592 1778 2881 1861 periculo
2926 1779 3125 1842 telam
3170 1779 3351 1843 illam
3398 1779 3740 1844 ordiretur.
3810 1779 3991 1845 Satis
4035 1780 4239 1863 igitur
4278 1777 4530 1845 videbi-

2591 1874 2701 1927 tur
2745 1866 2973 1930 fecisse
3018 1865 3137 1928 sibi
3177 1865 3230 1928 si
3268 1886 3395 1929 non
3423 1865 3779 1948 coniungat
3821 1886 3891 1929 se
3937 1865 4231 1930 hostibus
4264 1865 4527 1944 nostris,

2592 1950 2704 2015 sed
2749 1950 3007 2015 furores
3048 1952 3338 2031 ipsorum
3382 1949 3680 2016 cohibeat
3721 1959 3840 2016 etc.
3926 1950 4187 2032 Alioqui
4233 1972 4366 2015 non
4409 1951 4530 2015 du-

2593 2037 2724 2103 bito
2790 2035 2975 2100 illum
3036 2037 3256 2100 favere
3311 2036 3497 2101 nobis
3562 2046 3628 2100 et
3691 2039 3933 2101 sentire
3998 2037 4355 2113 nobiscum,
4399 2038 4529 2102 imo

2592 2124 2713 2189 hoc
2755 2123 2887 2188 scio
2925 2142 3051 2185 non
3099 2120 3353 2186 levibns
3377 2123 3785 2205 argumentis
3831 2122 4147 2205 (adeoque
4188 2123 4347 2205 ipsis
4388 2124 4530 2187 eius

2594 2208 2676 2274 ad
2730 2230 2836 2273 me
2887 2207 3095 2271 literis
3160 2207 3358 2275 datis)
3426 2208 3708 2273 edoctus.
3795 2208 3954 2273 Misi
4016 2209 4146 2272 iam
4203 2208 4286 2273 ad
4338 2207 4529 2272 illum

2592 2316 2800 2358 unum
2848 2315 2929 2357 ex
2975 2293 3129 2358 filiis
3172 2295 3334 2358 meis
3358 2297 3410 2372 ⁹)
3456 2302 3533 2357 ut
3578 2304 3646 2357 et
3688 2294 3907 2375 ipsum
3952 2294 4175 2358 audiat
4219 2303 4283 2359 et
4326 2294 4529 2359 bonas

2593 2381 2816 2444 literas
2861 2379 3333 2463 Witenbergae
3377 2377 3600 2444 discat.
3683 2378 3874 2459 Quod
3920 2389 3992 2443 ut
4037 2379 4308 2444 feliciter
4341 2378 4530 2444 eadat

2596 2466 2949 2529 Dominum
2988 2485 3161 2547 rogo.

2767 2551 3145 2635 [Contentio
3175 2554 3254 2625 ¹⁰)
3280 2550 3470 2615 valde
3507 2551 3673 2615 acris
3696 2561 3761 2615 et
3782 2552 4004 2615 odiosa
4037 2552 4325 2616 exercita
4358 2551 4529 2616 inter

2594 2636 2930 2702 Helvetios
2973 2637 3103 2700 iam
3149 2636 3615 2719 propemodum
3658 2657 3775 2718 per
3827 2656 4032 2701 annos
4088 2647 4354 2718 septem,
4411 2636 4528 2701 sed

2596 2725 2809 2805 sopita
2844 2723 3100 2786 interim
3128 2722 3490 2804 aliquoties,
3526 2721 3648 2787 hac
3685 2731 3930 2786 aestate
3966 2744 4193 2788 rursus
4228 2730 4529 2806 reparata

2596 2818 2714 2873 est.
2797 2808 3173 2889 Requirunt
3217 2807 3524 2872 foederati
3573 2810 3773 2872 nostri
3833 2808 4387 2873 confirmationem
4441 2829 4529 2873 ex

2596 2915 2775 2959 more
2856 2893 3061 2957 veteri
3127 2892 3622 2959 Helveticorum
3689 2893 4022 2958 foederum
4083 2914 4202 2977 per
4265 2893 4529 2959 solenne

2596 2980 3052 3055 iuramentum,
3091 2979 3260 3061 quod
3305 3000 3501 3061 quum
3549 2981 3618 3041 in
3676 2979 4007 3043 foederum
4058 2978 4298 3044 tabulis
4342 3001 4528 3063 prae-

2594 3067 2908 3150 scriptum
2933 3065 3037 3143 sit,
3083 3086 3198 3148 per
3222 3066 3440 3130 Deum
3476 3074 3543 3129 et
3573 3076 3825 3131 sanctos
3847 3066 4006 3144 eius,
4052 3063 4276 3130 eadem
4322 3066 4530 3131 forma

2593 3153 2913 3235 praestari
2957 3151 3374 3216 contendunt.
3464 3152 3681 3217 Verae
3737 3162 3954 3216 autem
4008 3151 4339 3235 religionis
4374 3172 4529 3217 con-

2594 3249 2820 3316 sortes,
2843 3238 3141 3321 Tigurini
3187 3245 3254 3302 et
3275 3238 3595 3303 Bernates
3640 3238 3943 3315 maxime,
3988 3257 4176 3302 suam
4218 3238 4529 3302 confiten-

2596 3335 2696 3388 tes
2742 3324 3125 3407 religionem
3171 3334 3561 3388 aversantur
3583 3323 3780 3406 vulgo
3803 3333 4130 3405 receptam
4177 3323 4356 3387 illam
4400 3323 4531 3387 for-

2595 3430 2788 3473 mam.
2880 3408 3269 3489 Sequestres
3325 3408 3436 3491 qui
3495 3408 3905 3472 intercedunt
3958 3417 4276 3491 putarunt
4333 3408 4529 3474 rebus

2594 3495 2962 3560 consultum
3004 3494 3328 3572 omnibus,
3374 3496 3427 3558 si
3474 3493 3679 3559 libera
3694 3494 4110 3578 permittatur
4149 3495 4217 3558 in
4261 3494 4531 3561 urbibus

2594 3581 2991 3663 evangelicis
3048 3579 3163 3643 illa
3221 3579 3517 3659 formula,
3564 3580 3658 3645 ita
3695 3586 3768 3644 ut
3812 3582 3866 3645 si
3908 3580 4021 3664 qui
4066 3581 4271 3644 velint
4314 3582 4531 3645 iurare

2593 3689 2708 3749 per
2730 3668 2945 3731 Deum
2990 3677 3057 3731 et
3100 3677 3356 3731 sanctos
3399 3667 3539 3731 eius
3583 3666 3850 3749 possint,
3894 3666 3950 3730 si
4037 3667 4105 3730 ui
4149 3665 4362 3731 nolint
4396 3688 4529 3730 non

2592 3751 2957 3835 adigantur.
3016 3751 3229 3817 Urbes
3253 3773 3404 3818 vero
3429 3774 3510 3816 ne
3545 3752 3668 3817 hoc
3702 3752 3963 3834 quidem
4033 3774 4142 3816 are
4165 3751 4527 3817 voluerunt.

2590 3837 2735 3902 Iam
2792 3838 2984 3903 audio
3042 3838 3109 3901 in
3174 3838 3491 3921 proximis
3547 3839 3823 3903 comitiis
3879 3836 4101 3902 Badae
4162 3846 4532 3920 sequestres

2593 3924 3105 3990 conciliationem
3148 3923 3484 3988 intulissse
3526 3922 3915 4000 huiusmodi,
3970 3933 4044 3987 ut
4087 3924 4345 4007 ubique,
4392 3932 4531 3989 tam

2592 4010 2664 4074 in
2694 4010 2965 4075 urbibus
2991 4030 3185 4091 quam
3231 4010 3297 4072 in
3322 4009 3524 4093 pagis,
3570 4009 3797 4073 eadem
3839 4010 4186 4074 iuramenti
4229 4017 4533 4074 servetur

2595 4096 2783 4160 iuxta
2843 4095 3097 4158 literam
3158 4095 3435 4160 formula
3489 4116 3604 4177 per
3662 4096 3881 4159 Deum
3935 4103 4003 4158 et
4066 4109 4327 4160 sanctos
4370 4097 4529 4160 eius.

2597 4179 2733 4247 Sed
2798 4179 3156 4263 evangelici
3222 4179 3403 4244 illam
3471 4180 3813 4245 formulam
3878 4202 4009 4245 non
4075 4179 4369 4259 reddant,
4415 4179 4530 4246 sed

2594 4266 2914 4331 duntaxat
2956 4286 3073 4348 per
3091 4265 3311 4330 Deum
3354 4267 3588 4343 iurent,
3627 4266 3910 4348 reliquae
3955 4275 4172 4331 autem
4207 4265 4528 4350 respubli-

2595 4373 2707 4417 cae
2743 4373 2861 4418 suo
2905 4373 3085 4416 more
3127 4352 3345 4416 iurent
3367 4373 3484 4435 per
3506 4351 3727 4418 Deum
3760 4363 3825 4417 et
3847 4361 4110 4418 sanctos
4145 4353 4302 4430 eius,
4347 4352 4529 4418 salva

2596 4438 2938 4520 utriusque
2994 4438 3197 4521 partis
3254 4438 3570 4521 religione
3625 4449 3690 4503 et
3731 4438 4153 4503 confessione.
4240 4438 4412 4503 Item
4457 4446 4530 4502 ut

2594 4523 2851 4608 legatus
2872 4523 3232 4589 Beruensis
3272 4523 3528 4608 vulgari
3566 4524 3695 4587 ista
3735 4524 3943 4588 forma
3981 4523 4213 4609 Tiguri
4251 4531 4528 4608 praeeat,

2794 4761 2851 4828 8)
2890 4761 2964 4817 N.
2999 4761 3155 4815 2204.
3187 4761 3339 4816 2275.

2794 4830 2854 4899 9)
2888 4830 2968 4886 N.
3000 4829 3153 4883 2277.
3189 4830 3343 4886 2295.

2768 4899 2857 4965 10)
2897 4900 3115 4954 Halteri
3151 4899 3375 4969 Ephem.
3405 4916 3464 4969 p.
3504 4898 3627 4954 108.-
3671 4900 3845 4954 Multa
3878 4900 4021 4953 inter
4055 4915 4113 4952 se
4148 4900 4250 4953 hoo
4284 4907 4526 4969 temporo

2592 4968 2829 5023 Helvetii
2877 4985 3036 5037 egere
3084 4969 3154 5022 de
3203 4969 3511 5024 renovando
3555 4986 3653 5038 per
3698 4969 4065 5022 iusiurandum
4099 4985 4200 5038 pro
4235 4985 4386 5022 more
4420 4969 4528 5021 foe-

2590 5039 2734 5104 dere,
2771 5038 2868 5091 scd
2904 5056 3067 5107 quum
3115 5038 3184 5091 de
3218 5039 3393 5091 forma
3438 5038 3788 5091 iurisiurandi
3831 5037 4115 5091 convenire
4151 5053 4259 5090 non
4306 5041 4531 5105 possent

2590 5107 2727 5160 nihil
2774 5113 2954 5160 actum
3001 5113 3102 5160 est.
3171 5107 3247 5159 Et
3282 5108 3397 5160 eius
3440 5108 3522 5160 rei
3565 5108 3739 5176 gratia
3773 5124 3870 5160 nos
3908 5122 4121 5175 quoque
4169 5113 4411 5160 senatum
4443 5121 4529 5158 ae-

2591 5177 2862 5229 cessimus.
2938 5176 3318 5229 Convenerunt
3353 5176 3517 5229 etiam
3593 5184 3787 5229 uatuor
3821 5193 3954 5228 evan
3997 5175 4160 5228 elicae
4194 5175 4359 5227 urbes
4385 5175 4528 5228 Aro-

2592 5245 2711 5297 viae
2758 5245 2915 5297 huius
2963 5245 3042 5297 rei
3091 5245 3324 5298 nomine.
3397 5243 3508 5311 (Of.
3606 5260 3703 5309 σεε,
3756 5244 3899 5298 Bau.
3934 5245 4002 5298 1.
4039 5241 4137 5295 ‘267
4173 5258 4246 5297 ⁸⁸.
4324 5242 4527 5314 Meyer,

2593 5314 2850 5369 Looamo
2884 5313 2954 5366 11.
2990 5311 3060 5365 48
3094 5313 3191 5379 ss.)
