4850 6200
343 386 453 449 ⁸5³

339 571 708 638 Clarissimo
726 573 866 639 viro
878 573 961 639 D.
980 573 1212 640 Ioanni
1226 573 1503 641 Calvino
1518 574 1931 642 Genevensis
1953 579 2264 645 ecclesiae

339 658 576 742 pastori
621 656 885 724 domino
927 680 1047 726 suo
1082 660 1538 727 colendissimo
1580 668 1647 726 et
1684 660 1877 727 fratri
1910 664 2262 732 carissimo.

495 826 568 893 S.
585 827 671 893 D.
697 825 1157 912 Superioribus
1181 828 1408 897 diebus
1427 831 1502 896 in
1524 831 1686 898 haec
1710 831 1913 899 verba
1933 833 2161 900 scribit
2183 834 2266 901 ad

332 934 431 980 me
471 912 738 995 quidam
780 935 864 980 ex
906 916 1291 982 consiliariis
1346 914 1553 983 Ducis
1616 916 2268 1003 Othonis-Hainrychi

332 998 572 1065 Bam-i
627 1009 694 1064 et
747 1000 1064 1067 Palatini:
1137 1000 1564 1079 „Lutherana
1617 1003 1952 1070 barbaries
2011 1005 2266 1072 radices

333 1086 481 1169 agit.
509 1089 556 1160 ι)
641 1085 1037 1169 Augustani,
1093 1086 1440 1153 Ulmenses
1497 1097 1565 1152 et
1610 1088 1846 1172 reliqui
1905 1089 2075 1175 apud
2145 1112 2266 1158 nos

331 1168 543 1235 nullos
585 1170 716 1235 nisi
766 1181 1058 1238 extreme
1092 1172 1514 1239 Lntheranos
1548 1172 1911 1240 admittunt
1945 1175 2028 1241 ad
2064 1177 2268 1243 eccle-

331 1257 460 1321 siae
535 1256 994 1324 ministerium.
1113 1257 1212 1325 ‘Ut
1287 1258 1442 1324 olim
1522 1280 1823 1339 romana,
1907 1262 1998 1327 sic
2073 1261 2267 1328 modo

331 1340 946 1426 Wittembergensis
1000 1349 1068 1409 et
1126 1341 1456 1410 Saxonica
1510 1344 1783 1411 ecclesia
1833 1346 1907 1412 in
1961 1348 2267 1414 omnibus

329 1426 672 1509 respicitur
713 1439 780 1492 et
821 1427 903 1492 ab
922 1427 1244 1495 omnibus.
1307 1428 1715 1495 Damnantur
1752 1431 1880 1496 viri
1921 1433 2012 1515 pii
2036 1433 2265 1499 haere-

329 1533 487 1589 seos,
531 1512 814 1597 populus
852 1513 919 1579 id
965 1513 1101 1579 ind·
1202 1534 1236 1578 e
1279 1515 1423 1593 fert,
1467 1515 1580 1599 qui
1620 1517 1863 1583 rectius
1919 1526 2110 1583 antea
2162 1519 2265 1583 in·

327 1598 592 1665 stitutus
647 1595 859 1664 adhuc
904 1599 1053 1665 orth
1138 1621 1262 1666 oxe
1318 1601 1543 1667 sentit.
1631 1600 1858 1684 Nuper
1891 1603 2266 1670 Lutherani

327 1685 497 1748 inter
540 1703 612 1749 ss
643 1683 970 1768 synodum
1013 1686 1442 1764 celebrarunt,
1479 1687 2008 1771 unanimiterque
2042 1688 2266 1756 decre—

327 1777 568 1834 verunt
588 1770 1006 1852 corporalem,
1049 1771 1378 1837 carnalem
1396 1772 1694 1838 mortalis
1716 1782 1990 1839 naturae
2012 1773 2267 1840 Christi

325 1856 765 1938 praesentiam
811 1856 880 1920 in
925 1876 1095 1938 pane
1139 1864 1258 1923 etc.
1357 1855 1551 1923 Unde
1594 1858 1725 1922 iam
1769 1858 1983 1943 palam
2039 1880 2265 1927 omnes

327 1962 453 2005 non
497 1940 674 2006 idem
718 1942 1100 2007 confitentes
1145 1941 1563 2008 anathemate
1605 1945 1981 2026 percutiunt
2024 1953 2094 2010 et
2147 1966 2263 2011 no-

328 2025 631 2091 minatim
673 2026 1118 2109 Zwinglianos
1136 2079 1154 2107 ,
1198 2025 1854 2112 oecolampadianos‚
1910 2051 2264 2114 omnesque

327 2113 434 2195 qni
477 2111 686 2177 verba
727 2111 1011 2178 Christi:
1055 2112 1181 2178 hoc
1223 2124 1325 2178 est
1361 2133 1593 2197 corpus
1629 2136 1866 2195 meum,
1909 2115 2266 2200 expediunt

326 2218 441 2280 per
523 2208 821 2280 tropum,
884 2208 1004 2264 etc.
1117 2198 1247 2263 Illa
1323 2199 1673 2265 insolentia
1750 2202 1950 2267 miras
2021 2202 2265 2269 excitat

327 2283 567 2348 turboe.
704 2281 1086 2367 Dissipatur
1164 2284 1467 2362 ecclesia,
1565 2286 1900 2369 plebecula
1985 2288 2263 2372 simplex

325 2378 606 2444 moeret,
682 2367 762 2433 de
819 2369 1121 2436 doctrina
1172 2377 1307 2434 tam
1365 2371 1580 2455 priore
1644 2392 1837 2456 quam
1910 2374 2268 2455 posteriore

325 2454 518 2518 multi
565 2453 864 2520 dubitare
906 2455 1246 2538 incipiunt,
1306 2455 1498 2521 multi
1556 2455 1635 2520 ad
1693 2458 1982 2541 papistas
2036 2480 2266 2525 rursus

326 2538 657 2605 deficiunt.
717 2539 973 2605 Retulit
1015 2540 1176 2604 mihi
1224 2539 1486 2625 quidam
1521 2542 1962 2625 superioribus
2006 2541 2262 2609 diebus:

323 2646 457 2689 una
499 2624 869 2708 septimana
910 2627 1197 2710 quinque
1259 2647 1569 2711 personas
1616 2629 1686 2691 in
1747 2626 2263 2711 desperationem

327 2711 652 2790 incidisse,
693 2732 769 2775 ac
812 2710 935 2776 sibi
981 2712 1138 2796 ipsis
1181 2721 1458 2778 mortem
1518 2713 1913 2779 consciscere
1973 2714 2264 2781 volentes

475 2798 568 2861 ‘m
612 2803 887 2879 ercptos,
941 2797 1179 2880 partim
1237 2807 1528 2863 mortuos
1587 2818 1728 2866 esse
1782 2800 2085 2865 inventos
2141 2810 2260 2866 etc.

424 2883 530 2947 ‘us
575 2881 731 2946 mali
776 2903 905 2947 non
949 2882 1079 2947 alia
1112 2882 1433 2967 allegatur
1454 2902 1650 2949 causa
1672 2905 1866 2966 quam
1902 2905 2261 2969 gravamen

323 2967 882 3034 conscientiarum.
997 2968 1100 3034 Ea
1164 2976 1297 3033 tam
1379 2978 1567 3052 grata
1617 2976 1775 3034 sunt
1845 2971 2114 3054 papistis
2186 2980 2264 3036 ut

321 3053 686 3137 approbent
719 3052 1381 3139 Wittembergensem
1417 3055 1793 3135 crassitiem,
1839 3056 2152 3122 nimirum
2187 3065 2265 3123 ut

322 3151 383 3204 et
425 3140 781 3205 veritatem
825 3140 1052 3223 ipsam,
1096 3148 1413 3223 quantum
1457 3141 1528 3205 in
1568 3142 1662 3207 eis
1717 3147 1835 3220 est,
1895 3152 1961 3206 et
2002 3143 2260 3208 saxoni-

320 3246 424 3291 cos
505 3223 802 3291 doctores
876 3224 1140 3291 tandem
1216 3235 1569 3309 proterant.
1693 3227 1895 3293 Pater
1967 3228 2261 3295 coelestis

319 3310 712 3376 misereatur
775 3312 1043 3376 nostri.“
1074 3315 1130 3387 ²)
1240 3311 1423 3378 Haec
1491 3313 1590 3377 vir
1647 3311 1772 3378 illo.
1874 3311 2060 3395 Quae
2120 3313 2259 3395 tibi,

320 3393 700 3462 honorande
743 3404 811 3461 et
851 3394 1118 3463 colende
1172 3398 1265 3462 mi
1306 3396 1527 3477 frater,
1584 3398 1655 3462 in
1724 3398 1847 3465 hoc
1903 3400 2262 3465 communi-

319 3501 467 3548 care
553 3481 822 3560 festino,
911 3502 994 3546 ne
1082 3480 1345 3548 differas
1432 3481 1804 3550 editionem.
1933 3485 2260 3551 Dominus

319 3576 544 3633 servet
577 3574 661 3632 te.

484 3651 706 3718 Hodie
763 3651 969 3718 auditi
1024 3661 1183 3718 sunt
1225 3674 1266 3718 a
1315 3651 1568 3720 Senatu
1603 3663 1671 3719 et
1703 3654 2024 3721 Ducentis
2058 3655 2257 3739 legati

315 3736 775 3817 Bernensium,
821 3737 1305 3818 Basiliensium,
1334 3737 2012 3820 Schaffhusianorum,
2035 3741 2257 3807 Rhae-

315 3830 552 3901 torum,
597 3819 1118 3902 Glaronensium,
1164 3824 1763 3908 Apptzellanorum.
1829 3826 2259 3892 Postularunt

317 3929 710 3975 consensum
775 3917 1146 3974 nostrorum
1210 3911 1281 3974 in
1361 3908 1664 3976 exsilium
1741 3911 2253 3977 Locarnensium

316 3995 537 4072 (sicuti
582 3994 832 4060 ultimis
875 3993 957 4058 ad
1008 4004 1073 4060 te
1115 3994 1326 4060 literis
1369 3996 1759 4080 significavi)
1818 4019 1902 4062 ne
1945 3996 2039 4062 illi
2083 4006 2255 4063 atro-

312 4080 490 4147 ciora
570 4079 856 4163 experiri
931 4088 1265 4164 cogantur.
1389 4079 1531 4145 Iam
1601 4102 1756 4147 vero
1825 4102 2025 4165 quum
2095 4082 2256 4150 haec

313 4164 526 4230 scribo
561 4174 710 4249 post
737 4163 1184 4231 duodecimam
1207 4166 1632 4232 meridianam
1674 4173 1877 4232 totam
1910 4166 2082 4235 hanc
2125 4167 2255 4234 dici

308 4260 570 4335 partem
618 4251 688 4315 in
756 4249 881 4316 hac
937 4271 1137 4318 causa
1189 4250 1611 4335 expendenda
1682 4263 2252 4336 consumpserunt:

311 4336 504 4402 audio
538 4343 842 4401 senatum
886 4346 954 4401 et
1038 4335 1250 4401 lebem
1292 4357 1333 4401 a
1380 4337 1560 4403 curia
1617 4336 2008 4404 descendere
2065 4359 2252 4404 sena·

311 4423 500 4502 toria,
547 4442 668 4488 nec
710 4441 1132 4488 consensisse.
1152 4421 1208 4507 ⁸)
1306 4422 1572 4488 Literae
1613 4423 1748 4489 iam
1809 4422 2251 4508 obsignandas

311 4607 585 4675 md)
622 4608 698 4664 Ia
747 4607 1049 4664 Germania
1103 4608 1513 4677 septentrionali
1557 4608 1822 4665 Minui
1870 4612 2066 4666 m
2115 4611 2254 4668 vice-

308 4684 532 4734 met
564 4679 871 4746 super-'ores
897 4682 1199 4740 macerant,
1232 4675 1605 4733 &Sa-‘uoniam
1631 4679 2250 4748 “superstabant-alem

306 4746 407 4827 qb·
429 4762 544 4829 P'?
588 4753 822 4816 teu-poro
855 4744 1221 4827 Philippicae
1344 4749 1357 4762 ·
1514 4748 1779 4828 tenebant.
1862 4747 2054 4802 Verum
2088 4750 2252 4803 stiam

307 4828 576 4938 aa...
435 4816 721 4937 Μὲ
740 4814 1083 4950 xa...
947 4815 1360 4952 mm...
1415 4817 2038 4967 mmm
2063 4824 2253 4968 τῇ

308 4951 472 5008 nodo
497 4951 624 5007 Nic.
641 4950 838 5007 Gallus
860 4951 1324 5007 Melanchtkonem
1356 4953 1894 5008 anahamon-cavent
1926 4954 2252 5009 tralatmnm

311 5024 404 5075 m.
485 5018 977 5076 UhnoeFrechms
1133 5020 2250 5089 nbacmiseodeniaclinabat,cum

308 5102 371 5144 eo
403 5088 836 5154 Vnum-bachans,
869 5104 1038 5158 usque
1112 5103 1201 5142 uu·
1238 5087 1388 5143 Rati
1415 5090 1749 5156 sanatis-ms
1782 5091 2111 5160 triumphum
2146 5093 2254 5160 epit

313 5153 523 5224 (zeias,
565 5156 905 5224 Refi-Guch.
944 5173 994 5211 ο.
1040 5155 1159 5213 mm
1190 5173 1247 5225 p.
1279 5155 1385 5211 350
1417 5159 1569 5229 seq).

519 5225 582 5293 2)
617 5226 797 5281 Aaron·
831 5225 1091 5282 laudatus
1125 5231 1206 5280 est
1225 5224 1292 5280 G.
1312 5225 1519 5282 Laetus
1542 5225 1766 5290 (simler
1799 5225 1877 5282 ad
1900 5227 2040 5283 Idus
2065 5227 2249 5296 Noa).

514 5294 578 5362 3)
610 5295 706 5350 Ad
736 5296 868 5351 haec
898 5296 969 5362 ct.
1008 5294 1216 5366 Meyer,
1250 5293 1504 5351 Locorum
1538 5295 1578 5350 Ι.
1613 5293 1718 5350 383
1750 5310 1828 5367 sq.

519 5379 738 5436 Οαῑυὲσιι·
763 5395 945 5451 opera.
1026 5380 1141 5437 Vol.
1175 5376 1306 5435 XV.

2043 393 2205 456 1554
2250 391 2650 463 DEOEMB.

4178 407 4311 470 354

2362 580 2645 649 fuerunt.
2711 584 2999 653 Posthac
3041 608 3240 671 quum
3285 587 3572 655 habuero
3614 589 3890 657 certiora
3930 591 4317 658 communi-

2363 668 2540 734 cabo.
2626 669 2811 737 Vale.
2901 672 3128 758 'l'iguri
3177 677 3274 739 18.
3320 671 3702 741 Decembris
3746 697 3919 743 anno
3970 681 4151 745 1554.

3456 810 3641 877 'l'uns
3684 811 4129 899 Bullingerus.

3250 1320 3449 1394 2⁰66.

2698 1453 3319 1525 GRATAROLUS
3355 1458 3985 1529 BULLINGERO.

2538 1625 2895 1693 Denunciat
2967 1628 3027 1691 ei
3098 1625 3399 1694 Per-inum
3461 1628 3852 1703 castellionis
3927 1633 4325 1718 discipulum

2372 1711 2593 1778 Tuo-ici
2631 1732 2796 1779 mmo
2835 1712 3140 1796 dmentem
3179 1715 3544 1781 studiosum.
3653 1717 3742 1782 Et
3787 1717 4078 1785 Socinum
4118 1720 4319 1788 obiter

2365 1798 2582 1864 eadm
2621 1804 2786 1865 creta
2826 1803 3011 1864 notat.
3114 1799 3264 1881 Ipse
3317 1799 3619 1869 Basileus
3655 1804 3787 1885 fere
3837 1804 4079 1871 nullum
4135 1806 4320 1874 habat

2365 1883 2642 1950 amioum
2675 1885 2829 1968 quia
2870 1904 2998 1949 non
3040 1883 3118 1950 ab
3158 1887 3486 1952 eorundem
3509 1888 3805 1970 partibus
3844 1894 3984 1956 stat.

2365 2052 2723 2123 (Excerptum
2767 2070 2837 2110 ex
2872 2063 3080 2126 autogr.
3113 2056 3278 2110 Arch.
3316 2057 3491 2114 Turio.
3529 2059 3670 2113 Plut.
3707 2061 3809 2116 VI.
3846 2062 3974 2118 Vol.
4020 2061 4138 2131 155,
4174 2065 4312 2119 olim

2367 2121 2538 2178 scrin.
2591 2124 2656 2179 B.
2706 2124 2846 2193 Epp.
2899 2124 3050 2179 Tom.
3083 2123 3864 2265 Sssiffilmf-olkro?.83·)1nscriptio
3927 2133 4182 2187 abscissa.
4240 2161 4310 2173 -

2374 2400 2446 2408 0-
2490 2399 2571 2411 —
2615 2400 2700 2412 —
2748 2403 2823 2414 -d-
2880 2403 2954 2411 —
3013 2403 3095 2413 —
3145 2405 3217 2413 —
3276 2404 3359 2414 —
3409 2405 3491 2416 -
3550 2405 3632 2414 —
3684 2405 3764 2418 —
3815 2408 3888 2417 —
3946 2408 4023 2420 —
4087 2409 4158 2419 —
4220 2410 4311 2421 —

2367 2484 2452 2496 —
2496 2484 2581 2496 —
2620 2448 2949 2517 Monitum
3018 2459 3083 2517 te
3138 2454 3358 2536 paucis
3422 2453 3623 2520 velim
3689 2457 3944 2523 venisse
4006 2456 4177 2524 istuc
4241 2463 4321 2523 et.

2367 2531 2665 2598 habitare
2707 2534 3068 2601 studiosum
3112 2537 3436 2619 quendam
3503 2547 3570 2605 et
3614 2540 3943 2606 eruditum
3997 2542 4310 2609 iuvenem.

2368 2639 2560 2703 quem
2605 2618 2975 2686 Beruenses
3018 2621 3222 2702 alunt,
3267 2626 3530 2689 nomine
3592 2624 3900 2692 Perimam
3923 2626 3974 2712 ¹)
4030 2627 4142 2709 qui
4198 2629 4306 2693 iu-

2367 2714 2553 2770 ratus
2596 2702 2951 2788 discipulus
2993 2715 3094 2773 est
3141 2708 3542 2789 Οαείαῑεοπίε,
3602 2732 3749 2776 nem
3799 2733 3835 2776 e
3877 2712 4159 2779 hominis
4232 2720 4318 2779 ut

2365 2797 2615 2855 norunt
2678 2790 2789 2872 qui
2854 2791 3119 2877 volunt)
3177 2793 3554 2862 Servetiani
3619 2808 3688 2861 et
3743 2732 4099 2882 gelagiani.
4265 2819 4307 2865 e

2367 2874 2585 2941 Laelio
2646 2875 2818 2941 Italo
2883 2877 3053 2942 nihil
3115 2877 3275 2958 dico,
3341 2881 3517 2964 quod
3581 2880 3771 2947 illum
3836 2884 4107 2949 fortasse
4167 2905 4309 2950 non

2364 2961 2585 3027 minus
2651 2982 2844 3045 quam
2910 2984 3032 3047 ego
3097 2966 3395 3045 noveris,
3461 2974 3528 3032 et
3591 2989 3671 3033 ex
3738 2967 4013 3034 Geneva
4076 2968 4309 3036 audire

2364 3047 2670 3132 potueris.
2758 3046 2980 3115 Velim
3024 3057 3246 3117 tamen
3280 3073 3505 3120 omnes
3549 3052 3713 3120 bene
3756 3053 4016 3135 habere,
4058 3055 4117 3121 si
4158 3055 4309 3122 Deo

2360 3133 2457 3198 ita
2500 3133 2727 3216 placet.
2818 3133 2994 3202 Sunt
3028 3136 3227 3221 aliqui
3263 3137 3371 3205 hic
3413 3139 3526 3222 qui
3569 3149 3816 3223 negant
3857 3161 3935 3206 ea
3983 3138 4309 3208 Servatum

2362 3217 2606 3286 dixisse
2650 3241 2816 3304 quae
2858 3220 2957 3286 illi
3001 3219 3305 3289 Calvinus
3363 3223 3671 3292 adscribit
3711 3233 3778 3290 et
3818 3225 4043 3292 ferunt
4077 3247 4309 3312 aeger·

2362 3304 2531 3370 rime
2573 3305 2941 3374 combustos
2983 3328 3127 3374 esse
3161 3309 3302 3374 eius
3343 3309 3613 3392 libellos,
3655 3331 3818 3394 quos
3860 3311 4069 3378 multa
4111 3334 4312 3398 pecu-

2362 3389 2476 3456 nia
2539 3391 2951 3459 redimerent.
3076 3392 3212 3460 Sed
3287 3394 3511 3461 desino
3578 3396 3848 3462 ulterius
3935 3395 4143 3482 loqui,
4212 3420 4304 3465 ne

2361 3475 2629 3558 frustra,
2674 3487 2747 3542 ut
2788 3477 3103 3546 hactenus
3159 3480 3301 3559 feci,
3351 3482 3420 3546 in
3472 3503 3577 3547 me
3632 3482 3793 3547 istos
3836 3484 4307 3566 sycophantas,

2362 3570 2431 3627 et
2504 3562 2848 3630 mendaces
2926 3572 3122 3648 atque
3200 3565 3573 3651 hypocritas
3650 3568 3984 3633 concitem.
4112 3568 4307 3635 Nihil

2362 3655 2585 3712 tamen
2630 3646 2786 3728 dixi,
2833 3648 3001 3732 quod
3025 3650 3349 3717 sustinere
3388 3650 3662 3718 iuridice
3704 3675 3834 3719 non
3900 3675 4108 3720 neam.
4165 3654 4304 3722 Hic

2360 3734 2492 3798 iam
2539 3732 2757 3800 nullos
2821 3735 2954 3801 fere
3028 3737 3269 3803 amicos
3333 3736 3540 3804 habeo
3557 3788 3574 3817 ,
3631 3738 3802 3822 quod
3927 3747 4303 3821 ervetanus,

2359 3825 2476 3884 aut
2517 3818 2883 3901 Ooelianus,
2937 3830 3051 3887 aut
3094 3820 3566 3903 Castalioneus,
3626 3835 3740 3889 aut
3781 3823 4217 3906 Lutheranus,
4236 3828 4305 3903 2)

2358 3913 2474 3969 aut
2516 3905 2860 3991 hypocrita
2913 3915 2981 3973 et
3036 3907 3336 3973 adulator
3389 3927 3524 3973 non
3590 3909 3736 3978 sim.
3844 3909 3976 3976 Sed
4043 3910 4125 3977 de
4188 3911 4305 3979 his

2357 3991 2515 4056 satis
2557 4027 4307 4048 ——————————————

2359 4111 2436 4123 -
2483 4112 2570 4123 —
2611 4113 2696 4122 —
2738 4076 2847 4143 Ex
2889 4077 3155 4144 Basilea
3199 4082 3298 4144 24.
3344 4078 3726 4148 Decembris
3772 4084 3951 4147 1554.

3410 4217 3594 4283 'l'uus
3636 4238 3720 4283 ex
3764 4219 3983 4284 animo

3259 4318 3629 4386 Gulielmus
3672 4319 4081 4388 Gratarolns.

2355 4572 2548 4629 sose.
2568 4571 2622 4638 1)
2657 4555 2846 4628 Pocae
2889 4571 2957 4627 «ιο
2997 4589 3059 4630 00
3104 4574 3227 4643 ipso
3272 4574 3591 4643 coquam
3632 4574 3700 4630 do
3744 4591 3850 4646 quo
3903 4576 4311 4647 Marso-mu:

2356 4640 2437 4699 N·
2475 4639 2625 4777 19425).
2655 4716 2751 4765 ant
2781 4709 3148 4765 Lntheranns:
3184 4711 3316 4766 hacc
3347 4711 3513 4766 verba
3545 4713 3608 4767 in
3640 4712 3980 4783 autoarapho
4013 4713 4201 4770 deleta.
