4850 6200
462 410 590 474 ⁷11

454 617 659 665 curas
702 604 771 662 et
813 594 1198 663 discrimina
1252 594 1424 660 nihil
1458 595 1668 680 pluris
1712 616 1858 662 esse
1898 617 2097 680 quam
2141 596 2426 663 militare

464 684 591 750 sub
637 681 894 749 Christi
942 682 1203 749 vexillo.

642 768 777 835 Sed
822 768 948 835 hoc
982 790 1045 833 m
1140 768 1193 832 ‘s
1239 766 1323 833 ad
1368 768 1754 833 memoriam
1790 768 2050 853 insigne
2084 769 2257 852 quod
2293 791 2426 834 non

464 854 666 921 modo
709 856 887 921 inter
931 874 1047 921 vos
1115 856 1328 919 ovetis
1373 874 1609 937 purum
1657 852 1787 920 Dei
1830 855 2081 920 cultum
2136 853 2426 920 fidelem-

468 962 599 1024 que
664 960 930 1026 operam
997 940 1168 1005 datis
1233 948 1309 1005 ut
1373 962 1443 1006 se
1488 941 1691 1005 vestri
1736 942 1917 1008 cives
1958 941 2138 1006 inter
2174 939 2427 1007 Christi

466 1037 659 1110 septa
712 1027 1110 1099 contineant,
1161 1026 1271 1091 sed
1331 1025 1487 1091 dissi
1539 1036 1687 1091 atae
1742 1027 2055 1092 ecclesiae
2118 1027 2427 1109 reliquias

466 1111 735 1178 aliunde
778 1112 1086 1195 expulsas
1151 1122 1464 1196 tanquam
1527 1133 1717 1178 acera
1758 1113 2056 1178 membra
2096 1112 2423 1196 colligitis.

466 1197 617 1265 Hoc
678 1208 854 1265 certe
919 1208 997 1263 ut
1056 1198 1128 1263 in
1194 1197 1389 1263 robus
1455 1197 1704 1263 acerbis
1762 1219 1896 1263 non
1964 1219 2199 1281 parum
2258 1198 2420 1263 mihi

466 1284 695 1349 attulit
736 1285 972 1363 solatii,
1011 1306 1210 1367 quum
1257 1283 1555 1350 audirem
1600 1285 1740 1368 pios
1796 1285 1922 1349 Dei
1968 1285 2267 1361 cultores,
2312 1286 2423 1368 qni

467 1390 551 1435 ex
600 1369 847 1454 Anglia
881 1372 1137 1455 profugi
1187 1382 1251 1435 et
1297 1370 1443 1435 aliis
1473 1370 1769 1454 partibus
1804 1370 2229 1447 advenerant,
2276 1371 2423 1436 istic

465 1454 753 1541 benigne
797 1456 997 1521 fuisse
1040 1456 1327 1538 hospitio
1372 1467 1712 1538 exceptos:
1755 1477 1966 1538 neque
2010 1456 2201 1523 modo
2244 1457 2422 1523 tristi

464 1562 690 1607 eorum
731 1541 962 1607 exsilio
1038 1554 1256 1606 ortum
1305 1562 1447 1607 esse
1471 1540 1715 1621 datum,
1741 1541 1854 1607 sed
1876 1542 2121 1608 iustum
2168 1563 2424 1628 quoque

466 1627 785 1694 honorem
829 1627 965 1693 filio
1058 1629 1115 1693 ei
1162 1629 1361 1693 fuisse
1408 1628 1720 1705 habitum,
1760 1638 1836 1693 ut
1878 1629 1950 1693 in
1994 1629 2157 1694 urbe
2199 1638 2425 1694 vestra

466 1715 611 1780 eius
657 1714 1076 1798 evangelium
1124 1714 1371 1797 linguis
1415 1714 1660 1779 exteris
1705 1724 2025 1797 personet.
2116 1714 2263 1780 Non
2309 1715 2423 1781 ab·

468 1801 705 1865 similis
751 1821 967 1882 nuper
1023 1800 1327 1883 Tigurini
1373 1809 1639 1863 senatus
1685 1799 2062 1865 humanitas
2106 1822 2262 1886 erga
2296 1803 2421 1866 mi-

466 1908 647 1952 seros
692 1886 1147 1951 Locarnenses
1191 1887 1461 1950 enituit:
1508 1886 1743 1968 quibus
1780 1907 1910 1951 non
1954 1887 2185 1952 urbem
2228 1886 2422 1952 modo

464 1994 651 2037 suam
698 1972 1022 2054 patefecit,
1068 1972 1216 2053 quia
1282 1970 1458 2035 domi
1505 1970 1844 2036 Christum
1890 1992 1976 2037 ex
2020 1973 2224 2037 animi
2271 1982 2423 2039 voto

460 2059 676 2123 colere
734 2079 868 2122 non
931 2058 1182 2132 licebat,
1240 2056 1353 2121 sed
1424 2058 1739 2141 templum
1789 2079 2043 2143 quoque
2101 2060 2421 2138 attribuit,

462 2144 532 2207 in
604 2164 730 2227 quo
798 2163 1015 2209 sacros
1096 2164 1251 2208 suos
1314 2159 1685 2209 conventus
1747 2144 2062 2224 habeant;
2128 2166 2248 2211 nec
2308 2165 2421 2211 eos

463 2227 788 2293 deterruit
830 2227 1097 2312 linguae
1141 2229 1486 2293 diversitas
1524 2230 1678 2313 quin
1728 2230 2066 2296 Christum
2131 2230 2301 2315 apud
2348 2252 2420 2297 se

462 2315 681 2380 italice
725 2336 982 2397 quoque
1027 2314 1199 2398 loqui
1244 2326 1576 2398 cuperent.

634 2401 730 2467 Ut
773 2411 989 2465 autem
1037 2399 1120 2466 ad
1163 2422 1282 2466 vos
1348 2410 1665 2481 revertar,
1721 2423 1863 2486 ego,
1931 2403 2129 2467 simul
2172 2422 2249 2468 ac
2290 2403 2434 2468 lin-·

462 2507 632 2571 guae
678 2496 936 2553 nostrae
995 2487 1369 2553 hominibus
1419 2495 1640 2553 vestra
1686 2487 2097 2554 humanitate
2142 2488 2416 2572 permis-

461 2594 610 2640 sum
656 2594 799 2640 esse
840 2570 1061 2638 audivi
1120 2582 1193 2637 ut
1236 2573 1577 2639 ecclesiam
1625 2574 1771 2639 istic
1808 2574 2247 2654 instituerent,
2284 2576 2416 2658 pri-

459 2658 671 2723 vatim
736 2680 842 2724 me
908 2660 1094 2724 vobis
1159 2658 1541 2724 obstrictum
1607 2661 1919 2739 sentiens,
1980 2660 2102 2726 hoo
2145 2681 2418 2727 munere

462 2744 635 2828 quod
716 2764 891 2810 nunc
957 2746 1161 2810 offero
1230 2767 1446 2811 meam
1513 2745 1983 2829 gratitudinem
2049 2746 2420 2812 testandam

459 2831 703 2897 censui.
777 2832 949 2896 Nam
995 2841 1070 2895 ut
1105 2832 1340 2895 merito
1378 2830 1677 2897 deflenda
1720 2834 1937 2916 gentis
1973 2843 2238 2899 nostrae
2274 2855 2420 2899 con-

461 2916 625 2983 ditio
693 2925 810 2996 est,
877 2918 977 2981 cui
1047 2917 1127 2982 ob
1194 2917 1581 3001 sacrilegam
1648 2928 1929 3002 papatus
1993 2919 2419 3007 tyrannidem

458 3001 780 3068 habitatio
824 3002 1077 3086 patriae
1122 3002 1428 3067 exsilium
1472 3004 1608 3069 fere
1653 3012 1754 3069 est
1789 3026 1829 3069 a
1871 3025 2075 3088 regno
2119 3006 2267 3085 Dei,
2324 3006 2421 3071 ita

459 3089 749 3156 vicissim
775 3111 907 3154 non
982 3110 1167 3154 arum
1206 3088 1394 3154 iuvat
1430 3089 1497 3153 in
1535 3089 1751 3156 alieno
1788 3089 1925 3156 solo
1962 3091 2250 3174 aliquam
2277 3090 2421 3157 dari

460 3177 831 3254 stationem,
898 3198 944 3240 u
989 3177 1008 3239 i
1085 3175 1456 3259 legitimum
1520 3176 1664 3241 Deo
1741 3176 1989 3243 cultum
2068 3186 2419 3261 praestent.

460 3261 647 3327 Haeo
705 3270 880 3326 certe
938 3271 1165 3326 sancta
1209 3259 1639 3344 hospitalitas,
1685 3283 1816 3327 non
1860 3255 2000 3328 tam
2043 3262 2421 3330 hominibus

464 3365 661 3429 quam
726 3347 851 3429 ipsi
898 3345 1165 3412 Christo
1230 3347 1466 3424 oblata,
1533 3368 1650 3414 vos
1706 3349 1841 3413 iam
1885 3370 2197 3434 prospero
2241 3358 2420 3417 statu

462 3433 772 3497 florentes
816 3434 1024 3513 novis,
1094 3440 1168 3498 ιιι
1208 3454 1419 3516 spere,
1478 3432 1610 3499 Dei
1658 3435 1991 3502 beneficiis
2048 3436 2312 3502 ornabit
2354 3443 2424 3502 et

464 3519 847 3584 continuam
913 3517 1087 3603 apud
1151 3540 1269 3585 vos
1333 3519 1580 3586 fovebit
1646 3539 1876 3586 eorum
1942 3522 2196 3589 seriem.
2306 3523 2421 3589 Me

463 3604 746 3687 quidem,
795 3613 873 3669 ut
914 3625 1127 3690 nuper
1169 3615 1450 3671 testatus
1493 3627 1658 3686 sum,
1707 3605 1791 3672 ad
1835 3606 2188 3675 dicandum
2231 3608 2420 3676 vobis

464 3690 646 3755 hunc
686 3712 906 3756 meum
951 3691 1239 3757 laborem
1279 3691 1558 3776 impulit.

638 3777 761 3840 Est
827 3785 1046 3842 autem
1113 3777 1642 3845 Commentarius
1699 3779 1767 3844 in
1831 3777 2268 3845 Harmoniam
2334 3801 2417 3845 ex

461 3862 675 3926 tribus
737 3863 1184 3948 Evangelistis
1251 3874 1648 3945 contextam,
1715 3886 1755 3929 a
1813 3886 1920 3929 me
1985 3885 2245 3931 summa
2288 3864 2419 3932 fide

463 3949 739 4032 parique
798 3946 1138 4034 diligentia
1184 3950 1583 4015 elaboratus:
1629 3954 1699 4016 in
1743 3972 1870 4034 quo
1914 3962 2135 4017 tamen
2178 3960 2415 4034 quant-

2239 4037 2416 4119 Quid

462 4056 657 4118 opere
693 4035 1070 4102 sudaverim
1105 4036 1368 4120 longius
1405 4039 1649 4103 referre
1684 4037 1847 4101 nihil
1894 4037 2147 4102 attinet.

354 4163 364 4178 ·
461 4143 619 4186 vero
667 4121 940 4205 adeptus
1000 4124 1143 4202 sim,
1190 4122 1465 4187 aliorum
1510 4132 1648 4188 esto
1683 4122 2025 4188 indicium:
2072 4125 2415 4206 ingenuos,

461 4208 687 4273 doctos
742 4215 811 4273 et
863 4209 1164 4274 cordatos
1220 4208 1494 4273 lectores
1530 4209 1849 4294 intelligo,
1894 4229 2057 4291 quos
2100 4230 2222 4276 nec
2264 4210 2415 4275 bar-

460 4294 658 4359 barus
714 4293 1004 4362 discendi
1064 4292 1277 4378 pudor
1325 4317 1357 4357 a
1409 4294 1625 4359 studio
1667 4295 1993 4378 profectus
2038 4294 2316 4380 impedit
2349 4304 2418 4362 et

461 4381 830 4446 communis
853 4379 1106 4446 utilitas
1131 4380 1426 4445 delectat.
1484 4380 1656 4446 Nam
1693 4401 2041 4463 perversos
2061 4381 2416 4466 malignos-

458 4487 584 4549 que
619 4465 978 4532 nebulones
1031 4471 1194 4544 (non
1239 4466 1431 4531 modo
1474 4467 1832 4532 cucullatos
1872 4466 2231 4534 monachos
2273 4468 2417 4534 dico

460 4553 570 4637 qui
628 4573 747 4635 pro
802 4551 1049 4617 tuenda
1102 4572 1310 4635 papae
1348 4553 1700 4636 tyrannide
1745 4551 1989 4618 bellum
2033 4551 2250 4636 palam
2298 4575 2415 4619 no-

458 4640 711 4704 biscum
771 4647 1029 4723 gerunt,
1090 4639 1204 4705 sed
1249 4636 1610 4722 degeneres
1654 4640 1834 4705 fucos
1879 4638 1992 4722 qui
2037 4640 2224 4706 nobis
2267 4660 2417 4723 per-

457 4726 657 4800 misti,
683 4725 838 4789 dum
865 4724 1185 4810 tegendae
1208 4744 1365 4789 suae
1391 4724 1798 4808 ignorantiae
1822 4725 2106 4791 latebras
2128 4733 2414 4809 captant,

456 4831 719 4877 omnem
787 4810 1040 4876 vellent
1098 4808 1429 4876 doctrinae
1483 4809 1698 4900 lucem
1757 4811 2181 4891 exstinctam)
2246 4811 2415 4877 nihil

458 4917 698 4963 moror.
790 4895 1238 4977 Quantumvis
1302 4895 1480 4961 enim
1543 4906 1850 4980 proterve
1912 4918 2020 4963 me
2084 4896 2416 4978 allatrent,

456 4981 529 5046 in
596 4992 901 5066 promptu
969 5003 1229 5066 semper
1291 4983 1417 5049 erit
1469 4984 1787 5067 exceptio,
1842 5004 1951 5048 me
1994 5002 2217 5049 eorum
2262 5002 2416 5048 cen-

459 5087 652 5133 surae
718 5089 928 5151 neque
987 5069 1210 5134 divino
1277 5089 1488 5153 neque
1546 5067 1837 5135 humano
1892 5070 2038 5134 iure
2102 5089 2247 5134 esse
2303 5067 2414 5133 ob—

460 5153 754 5231 noxium,
813 5154 923 5237 qui
970 5177 1101 5220 non
1144 5154 1367 5220 minus
1411 5165 1676 5239 propter
1718 5155 2162 5222 foedissimam
2218 5155 2414 5221 insci-

458 5240 620 5305 tiam
668 5239 897 5318 ferula,
963 5262 1163 5322 quam
1229 5262 1347 5323 pro
1396 5251 1496 5306 ter
1575 5240 1970 5308 obstinatam
2014 5239 2305 5306 malitiae
2348 5250 2418 5307 et

454 5323 909 5410 impudentiae
953 5326 1259 5393 duritiem
1352 5328 1564 5412 agello
1621 5328 1805 5413 digni
1864 5338 2037 5393 sunt.
2125 5325 2304 5394 Sane
2340 5338 2418 5394 ut

1979 406 2510 475 EPIS'POLAE
2553 409 2982 474 2258-2260

4353 409 4478 471 ⁷12

2531 595 2842 663 ecclesiae
2876 595 3005 662 Dei
3048 595 3447 682 prodessem,
3490 615 3599 661 me
3630 593 3889 661 fidelem
3913 614 4178 678 operam
4223 592 4480 662 dedisse

2530 683 2672 748 sine
2725 683 3077 748 iactantiae
3143 683 3360 766 specie
3413 681 3712 768 profiteri
3773 679 3940 745 mihi
4005 679 4241 746 licebit.
4332 679 4477 746 Iam

2528 777 2684 833 ante
2737 767 3073 834 biennium
3127 768 3371 853 prodiit
3424 768 3706 834 Ioannes
3751 786 3904 832 cum
3952 787 4100 832 mea
4161 767 4480 851 interpre-

2527 856 2794 932 tatione,
2829 874 3024 938 qnam
3063 876 3192 921 non
3235 855 3440 921 fuisse
3475 853 3775 919 inutilem
3818 851 4088 918 confido.
4165 851 4280 918 Sic
4320 873 4479 938 ergo

2526 948 2860 1040 tanquam.
2892 961 3064 1005 unus
3128 963 3240 1042 ⁰3.
3279 941 3727 1024 apparitorum
3790 959 4068 1039 numero
4133 938 4479 1005 Christum

2526 1046 2898 1177 fflissfflss
2931 1023 4276 1188 ffffigsfflbssffimffi
4293 1025 4478 1179 2⁹35..

2525 1198 2848 1282 ingenuos
2905 1198 3199 1277 lectores,
3278 1198 3393 1264 ubi
3454 1219 3603 1265 mea
3666 1218 3864 1281 opera
3932 1194 4136 1262 adiuti
4214 1197 4476 1277 fuerint,

2524 1283 2716 1349 fateri
2750 1284 2997 1370 pigebit
3033 1285 3250 1351 studio
3283 1284 3699 1369 respondisse
3739 1284 3959 1367 aliqua
3988 1304 4071 1348 ex
4115 1290 4302 1366 parte
4332 1304 4479 1350 snc-

2525 1391 2799 1436 cessum.
2889 1371 3363 1456 Evangelicam
3411 1371 3751 1437 historiam
3797 1391 3835 1434 a
3875 1379 4156 1453 quatuor
4199 1368 4477 1436 testibus

2525 1454 2842 1522 divinitus
2901 1456 3222 1523 ordinatis
3277 1456 3607 1541 proditam
3661 1455 3998 1539 quadrigis
4052 1477 4186 1521 non
4245 1453 4361 1521 abs
4405 1476 4478 1521 re

2526 1544 3419 1695 ⁰⁹3¹Z12‡⁰'0032¹}{1²lt5¹122¹1'2'⁵5
3453 1540 4480 1712 &iiiissiffihffifflffmmmss

2525 1649 2662 1779 {Ilio
2704 1735 2824 1780 suo
2891 1736 3171 1798 parasse,
3221 1713 3398 1780 unde
3441 1716 3564 1779 toti
3599 1714 3890 1780 fidelium
3935 1713 4178 1797 populo
4220 1715 4478 1797 conspi-

2525 1820 2686 1865 cuus
2741 1809 3071 1885 appareat,
3127 1811 3194 1866 et
3251 1801 3438 1866 cuius
3495 1801 3825 1867 celeritate
3879 1810 4206 1864 terrarum
4251 1798 4477 1865 orbem
4571 1812 4578 1819 '

2522 1886 2893 1968 perlustret.
2983 1887 3122 1954 Nec
3177 1908 3337 1952 vero
3392 1887 3622 1953 inscite
3686 1886 4100 1970 Augustinus
4157 1885 4331 1951 tubis
4395 1886 4480 1951 si-

2523 1971 2713 2037 miles
2789 1973 2951 2037 facit
3009 1981 3288 2055 quatuor
3351 1973 3808 2058 evangelistas,
3876 1991 4153 2055 quarum
4209 1971 4478 2057 clangor

2523 2077 2749 2123 omnes
2793 2058 3024 2124 mundi
3066 2059 3290 2143 plagas
3333 2059 3621 2143 impleat,
3665 2069 3741 2123 ut
3783 2058 3863 2124 ab
3909 2058 4175 2135 oriente,
4220 2078 4474 2135 occasu,

2524 2145 2814 2224 meridie,
2894 2147 3338 2228 septentrione
3407 2147 3476 2210 in
3542 2165 3800 2210 sacrum
3866 2143 4018 2208 fidei
4084 2163 4477 2210 consensum

2525 2230 2730 2295 accita
2794 2230 3068 2297 ecclesia
3109 2234 3413 2298 confluat.
3506 2231 3655 2313 Quo
3698 2231 3916 2295 minus
3974 2228 4329 2294 tolerabilis
4373 2237 4479 2295 est

2523 2315 2774 2382 insulsa
2821 2338 3046 2382 eorum
3098 2319 3461 2394 curiositas,
3507 2319 3617 2401 qui
3662 2316 4052 2382 coelestibus
4093 2315 4240 2381 istis
4284 2335 4475 2398 prae-

2522 2402 2727 2468 coniis
2786 2424 2917 2468 non
2971 2405 3260 2468 contenti
3326 2403 3589 2487 putidas
3656 2422 3867 2486 nugas
3931 2400 4298 2466 obtrudunt
4353 2401 4476 2467 sub

2521 2489 2847 2573 evangelii
2891 2490 3174 2569 nomine,
3212 2511 3378 2573 quae
3416 2489 3581 2554 nihil
3629 2488 3808 2553 aliud
3858 2509 4051 2571 quam
4097 2487 4249 2552 fidei
4295 2487 4476 2569 puri-

2522 2581 2721 2640 tatem
2784 2576 3234 2640 contaminant
3274 2587 3340 2639 et
3396 2576 3644 2640 Christi
3687 2595 3928 2639 nomen
3972 2580 4311 2656 exponunt
4351 2574 4475 2637 im-

2519 2660 2778 2742 piorum
2822 2663 3050 2728 sannis
3093 2683 3168 2726 ac
3211 2661 3507 2727 ludibrio.

2692 2746 2831 2813 Vos
2876 2756 3113 2825 autem,
3170 2748 3717 2832 praestantissimi
3761 2747 3912 2824 viri,
3971 2745 4230 2829 quando
4281 2751 4350 2810 et
4392 2745 4473 2810 ab

2525 2834 2706 2898 omni
2759 2834 3080 2898 fermento
3139 2855 3268 2921 quo
3322 2835 3613 2918 genuina
3669 2833 4107 2915 corrumpitur
4149 2830 4475 2914 evangelii

2523 2919 2868 2985 sinceritas
2904 2921 3285 2997 abhorretis,
3333 2929 3401 2984 et
3441 2917 3783 2985 ostenditis
3825 2917 3996 2982 nihil
4030 2918 4241 3001 magis
4284 2917 4476 2982 vobis

2523 3026 2666 3085 esse
2709 3006 2886 3071 cordi
2931 3026 3119 3090 quam
3167 3005 3530 3090 simplicem
3586 3004 3970 3083 doctrinam,
4013 3013 4092 3068 ut
4134 3024 4173 3067 a
4209 3001 4476 3068 Christo

2523 3088 2785 3175 prodita
2840 3101 2956 3172 est,
3003 3092 3176 3159 tueri
3220 3101 3286 3158 et
3329 3112 3663 3159 asserere:
3708 3113 3843 3157 non
3887 3089 4080 3157 modo
4124 3110 4476 3174 persuasus

2525 3199 2674 3243 sum
2728 3177 3244 3244 lucubrationem
3292 3178 3480 3257 hanc,
3542 3198 3706 3263 quae
3758 3177 4141 3244 thesaurum
4188 3197 4475 3260 evange-

2522 3263 2721 3329 licum
2768 3265 3069 3349 explicat,
3127 3266 3312 3330 vobis
3367 3285 3780 3348 summopere
3821 3263 4173 3348 probatum
4215 3262 4313 3336 iri,
4359 3261 4477 3327 sed

2522 3349 2695 3434 quod
2729 3359 2952 3416 vestro
2996 3352 3246 3431 nomini
3270 3350 3487 3416 dicata
3527 3358 3643 3428 est,
3690 3349 3814 3415 hoc
3857 3350 4054 3415 etiam
4090 3368 4275 3414 meae
4317 3369 4353 3413 e

2522 3457 2641 3502 vos
2685 3436 3138 3502 observantiae
3159 3438 3427 3522 signum
3450 3444 3710 3521 gratnm
3731 3437 3870 3501 fore
3902 3432 4176 3502 confido.
4215 3433 4475 3514 Valete,

2522 3522 2866 3589 clarissimi
2903 3522 3166 3588 domini.
3236 3522 3545 3589 Christus
3568 3522 3805 3605 spiritu
3836 3543 3956 3587 suo
3991 3541 4110 3587 vos
4153 3521 4479 3604 gubernet

2523 3629 2799 3692 semper,
2847 3609 3093 3675 virtute
3115 3608 3361 3688 fulciat,
3385 3607 3711 3694 praesidio
3742 3615 4101 3687 conservet,
4151 3614 4474 3672 vestram-

2521 3715 2646 3778 que
2668 3694 2898 3762 urbem
2924 3704 2991 3761 et
3023 3695 3496 3780 rempublicam
3530 3696 3710 3760 omni
3733 3694 4267 3760 benedictionum
4291 3692 4478 3775 copia

2520 3781 2895 3866 locupletet.
2983 3781 3315 3848 Genevae.
3385 3780 3696 3847 Calendis
3742 3781 4029 3866 Augusti
4074 3779 4163 3844 M.
4201 3779 4285 3843 Ι).
4325 3777 4474 3843 LV.

3405 4428 3605 4499 2259.

3058 4581 3534 4652 oALVINus
3579 4579 3951 4648 vmmo,

2690 4757 2846 4842 Ayit
2887 4756 2963 4823 αα
3004 4757 3316 4841 fratribus
3363 4753 3690 4822 Gameraci
3739 4754 3814 4824 in
3870 4752 4123 4819 vincula
4162 4755 4471 4821 maedis.

2892 4928 3002 4999 pho
3038 4927 3169 4983 Ood.
3205 4926 3408 4982 Geuev.
3446 4924 3593 4997 10⁷⁸,
3627 4925 3717 4980 fol.
3753 4923 3872 4980 114.
3942 4924 4207 4995 Reperies
4241 4925 4474 4980 eandem

2813 4996 2899 5064 08,
2947 4997 3036 5052 fol.
3070 4994 3157 5064 51,
3204 4998 3264 5050 in
3298 4996 3439 5118 Εὲἐι.
3474 4997 3656 5077 Ber-n..
3679 4994 3778 5048 VI.
3852 5035 3864 5047 .
3899 4991 4004 5048 469
4048 4999 4107 5048 et
4152 4994 4297 5064 apud
4333 4994 4470 5049 Sim-

2963 5068 3141 5120 lerum
3177 5065 3305 5121 Vol.
3412 5105 3424 5118 .
3494 5065 3722 5135 Anghce
3835 5102 3848 5116 .
3883 5060 4035 5129 21⁷.)

2515 5240 2782 5308 Eximio
2839 5238 3094 5306 Christi
3152 5256 3344 5304 servo
3397 5236 3602 5304 Petro
3644 5235 3876 5302 Vireto
3929 5233 4240 5302 ecclesiae
4293 5234 4471 5301 Lan·

2516 5326 2862 5395 sannensis
2915 5324 3160 5409 pastori
3217 5323 3410 5389 fratri
3452 5331 3520 5389 et
3574 5329 3980 5408 symmystae
4021 5321 4468 5405 integerrimo.

2518 4930 2628 4999 (Ex
2666 4933 2794 4984 auto

2517 5001 2574 5053 in
2612 4998 2742 5054 Ood.
