4850 6200
339 399 444 460 477

337 585 723 652 occasionem
767 584 1142 653 huiusmodi
1186 586 1419 653 turbae
1461 596 1802 670 quaereret
1840 594 1918 652 ut
1960 586 2260 654 deteriori

337 671 492 755 parti
538 668 953 736 adhaerendo
995 680 1341 755 utramque
1378 671 1704 738 obrueret.

491 755 1004 840 Typographum
1071 778 1282 822 unum
1345 757 1844 827 solertissimum
1913 782 1951 826 e
2020 760 2258 827 Galliis

335 859 538 907 evoco.
626 841 906 909 Possum
948 842 1058 907 hic
1097 842 1194 907 illi
1234 864 1462 910 curare
1505 841 1646 909 dari
1702 845 1970 910 domum
2013 857 2082 911 et
2122 865 2258 911 ma-

335 929 526 993 iorem
571 926 784 995 victus
840 941 1094 1014 partem
1152 948 1195 994 a
1239 927 1569 1013 Principe,
1623 928 1737 996 sed
1793 931 1987 1016 longe
2045 932 2258 996 maius

335 1014 449 1080 erit
488 1013 677 1096 eique
721 1013 946 1081 utilius
989 1015 1044 1080 si
1091 1015 1194 1080 vel
1235 1014 1614 1114 ’simplicem
1672 1016 2136 1115 habitationem
2195 1017 2257 1116 ei

330 1102 1043 1252 ἓῖᾝᾯῗῖἒ.
1133 1100 2073 1270 .¹‡.‘333:..1‘t¹3¹33¹.⁰..20..¹33155
2077 1124 2254 1253 ‘23⁸3

331 1269 799 1353 exemplaribus
861 1271 1182 1356 elegantis
1246 1272 1736 1357 typographiae.
1874 1274 2020 1358 Ego
2080 1275 2254 1339 enim

329 1376 446 1420 nen
489 1376 754 1440 possem
792 1358 1204 1441 (praesertim
1254 1357 1388 1434 hic)
1433 1372 1733 1441 sumptus
1768 1360 1826 1424 ei
1871 1380 2098 1443 praere
2218 1381 2255 1425 e

327 1442 810 1525 typographiae,
855 1452 930 1507 ut
969 1464 1091 1509 nec
1131 1443 1437 1528 princeps
1482 1446 1775 1510 facturus
1817 1456 1947 1509 est:
2165 1444 2253 1510 ibi

325 1547 432 1627 prp
477 1549 598 1593 sua
654 1528 899 1628 insigni
968 1528 1290 1627 industria
1352 1541 1420 1594 et
1475 1529 1818 1614 diligentia
1880 1533 2252 1631 societatem

324 1621 958 1783 fflfflfltffi
1001 1615 1800 1785 Pssssffiffltssffffgp‘ssfflss
1879 1616 2253 1786 Jfflqffl

324 1784 564 1849 maiora
605 1785 790 1851 luera
830 1785 986 1852 illuc
1031 1806 1136 1850 me
1174 1808 1308 1851 non
1331 1786 1643 1866 alliciunt,
1689 1808 1810 1852 nec
1851 1809 1958 1853 me
1992 1787 2253 1853 delitiae

323 1867 440 1935 huc
485 1882 923 1936 remorantur.
1010 1870 1152 1935 Iam
1197 1892 1429 1937 causas
1474 1875 1631 1938 satis
1674 1872 2002 1956 intelligis.
2092 1874 2254 1940 Pre-

322 1955 500 2021 cibus
542 1959 678 2022 tuis
718 1968 784 2023 et
840 1956 1145 2022 ecclesiae
1207 1971 1356 2023 tuae
1415 1980 1516 2023 me
1575 1959 1974 2026 commendo.
2077 1959 2252 2024 Feli·

320 2040 474 2107 citer
533 2042 709 2119 vale,
757 2030 1095 2107 invalesce
1155 2052 1220 2106 et
1272 2064 1675 2128 prosperare.
1777 2044 2250 2130 Mombelgardi

321 2128 373 2191 3.
416 2147 622 2212 nonas
665 2128 940 2194 Martias
985 2133 1162 2192 1555.

1457 2267 1637 2332 Tuus
1681 2277 1992 2351 perpetuo

1376 2352 1650 2418 Carolus
1691 2353 2073 2420 Molinaeus.

477 2520 664 2587 Dum
733 2522 972 2589 librum
1038 2524 1105 2587 in
1185 2521 1428 2590 abusus
1491 2545 1636 2607 pap.

315 2609 618 2692 gallicum
655 2610 819 2675 facio
843 2613 928 2689 ¹⁸)
973 2609 1276 2692 sextuplo
1313 2613 1348 2672 2
1387 2620 1637 2692 partem

315 2695 466 2759 auxi
507 2695 605 2759 ita
647 2705 723 2759 ut
776 2693 1067 2760 dubitem
1120 2715 1204 2760 an
1263 2696 1471 2780 magis
1525 2717 1636 2760 ex-

312 2780 531 2863 pediat
571 2780 756 2864 prius
803 2782 1135 2865 integrum
1181 2792 1393 2846 actum
1438 2781 1637 2846 latine

312 2864 498 2931 edere
544 2866 649 2931 vel
689 2866 880 2931 simul
928 2867 1126 2931 latine
1163 2880 1229 2930 et
1271 2866 1520 2952 gallice.

1059 3182 1088 3188 --
1141 3177 1462 3190 --——-——-›———-

1175 3452 1369 3523 2185.

841 3607 1312 3675 GALVINUS
1355 3608 1682 3676 PAOEO.

468 3776 666 3844 Garis
734 3778 1047 3854 obsessum,
1111 3782 1466 3846 inimicitiis
1521 3783 1988 3858 civ-eumenem.
2045 3788 2235 3849 certa-

295 3863 570 3928 minibus
613 3864 974 3946 ὑηρῑίοᾰίιιε,
1028 3866 1140 3929 vix
1195 3866 1315 3931 sibi
1372 3867 1626 3949 sufficit,
1689 3874 1747 3932 et
1796 3869 2042 3933 silentio
2093 3870 2232 3935 vin-

295 3951 1499 4119 wmfflassffmaw.
1543 3952 2233 4121 iffifflfflm·

291 4206 626 4272 (Hobufimm
659 4225 814 4263 exem
852 4209 989 4262 laria
1022 4209 1306 4264 Ionvillaei
1347 4210 1403 4264 in
1439 4211 1569 4266 Ood.
1606 4211 1808 4265 Gener.
1843 4209 1989 4276 107..
2034 4211 2125 4265 fol.
2161 4211 2233 4266 96

292 4291 358 4344 v„
392 4274 676 4330 Turretini
711 4277 767 4331 in
923 4318 934 4330 .
977 4275 1089 4344 108,
1134 4277 1225 4332 sol.
1260 4275 1346 4346 4⁷,
1393 4280 1669 4334 Bet-nense
1706 4279 1789 4349 Ep
1830 4321 1843 4334 .
1881 4279 1983 4336 VI.
2059 4320 2073 4335 .
2107 4277 2228 4347 410,

375 4350 436 4399 et
470 4344 688 4401 simleri
723 4345 839 4399 Vol.
875 4343 957 4399 84.
1031 4347 1224 4400 Versio
1258 4349 1469 4418 anglica
1502 4348 1585 4401 ed.
1623 4297 1830 4402 Philntl’.
1867 4348 1958 4404 111.
1996 4297 2139 4416 125.)

697 4518 914 4584 ietatis
979 4534 1045 4584 ct
1108 4517 1438 4588 doctrinae
1508 4521 1648 4587 viro
1726 4521 1805 4585 D.
1872 4519 2231 4585 Valentino

763 4603 945 4671 verbi
967 4604 1092 4670 Dei
1137 4605 1434 4671 ministro
1479 4616 1546 4672 et
1577 4606 1938 4690 theologiae
1984 4606 2228 4691 profes-

819 4690 954 4757 sori
996 4690 1068 4755 in
1111 4690 1383 4757 ecclesia
1424 4691 1704 4776 Lipsica.

461 4826 662 4910 Quod
721 4829 1130 4895 tristissimas
1184 4849 1376 4895 ouras
1431 4850 1597 4913 quae
1648 4849 1757 4895 me
1802 4849 1934 4894 non
1992 4848 2227 4913 parum

288 4922 550 4997 angunt.
621 4913 836 4998 aliquo
916 4913 1146 4981 solatio
1218 4914 1427 4980 lenire
1502 4932 1915 4998 peramanter
1984 4912 2224 4992 studes,

290 4515 593 4584 Eximiae

290 4599 544 4671 Paeneo
587 4605 634 4670 fi

461 5117 560 5187 13)
603 5119 840 5176 wutu-
872 5121 1036 5188 affort
1067 5119 1354 5189 Boacias.-
1397 5120 1505 5175 Les
1547 5121 1956 5178 commentaire·
1997 5119 2228 5190 analyti-

472 5194 597 5243 tant
641 5205 738 5242 sur
784 5187 935 5243 redit
975 5189 1072 5244 des
1117 5191 1318 5260 petitos
1361 5189 1517 5244 dates
1551 5196 1608 5244 et
1639 5190 1774 5246 abus
1807 5188 1876 5241 de
1909 5188 1964 5242 la
1996 5203 2128 5242 cour
2159 5187 2229 5240 de

289 5204 465 5316 mn
501 5264 604 5313 ete-
671 5258 825 5326 Lym
863 5256 1017 5313 1⁶⁵4.
1048 5257 1102 5318 4.
1138 5261 1320 5326 (nour.
1353 5258 1437 5315 ed.
1471 5258 1790 5329 augmentee
1824 5258 1892 5311 de
1933 5258 2057 5327 plus
2101 5253 2227 5311 d‘un

287 5328 426 5383 tier·
462 5328 620 5396 Lym:
655 5324 806 5382 1⁶64.
841 5326 937 5394 4.).
1007 5327 1082 5381 In
1115 5343 1264 5384 anno
1298 5325 1433 5383 1554
1463 5333 1614 5396 patet
1645 5342 1880 5382 morem
1915 5326 2092 5402 latere.

2092 402 2250 465 1555
2298 396 2585 467 MAROE.

4176 410 4315 487 478,

2363 585 2534 670 quod
2592 607 2698 652 me
2747 585 2829 651 ad
2884 586 3261 653 tolerantiae
3317 609 3581 654 cursum
3639 589 3920 655 hortaris
3986 600 4052 655 et
4107 592 4303 659 simul

2364 670 2675 738 admones
2718 682 2791 736 ut
2832 694 2939 737 me
2985 672 3242 738 frivolis
3285 674 3746 740 certaminibus
3790 675 4108 760 implicari
4165 697 4300 744 non

2363 759 2591 842 patiar,
2648 766 2911 857 gratum
2968 757 3131 824 mihi
3187 769 3375 824 tuum
3430 761 3712 827 officium
3773 770 3888 839 est,
3940 764 4184 845 optime
4234 772 4305 829 et

2360 843 2782 928 integerrime
2825 843 3047 923 frater,
3091 851 3284 927 atque
3329 847 3578 911 utinam
3629 845 3791 911 mihi
3836 849 3904 913 in
3958 848 4301 931 multiplici

2363 929 2703 995 turbarum
2768 931 3081 995 varietate
3144 930 3357 1014 qualis
3423 933 3707 1016 optanda
3770 942 3869 998 est
3926 945 4303 1019 suppeteret

2362 1024 2502 1079 tum
2546 1016 2792 1099 ingenii
2830 1014 3202 1094 dexteritas,
3250 1026 3390 1082 tum
3429 1018 3683 1085 consilii
3727 1022 4109 1102 praesentia,
4154 1032 4297 1088 tum

2360 1101 2564 1165 animi
2625 1101 3023 1185 magnitudo.
3139 1103 3266 1167 Est
3324 1110 3542 1168 tamen
3610 1104 3734 1169 hoc
3805 1105 4046 1187 aliquid
4104 1107 4294 1190 quod,

2358 1187 2622 1252 tamesti
2668 1186 2869 1251 durae
2912 1207 3019 1252 me
3059 1188 3439 1254 iactationes
3473 1189 3760 1273 quotidie
3796 1202 4120 1271 exercent,
4165 1194 4297 1258 imo

2358 1293 2594 1357 graves
2640 1271 2960 1356 procellae
3002 1274 3199 1357 capiti
3243 1296 3387 1341 meo
3429 1275 3834 1351 incumbunt,
3891 1277 4122 1360 quibus
4175 1279 4291 1344 ob-

2357 1356 2644 1424 ruendus
2692 1356 2930 1436 videor,
2990 1379 3095 1423 me
3137 1368 3358 1424 tamen
3401 1361 3573 1426 intra
3628 1360 3823 1426 stadii
3879 1372 4085 1429 metas
4141 1385 4296 1430 con-

2358 1445 2549 1509 tineo.
2660 1444 2835 1509 Nam
2894 1446 3005 1510 vix
3072 1446 3217 1510 fieri
3293 1456 3503 1529 potest
3567 1448 3721 1530 quin
3788 1467 3827 1511 a
3890 1459 4067 1514 recta
4121 1450 4296 1517 linea

2357 1530 2742 1613 quandoque
2821 1530 3247 1615 incogitantia
3321 1530 3387 1597 la
3430 1554 3541 1599 sus
3619 1532 3973 1599 deflectam.
4095 1533 4290 1616 Quod

2357 1637 2516 1681 vero
2560 1615 2821 1682 difficile
2866 1616 2953 1681 sit
2994 1636 3123 1680 non
3170 1626 3393 1700 pertra
3440 1618 3461 1681 i
3508 1616 3587 1683 ad
3632 1618 3879 1684 multos
3932 1621 4287 1700 conflictus,

2355 1700 2566 1766 indies
2608 1702 2816 1785 magis
2873 1702 3186 1784 experior.
3288 1701 3441 1769 Scio
3499 1703 3816 1787 equidem,
3874 1706 4104 1771 melius
4162 1729 4289 1773 non

2356 1808 2544 1869 posse
2587 1788 2761 1852 vinci
2802 1786 3139 1871 plerosque
3182 1788 3402 1855 hostes
3443 1810 3640 1872 quam
3684 1788 3835 1856 dum
3875 1802 4287 1874 spernuntur,

2356 1882 2422 1937 et
2480 1894 2600 1956 ego
2656 1872 2904 1955 pridem
2961 1872 3040 1937 ad
3100 1893 3328 1940 raucos
3389 1877 3699 1961 strepitus
3755 1875 4049 1942 obdurui.
4150 1879 4289 1944 Vix

2356 1957 2584 2024 credas
2626 1980 2822 2041 quam
2865 1958 3107 2024 multae
3150 1958 3574 2045 indignitates
3619 1972 3686 2027 et
3729 1959 3901 2028 domi
3958 1972 4023 2028 et
4063 1964 4135 2028 in
4191 1966 4289 2030 vi·

2355 2045 2527 2109 cinia
2570 2044 2731 2108 mihi
2776 2043 3073 2109 ferendae
3116 2046 3247 2109 sint
3290 2067 3365 2112 ac
3406 2047 3661 2112 silentio
3705 2048 4111 2131 premendae.
4198 2050 4290 2115 Et

2355 2150 2512 2195 sane
2556 2131 2670 2195 vix
2699 2129 2922 2196 credas
2966 2141 3121 2214 quot
3142 2128 3432 2197 Satanae
3455 2134 3648 2199 tricas
3686 2134 3891 2199 multa
3932 2134 4285 2219 premendo

2353 2235 2428 2282 ac
2476 2215 2944 2281 dissimulando
2986 2217 3395 2301 abrumpam:
3440 2217 3680 2302 alioqui
3736 2220 3847 2284 vix
3895 2220 4287 2288 centesimae

2354 2302 2523 2383 parti
2580 2303 2960 2367 sufficerem.
3061 2300 3312 2367 Verum
3370 2323 3501 2369 non
3555 2325 3811 2388 semper
3873 2308 4161 2391 effugere
4214 2308 4285 2373 in

2353 2407 2553 2452 manu
2596 2397 2844 2452 nostra
2895 2395 3011 2467 est,
3066 2407 3141 2453 ac
3207 2390 3259 2453 si
3317 2389 3643 2455 Ezechieli
3711 2391 4068 2474 prophetae
4133 2415 4282 2459 cum

2353 2471 2756 2539 mulierculis
2812 2472 3190 2538 certandum
3248 2474 3377 2538 fuit
3441 2474 3665 2540 eadem
3737 2479 4088 2544 necessitas
4146 2479 4281 2560 pla·

2353 2559 2494 2622 cide
2530 2559 2715 2624 nobis
2767 2558 3066 2625 obeunda
3118 2568 3235 2624 est.
3341 2560 3415 2624 Si
3474 2561 3591 2625 tibi
3649 2573 3805 2627 nota
3861 2573 4031 2627 esset
4086 2562 4281 2631 huius

2349 2643 2472 2708 loci
2517 2645 2817 2722 conditiO,
2857 2645 3102 2711 diceres
3123 2645 3238 2709 otii
3276 2646 3628 2730 quaerendi
3672 2669 3867 2713 causa
3901 2649 4024 2713 alio
4058 2649 4283 2733 procul

2351 2729 2760 2813 migrandum
2805 2751 2961 2796 esse.
3060 2731 3325 2797 Interea
3378 2733 3595 2799 nescio
3645 2755 3727 2798 an
3779 2733 4092 2801 clamores
4135 2756 4280 2802 ves·

2349 2817 2622 2880 tratium
2679 2815 3016 2881 hominum
3073 2816 3326 2883 sedabit
3404 2819 3622 2884 brevis
3696 2821 4027 2885 excusatio
4083 2842 4279 2903 quam

2348 2922 2525 2966 nunc
2565 2902 2632 2965 in
2675 2902 2889 2967 lucem
2934 2903 3137 2968 emisi.
3255 2904 3329 2968 Si
3374 2905 3540 2970 forte
3593 2925 3699 2968 me
3748 2904 3826 2968 ad
3886 2904 4278 2988 colloquium

2347 2988 2729 3065 admittant,
2793 2989 2992 3053 nullis
3052 2990 3367 3055 molestiis
3430 2990 3721 3056 terrebor
3784 2991 3938 3074 quin
4000 2990 4278 3057 libenter

2346 3072 2665 3140 accedam.
2765 3072 2958 3156 Quod
3002 3073 3056 3141 si
3104 3073 3352 3159 pridem
3391 3075 3522 3144 illis
3567 3075 3745 3143 cordi
3789 3078 4017 3143 fuisset
4071 3077 4279 3144 amica

2344 3160 2737 3243 compositio,
2783 3182 3038 3243 semper
3080 3182 3186 3226 me
3231 3163 3674 3228 voluntarium
3728 3163 4055 3246 professus
4113 3186 4277 3231 sum.

2343 3246 2527 3326 Vale,
2574 3247 2809 3312 eximie
2852 3249 2956 3312 vir
2994 3256 3062 3313 et
3104 3247 3261 3312 mihi
3309 3248 3683 3314 honorande
3725 3250 3941 3313 frater.
4046 3249 4279 3315 Saluta

2343 3333 2584 3398 amieos
2618 3333 2672 3398 si
2717 3333 2829 3416 qui
2870 3333 3018 3398 istic
3053 3343 3207 3398 sunt
3248 3333 3481 3416 quibus
3526 3357 3657 3399 non
3702 3334 4041 3418 displiceat
4091 3358 4128 3401 a
4171 3356 4278 3402 me

2341 3418 2659 3484 salutatio.
2771 3417 3095 3484 Dominus
3150 3433 3215 3483 te
3278 3441 3533 3503 semper
3602 3430 3863 3486 tueatur
3917 3443 4033 3486 suo
4089 3442 4276 3505 prae·

2339 3503 2505 3568 sidio
2571 3503 2932 3586 spirituque
2997 3515 3181 3587 regat
3244 3515 3311 3569 et
3378 3505 3630 3571 labores
3693 3516 3840 3571 tuos
3920 3507 4272 3574 benedicat.

2343 3591 2573 3655 Amen.
2665 3589 2977 3655 Genevae
3025 3595 3078 3653 3.
3124 3590 3346 3656 Nonas
3391 3592 3618 3656 Martii
3671 3599 3850 3655 1555.

3248 3727 3530 3794 Ioannes
3577 3729 3895 3795 Calvinus
3931 3739 4101 3793 tuus.

3102 4021 3397 4029 ..m—w·
3410 4021 3503 4030 ..ψ-.-

3203 4239 3399 4311 2136.

2453 4361 2576 4427 LE
2619 4345 2921 4429 SENA'P
2966 4363 3091 4428 DE
3129 4347 3511 4429 GENEVE
3556 4361 3751 4428 AUX
3796 4360 4138 4428 AMssAs-

2600 4447 3027 4514 SADEURS
3068 4432 3504 4514 ENVOYES
3549 4447 3613 4511 A
3658 4447 3986 4512 BERNE.

2506 4600 2788 4682 Affaircs
2829 4601 2903 4666 de
2938 4601 3218 4681 Ζέὸἑᾱὲε,
3261 4601 3487 4667 Bolsec
3529 4606 3583 4665 et
3619 4600 3914 4665 Fonselet.

2333 4771 2596 4841 (original
2631 4782 2688 4825 et
2721 4771 2915 4842 Oopies
2958 4772 3421 4842 contemporaines
3465 4788 3567 4823 aux
3604 4768 3864 4822 Archives
3910 4768 3977 4821 de
4025 4768 4261 4838 Geneve,

2330 4839 2521 4896 Pieoes
2555 4841 2877 4910 historiques
2914 4840 2978 4895 N.
3018 4839 3166 4904 1567,
3216 4858 3283 4895 en
3329 4840 3524 4893 double
3570 4838 3879 4908 expedition
3916 4847 3972 4890 et
4007 4837 4041 4891 a
4082 4838 4138 4891 la
4170 4838 4259 4891 Bi-

2328 4909 2644 4992 bliotheque
2689 4912 2885 4965 Carton
2929 4909 3096 4964 197n.
3169 4910 3487 4974 (Variantes
3534 4909 3643 4973 Β..)
3702 4906 3758 4988 ΓΙΙ
3779 4924 3840 4987 ,γ
3885 4922 3918 4958 a
3964 4907 4107 4960 aussi
4154 4924 4259 4989 une

2330 4979 2638 5034 traduction
2670 4978 2968 5033 allemands
3003 4996 3095 5032 sur
3129 4980 3361 5048 laquelle
3395 4977 3582 5032 calm
3617 4994 3651 5028 a
3683 4985 3846 5029 ecrit:
3909 4973 4260 5031 Τναποῐαῑιοπ

2331 5048 2397 5102 de
2431 5064 2490 5104 ce
2521 5047 2622 5118 qm·
2647 5047 2738 5114 fut
2766 5062 2996 5117 propo-se
3027 5047 3076 5100 le
3108 5047 3297 5116 ἰωνιάν,
3332 5044 3366 5099 εὶ
3399 5046 3526 5115 quoi
3563 5062 3667 5099 une
3689 5052 3844 5098 autre
3868 5045 4010 5096 main
4048 5045 4257 5114 ajouta:

2321 5117 2562 5186 prank!-
2601 5115 2669 5171 de
2710 5115 2908 5186 Aperil
2954 5114 3085 5170 1555
3131 5116 3225 5170 des
3258 5115 3484 5182 affair-es
3529 5114 3963 5183 ecclesiastiquea.
4035 5114 4125 5166 Au
4160 5115 4258 5168 des

2331 5185 2401 5240 de
2434 5186 2490 5241 la
2524 5187 2675 5255 piene
2710 5186 2775 5240 B.
2808 5185 2993 5239 Calvia
3027 5201 3061 5237 a
3094 5185 3256 5237 ecrit:
3306 5183 3417 5237 Les
3450 5187 3625 5252 picces
3656 5182 3734 5237 du
3764 5196 3953 5250 preces
3987 5188 4170 5237 contre
4202 5184 4258 5236 lu

2329 5255 2555 5323 amella
2586 5253 2655 5309 de
2687 5252 2981 5308 Hier-osne.
3052 5251 3129 5306 Oo
3167 5253 3247 5307 ies
3281 5254 3524 5306 recentes
3557 5269 3662 5312 aux
3692 5251 3951 5305 Archives
3986 5251 4055 5306 de
4083 5252 4257 5305 Berne

2652 5322 2792 5392 Epp.
2830 5322 2926 5377 VI.
2963 5340 3016 5392 p.
3049 5319 3118 5375 55
3185 5327 3242 5376 et
3275 5321 3403 5374 chez
3440 5321 3636 5376 Simler
3672 5320 3791 5374 Vol.
3828 5317 3940 5385 84.)
