4850 6200
489 401 617 463 659

486 583 721 668 Neque
764 586 942 651 enim
994 588 1255 671 publica
1308 597 1568 655 tantum
1625 590 1934 658 ecclesias
1978 601 2237 660 vestrae
2280 595 2447 660 cala—

492 671 688 737 mitas
731 671 920 738 nobis
964 671 1264 757 lugubris
1318 674 1459 753 suit,
1506 676 1620 742 sed
1666 677 1979 759 privatim
2024 699 2130 743 me
2174 680 2446 764 gravius

492 757 869 823 vulneravit
908 759 1162 824 inflicta
1202 759 1323 824 tibi
1349 760 1712 844 ignominia
1736 767 1789 840 ⁶)
1831 784 2025 846 quam
2071 764 2287 831 verbis
2330 787 2443 831 ex-

486 844 790 993 primam.
878 843 1015 908 Nec
1056 845 1275 928 quieto
1296 847 1514 912 animo
1548 848 1663 926 fui,
1689 848 1893 914 donec
1913 850 2205 916 melioris
2227 853 2444 917 exitus

517 950 666 995 ama
718 928 1082 1011 pauxillum
1141 952 1248 995 me
1305 931 1571 998 levavit.
1661 933 1931 1000 Utinam
1975 957 2080 1001 me
2124 957 2274 1019 spes
2317 939 2445 1004 ista

490 1035 626 1079 non
668 1014 1040 1092 frustretur,
1085 1038 1251 1098 quae
1295 1019 1506 1102 magis
1549 1018 1759 1084 solida
1802 1029 1992 1097 esset,
2040 1022 2167 1086 nisi
2213 1043 2318 1088 me
2362 1022 2443 1089 de

491 1120 662 1166 novo
694 1100 973 1184 quodam
1000 1103 1251 1184 hospite
1276 1115 1493 1169 vestro
1529 1104 1660 1168 alia
1693 1127 1851 1171 cura
1886 1118 2176 1191 angeret.
2235 1109 2441 1191 Equi-

488 1185 641 1251 dem
676 1194 865 1251 tuum
907 1187 1251 1253 consilium
1274 1189 1430 1254 felix
1453 1191 1865 1273 faustumque
1901 1193 2021 1258 tibi
2054 1214 2196 1259 esse
2230 1196 2440 1277 cupio.

487 1271 740 1336 Verum
783 1273 840 1338 si
905 1272 1201 1338 nondum
1261 1285 1377 1339 tuo
1441 1277 1852 1341 incommodo
1907 1287 2220 1361 expertus
2263 1301 2334 1345 es
2377 1290 2443 1346 te

485 1377 760 1436 errasse,
805 1358 1171 1424 cavendum
1216 1359 1333 1424 tibi
1379 1370 1636 1426 mature
1679 1384 1926 1429 censeo.
2015 1364 2162 1430 Hoc
2205 1365 2328 1431 tibi
2368 1366 2440 1431 in

486 1463 714 1508 aurem
773 1441 1017 1508 dictum
1076 1446 1178 1523 sit,
1239 1446 1389 1530 plus
1451 1447 1569 1511 tibi
1627 1448 1797 1513 forte
1852 1449 1934 1515 ab
1978 1470 2110 1515 uno
2155 1472 2355 1534 quam
2401 1474 2439 1517 a

487 1526 714 1594 decem
759 1529 1156 1597 Alexandria
1201 1532 1580 1616 impendere
1622 1534 1912 1617 periculi.

657 1615 762 1680 De
805 1636 1029 1679 rerum
1073 1624 1444 1683 nostrarum
1502 1628 1678 1684 statu
1722 1620 2051 1706 intelliges
2093 1643 2135 1686 a
2179 1624 2437 1689 nuncio.

481 1698 567 1765 In
611 1700 775 1765 urbe
820 1701 1148 1767 Dominus
1183 1724 1305 1769 nos
1349 1704 1624 1770 subinde
1664 1706 1863 1771 variis
1898 1706 2111 1773 modis
2155 1719 2435 1774 exercet.

478 1785 713 1869 Nuper
779 1792 998 1851 tamen
1059 1809 1187 1852 non
1247 1789 1458 1854 solum
1519 1789 1768 1855 deiecta
1823 1791 1939 1856 sed
1992 1794 2128 1858 fere
2193 1794 2437 1860 afflicta

478 1871 606 1936 fuit
640 1871 1086 1954 improborum
1125 1872 1336 1940 factio.
1365 1878 1415 1956 ⁸)
1465 1875 1687 1942 Vicini
1707 1879 1765 1959 ⁷)
1801 1878 1965 1942 mihi
2001 1879 2255 1944 molesti
2291 1902 2435 1946 esse

479 1977 613 2021 non
659 1957 984 2023 desinunt.
1057 1959 1447 2043 Quanquam
1492 1961 1590 2026 illi
1624 1983 1879 2045 quoque
1912 1968 2220 2047 prostrati
2256 1988 2435 2031 nune

482 2042 790 2121 iacerent,
827 2045 952 2109 nisi
991 2054 1212 2110 vester
1248 2046 1357 2111 ille
1380 2049 1673 2113 omnium
1694 2049 2045 2131 impiorum
2070 2060 2435 2133 receptator

480 2148 601 2193 sua
666 2129 938 2211 perfidia
1004 2153 1247 2197 novum
1301 2141 1635 2198 certamen
1702 2134 2094 2201 fabricasset.
2120 2138 2172 2221 ⁸)
2261 2137 2431 2202 Nam

481 2213 706 2279 literas
740 2236 905 2298 quae
949 2215 1115 2280 mihi
1157 2218 1474 2283 invidiam
1519 2240 1671 2285 cum
1715 2219 2090 2287 discrimine
2134 2232 2434 2289 crearent

481 2299 602 2364 sibi
669 2299 821 2364 olim
890 2323 930 2365 a
974 2323 1078 2366 me
1140 2305 1416 2387 scriptas
1481 2305 1794 2371 scelerate
1872 2306 2172 2391 prodidit.
2285 2309 2431 2373 Hoc

479 2385 705 2450 aculeo
771 2386 995 2452 relicto
1063 2387 1145 2452 ad
1212 2411 1326 2455 vos
1384 2391 1721 2456 concessit.
1812 2390 2160 2458 Caeterum
2227 2416 2431 2477 quum

477 2468 739 2536 videam
793 2471 962 2536 nihil
1026 2474 1164 2539 fore
1220 2475 1317 2540 illi
1373 2475 1688 2554 acerbius,
1724 2498 1923 2561 quam
1965 2479 2137 2561 apud
2184 2490 2246 2545 te
2290 2481 2431 2547 eius

476 2559 787 2640 pecuniae
830 2559 1145 2625 rationem
1192 2561 1465 2626 reddere
1488 2584 1654 2646 quae
1694 2584 1775 2628 ex
1800 2572 2192 2631 testamento
2235 2567 2426 2633 amici

475 2651 544 2708 et
588 2642 862 2725 hospitis
929 2647 1055 2710 mei
1113 2647 1289 2730 apud
1339 2668 1491 2712 eum
1549 2648 1845 2733 deposita
1882 2651 2109 2731 fuerat,
2156 2653 2225 2716 in
2268 2654 2427 2718 istas

474 2728 703 2813 plagas
749 2750 923 2796 nunc
968 2753 1008 2796 a
1043 2754 1149 2797 me
1206 2734 1534 2800 coniectus
1578 2743 1694 2800 est.
1776 2735 1856 2802 Si
1898 2744 1965 2801 te
2010 2736 2278 2802 domum
2320 2758 2425 2803 ac—

471 2824 703 2895 cersat,
740 2837 872 2880 non
908 2817 1175 2883 consulo
1218 2827 1296 2883 ut
1332 2822 1573 2885 venias.
1619 2819 1772 2902 Ipse
1795 2823 1970 2887 enim
1994 2823 2076 2887 ad
2098 2832 2165 2889 te
2188 2825 2423 2907 potius,

465 2901 574 2966 vel
617 2902 673 2965 si
718 2901 1104 2985 gravabitur
1146 2904 1378 2969 saltem
1400 2907 1620 2969 mittat
1655 2908 1765 2989 qui
1810 2906 2042 2974 doceat
2080 2920 2424 2976 sexcentos

469 2996 810 3053 coronatos
834 2989 1229 3072 pauperibus
1253 2990 1451 3056 fuisse
1473 3003 1790 3076 erog-atos.
1816 2994 1871 3078 ⁹)
1941 2995 2161 3059 'l'uum
2199 3005 2425 3078 postea

467 3073 599 3139 erit
632 3072 712 3138 de
755 3094 827 3139 re
872 3075 1145 3157 probata
1185 3076 1500 3143 iudicium
1532 3078 1764 3144 facere.
1853 3079 1968 3148 Sic
2012 3082 2188 3148 enim
2230 3083 2425 3148 iussit

463 3166 742 3225 testator
776 3167 853 3224 ut
908 3167 1042 3227 tres
1085 3161 1670 3229 fideicommissarii
1718 3188 1877 3232 suae
1925 3166 2424 3251 dispensationis

464 3245 787 3309 rationem
854 3246 966 3310 vel
1028 3248 1113 3312 D.
1180 3248 1456 3330 Bucero,
1521 3251 1629 3316 vel
1695 3254 1749 3317 si
1816 3253 2073 3319 abesset
2115 3255 2422 3321 ecclesiae

467 3329 828 3414 gallicanae
884 3334 1131 3414 pastori
1193 3333 1480 3401 ederent.
1588 3338 1653 3402 A
1720 3345 1937 3404 vestro
2004 3339 2421 3422 Ama-pactio

465 3414 793 3480 nihildum
838 3419 1098 3485 venisse
1142 3420 1361 3485 miror.
1393 3419 1477 3507 ¹⁰)

671 3707 729 3774 5)
771 3709 972 3763 Cau-cer
1004 3714 1056 3764 et
1089 3714 1378 3780 suspensio
1412 3728 1449 3766 a
1484 3727 1704 3768 munere
1740 3712 1845 3781 (24.
1886 3714 2083 3780 Mart.)

673 3775 735 3844 6)
770 3776 1017 3832 Pertinet
1047 3779 1147 3834 hoe
1179 3781 1258 3835 ad
1291 3782 1573 3836 imulensi
1608 3781 1690 3836 16.
1731 3782 1896 3838 Maii.

674 3843 729 3910 7)
766 3845 1033 3901 Zebedaei
1058 3848 1248 3912 fodio.

671 3914 727 3982 8)
764 3915 859 3968 An
894 3914 1199 3972 Fallesium
1243 3923 1396 3972 notat
1412 3915 1443 3972 ἲ
1520 3917 1818 3987 Quemnam
1854 3920 2024 3974 alium
2065 3922 2130 3974 in
2164 3920 2417 3978 Helvetia

464 3981 738 4052 degentem
773 3983 1151 4040 adversarium
1188 3993 1428 4041 vestrum
1471 3987 1650 4043 dicere
1764 3995 1906 4044 terat
1966 3988 2045 4043 ad
2081 3988 2417 4045 Gamerium

463 4050 749 4107 scribens?
801 4052 939 4107 Rem
973 4055 1232 4123 conficere
1265 4056 1483 4110 videtm·
1514 4072 1654 4127 quae
1726 4059 1850 4113 abet
1883 4028 2148 4113 &aliems
2179 4057 2256 4114 N.
2276 4057 2417 4114 2184

462 4126 576 4176 not.
627 4120 709 4174 10.
793 4121 926 4176 Vnde
967 4124 1129 4177 etiam
1176 4125 1253 4180 N.
1300 4123 1439 4177 2187
1484 4131 1595 4180 not.
1642 4124 1695 4178 2.
1772 4125 1881 4181 Sed
1930 4126 2266 4183 Zebedaoum
2317 4131 2414 4184 oie

461 4190 753 4314 ³335.ae
785 4194 1522 4319 mmissffssmnffiffl‘
1564 4196 1810 4318 ..m‘
1833 4197 2078 4320 3:2⁶⁸..
2109 4197 2416 4322 'pm

462 4335 687 4383 moueat
727 4329 915 4382 aculeo
960 4331 1150 4384 relicto
1184 4331 1263 4384 Ar
1334 4338 1608 4386 ntoratum
1655 4334 1983 4388 concessisse
2029 4284 2250 4391 dictatur.
2321 4338 2416 4390 Δη

460 4395 843 4451 Alexandrus·
878 4399 1060 4467 ipsum
1094 4399 1251 4455 dieas

669 4465 733 4530 9)
768 4466 924 4521 Haec
958 4468 1060 4524 tuln·
1094 4468 1435 4524 Busanionii
1480 4474 1854 4525 testamentum
1887 4472 1950 4526 ὑπ
1983 4474 2298 4528 memoriam
2330 4488 2413 4527 re·

461 4541 674 4590 vocant.
730 4532 1077 4601 Censeo-enda
1104 4537 1346 4603 fortasse
1361 4537 1445 4594 N.
1461 4537 1611 4592 1069.
1651 4545 1668 4599 (
1680 4539 1888 4606 Bolax,
1921 4540 2017 4595 Vie
2035 4539 2104 4595 de
2125 4540 2181 4595 0.
2204 4543 2286 4597 ch.
2302 4544 2409 4604 xi.)

637 4602 728 4666 10)
766 4604 887 4658 sine
929 4605 1020 4660 die
1065 4613 1117 4661 et
1148 4607 1381 4662 consule.
1457 4607 1616 4663 Patet
1649 4608 1794 4664 hauc
1824 4624 1937 4665 son
1978 4611 2305 4681 respondere
2337 4610 2415 4666 ad

461 4670 541 4726 N.
576 4671 716 4726 2232
766 4688 938 4742 neque
986 4675 1090 4730 hac
1141 4673 1267 4745 ipsa
1318 4675 1653 4731 Gai-nerium
1705 4678 1785 4734 aa
1833 4684 2080 4735 nomam
2129 4682 2412 4748 respicere.

468 4738 711 4812 Utraque
736 4743 860 4810 fere
892 4743 1073 4799 eodem
1110 4751 1344 4814 tempore
1376 4747 1587 4815 scripta
1621 4747 1851 4804 videtur.

1228 5093 1467 5101 ——u-—u-——-
1488 5095 1519 5100 ..-
1528 5095 1545 5100 -
1566 5095 1631 5100 ’.-

2005 403 2526 474 EPIS'POLAE
2571 412 2995 476 2231-2233

4376 424 4500 488 660

3417 601 3617 673 2232.

3014 755 3558 824 GARNERIUS
3604 757 4040 825 OALVINO.

2725 926 3189 994 Tristissimum
3239 934 3471 995 statum
3502 934 3703 996 coetus
3749 929 4071 996 Gallicani
4114 930 4217 996 Ar
4424 954 4497 999 α-

2544 1012 3153 1165 σίἰηηὲεᾷαῑίιῑωετςθξῗςε
3196 1035 3239 1079 a
3279 1016 3652 1099 mayisbratu
3706 1021 4138 1085 exauctoratus
4248 1039 4496 1086 enevam

2858 1271 2967 1336 (Ex
3001 1272 3337 1341 autographo
3373 1272 3499 1327 Cod.
3538 1273 3740 1327 Genev.
3785 1273 3897 1337 110,
3936 1274 4026 1327 fol.
4067 1272 4207 1341 191.)

2715 1440 3095 1507 Clarissimo
3146 1443 3285 1508 viro
3328 1454 3396 1506 et
3437 1444 3679 1508 eximio
3736 1443 4132 1510 christianae
4183 1447 4492 1514 ecclesiae

2542 1524 2789 1591 doctori
2857 1527 2941 1592 D.
2988 1527 3220 1592 Ioanni
3279 1527 3550 1594 Calvino
3594 1551 3711 1595 suo
3754 1531 3822 1594 in
3867 1530 4151 1596 Domino
4193 1552 4494 1616 praecep-

2542 1613 2664 1676 tori
2711 1634 2786 1678 ac
2821 1613 3053 1678 maiori
3092 1614 3153 1679 h.
3194 1613 3253 1679 d.

3983 1700 4314 1768 Genevae.

2710 1872 2780 1934 S.
2827 1871 2902 1936 P.
2972 1869 3239 1936 Statum
3273 1871 3794 1937 infelicissimum
3852 1872 4163 1938 ecclesiae
4195 1872 4407 1953 huius,
4439 1876 4488 1956 ¹)

2537 1964 2724 2038 pater
2787 1976 2861 2022 ac
2926 1966 3308 2040 praeceptor
3370 1959 3443 2023 in
3507 1956 3774 2024 Christo
3838 1959 4224 2037 venerande,
4301 1960 4489 2026 facile

2535 2041 2864 2127 intelliges
2921 2065 3006 2108 ex
3085 2044 3321 2110 harum
3385 2045 3612 2123 latore,
3679 2043 3812 2109 fido
3889 2044 4088 2110 tratre
4160 2056 4226 2110 et
4280 2046 4489 2113 amico

2538 2130 2793 2194 Acrone
2827 2151 3018 2213 quem
3065 2131 3310 2213 optime
3353 2131 3549 2197 nosti.
3636 2130 3779 2196 Iam
3807 2129 4052 2194 dudum
4091 2128 4174 2195 ad
4199 2139 4263 2195 te
4284 2133 4487 2215 scrip-

2535 2216 2764 2280 sissem
2821 2216 2902 2280 de
2959 2218 3154 2282 rebus
3203 2217 3445 2282 nostris
3502 2218 3555 2283 si
3601 2224 3816 2282 tutum
3860 2217 4171 2281 nuncium
4217 2217 4486 2283 fuissem

2535 2313 2781 2367 nactus.
2851 2303 3018 2366 Nam
3058 2313 3351 2387 tempora
3384 2311 3541 2369 sunt
3574 2301 3955 2386 periculosa,
3991 2321 4112 2367 nec
4145 2311 4246 2367 est
4271 2310 4487 2369 tutum

2534 2391 2754 2453 omnia
2797 2389 3201 2456 committere
3220 2389 3492 2455 chartis:
3530 2399 3867 2472 praeterea
3908 2387 4068 2453 talia
4088 2396 4279 2453 erant
4320 2410 4487 2471 quae

2534 2472 2640 2539 hic
2683 2475 3047 2558 agebantur
3081 2496 3246 2558 quae
3282 2474 3380 2539 nil
3413 2496 3613 2557 quam
3648 2475 3986 2541 tristitiam
4031 2474 4266 2540 afferre
4303 2486 4486 2557 pote-

2533 2570 2700 2624 rant.
2789 2564 2879 2625 At
2936 2560 3194 2643 quando
3249 2561 3533 2626 Domino
3590 2558 3735 2625 Deo
3795 2560 3964 2647 (sine
4019 2562 4207 2626 cuius
4264 2561 4484 2644 provi-

2533 2644 2755 2711 dentia
2819 2646 2915 2710 nil
2981 2647 3332 2729 quidquam
3408 2646 3644 2712 accidit
3706 2668 3825 2712 nec
3891 2646 3959 2710 in
4025 2647 4204 2713 coelo
4248 2649 4485 2712 necin

2532 2740 2739 2807 terra)
2785 2733 2880 2797 ita
2916 2733 3129 2797 visum
3165 2742 3265 2798 est
3307 2742 3382 2797 ut
3421 2732 3831 2797 Iherusalem
3874 2742 4367 2798 converteretur
4409 2734 4481 2799 in

2532 2818 2923 2884 Babilonam
3001 2827 3068 2882 et
3156 2828 3505 2903 argentum
3580 2820 3646 2882 in
3727 2818 4003 2884 scoriam
4098 2829 4481 2898 verteretur,

2530 2905 2725 2969 silere
2779 2924 3051 2987 nequeo.
3142 2904 3460 2971 Diabolus
3516 2906 3692 2969 enim
3753 2904 4064 2987 antiquus
4120 2904 4235 2969 ille
4272 2904 4480 2971 hostis

2532 2999 2786 3056 tantum
2824 2990 3038 3055 effecit
3073 2990 3179 3056 hic
3213 3012 3333 3073 per
3364 3011 3516 3057 suos
3539 2991 3876 3055 ministros
3928 2999 4002 3054 ut
4035 2991 4255 3055 omnia
4290 3011 4478 3058 ever·

2527 3076 2700 3142 terit.
2790 3074 2938 3158 Quo
2995 3076 3188 3142 modo
3253 3084 3319 3142 et
3383 3077 3621 3161 quibus
3676 3076 3928 3142 artibus
3970 3084 4218 3142 norunt
4250 3095 4478 3144 omnes

2527 3163 2638 3247 qui
2715 3173 3114 3246 spectatores
3177 3164 3446 3229 fuerunt
3514 3162 3712 3228 huius
3789 3161 4179 3246 tragoediae.
4289 3163 4477 3230 Haec

2526 3249 2748 3314 omnia
2781 3248 3070 3332 prudens
3135 3270 3251 3332 pro
3315 3270 3493 3315 nunc
3558 3248 3819 3313 silentio
3863 3256 4123 3314 transeo
4166 3250 4477 3331 quoniam

2525 3333 2754 3400 charta
2814 3335 2983 3400 ferre
3050 3356 3181 3399 non
3240 3343 3472 3418 potest.
3581 3333 3878 3399 Narrabo
3937 3334 4057 3399 tibi
4123 3333 4475 3417 aliquando

2524 3441 2764 3499 coram,
2799 3419 2995 3502 idque
3038 3421 3238 3498 brevi,
3278 3422 3335 3486 si
3371 3419 3699 3485 Dominus
3733 3418 4001 3485 dederit.
4079 3419 4346 3485 Etenim
4389 3421 4475 3486 ad

2525 3527 2641 3573 vos
2685 3506 3149 3589 profectionem
3193 3528 3368 3590 paro,
3415 3513 3613 3589 atque
3654 3526 3761 3571 me
3826 3527 3958 3570 una
4000 3527 4148 3571 cum
4193 3515 4336 3572 tota
4376 3507 4476 3572 fa-

2521 3592 2709 3658 milia
2737 3614 2883 3658 mea
2916 3594 3050 3657 iam
3083 3593 3303 3658 itineri
3339 3592 3810 3658 commisissem
3847 3592 3975 3656 nisi
4018 3611 4201 3658 meae
4244 3593 4475 3658 uxoris

2522 3683 2751 3745 uterus
2793 3678 3281 3763 impedivisset:
3326 3687 3427 3745 est
3491 3679 3667 3744 enim
3724 3677 4096 3761 propediem
4154 3678 4472 3762 paritura.

2522 3764 2675 3846 Quo
2709 3766 2785 3829 fit
2830 3774 2903 3830 ut
2939 3785 3152 3830 meam
3175 3764 3644 3848 profectionem
3667 3764 3752 3829 ad
3789 3785 3993 3829 unum
4039 3773 4156 3828 aut
4188 3765 4471 3831 alterum

2521 3872 2812 3916 mensem
2849 3850 3112 3916 differre
3147 3871 3360 3937 cogor.
3423 3849 3771 3917 Caeterum
3798 3849 4224 3934 magistratus
4246 3861 4472 3916 noster

2519 3959 2624 4003 me
2659 3957 2792 4002 una
2834 3958 2987 4003 cum
3007 3937 3309 4004 omnibus
3330 3936 3692 4004 senioribus
3715 3935 4024 4002 ecclesiae
4058 3944 4124 4000 et
4165 3937 4470 4003 omnibus

2520 4021 2810 4088 diaconis
2874 4025 3343 4090 exauctoravit.
3372 4027 3431 4098 ²)
3543 4023 3731 4089 Unus
3806 4020 3983 4087 solus
4040 4021 4124 4086 D.
4180 4021 4470 4089 Ioannes

2521 4109 2757 4192 Loquet
2797 4110 2865 4173 in
2902 4109 3112 4175 officio
3155 4111 3487 4176 remansit.
3578 4107 3712 4174 Sed
3758 4116 4065 4190 sequetur
4108 4109 4309 4172 etiam
4348 4128 4470 4174 nos

2519 4205 2587 4261 et
2635 4196 2774 4278 ipse
2819 4194 3022 4272 brevi,
3093 4197 3189 4260 uti
3245 4195 3600 4261 adversarii
3659 4195 3924 4271 iactant,
3973 4214 4101 4276 quo
4143 4194 4260 4258 fiat
4294 4213 4469 4259 nova

2516 4281 2783 4346 omnino
2846 4280 3254 4348 Iherusalem
3320 4302 3400 4346 ex
3461 4278 3714 4346 civibus
3767 4277 4169 4345 Babiloniae.
4271 4277 4465 4360 Quod

2517 4374 2584 4432 et
2621 4367 2763 4450 ipse
2808 4367 3119 4451 Loquetus
3174 4366 3475 4451 inprimis
3530 4368 3723 4449 cupit.
3748 4369 3800 4442 ³)
3885 4364 4069 4430 Fieri
4111 4366 4288 4430 enim
4331 4385 4465 4430 non

2607 4460 2736 4519 test
2770 4461 2847 4518 ut
2886 4454 3033 4538 pius
3076 4453 3310 4538 aliquis
3352 4452 3474 4518 hoc
3518 4461 3811 4535 tempore
3854 4451 4186 4517 ministret
4225 4453 4295 4516 in
4339 4451 4470 4517 ista

2577 4538 2855 4605 abilona.
2946 4540 3085 4607 Nec
3150 4541 3325 4605 enim
3390 4538 3483 4622 pii
3538 4538 3856 4621 templum
3923 4537 4268 4603 Gallorum
4332 4536 4468 4603 fre-

2515 4634 2837 4708 quentant
2897 4627 2980 4692 ab
3034 4648 3109 4692 eo
3161 4634 3454 4707 tempore
3513 4645 3640 4707 quo
3683 4623 3940 4707 prolata
3977 4622 4101 4688 fuit
4138 4625 4469 4690 sententia

2514 4711 2586 4776 in
2642 4712 2902 4796 templo,
2960 4734 3092 4779 non
3154 4711 3229 4777 D.
3294 4711 3369 4777 P.
3416 4709 3694 4795 Man-tyr,
3716 4715 3774 4788 ⁴)
3820 4730 3950 4775 non
3995 4708 4080 4775 D.
4129 4709 4468 4791 Zanchius,

2514 4816 2650 4863 non
2694 4800 2984 4865 seniores
3046 4798 3369 4874 ecclesiae,
3439 4817 3569 4862 non
3640 4796 3915 4875 diaconi,
3974 4816 4108 4861 non
4151 4795 4264 4861 alii
4307 4797 4468 4864 boni

2516 4884 2659 4963 viri,
2694 4905 2817 4951 nec
2862 4884 3063 4971 Angli
3101 4885 3214 4968 qui
3249 4894 3441 4950 antea
3476 4881 3840 4967 quotidiani
3877 4889 4068 4946 erant
4101 4903 4223 4949 nec
4265 4904 4468 4949 unam

2513 5142 2706 5198 2282.
2727 5143 2785 5210 1)
2825 5141 2910 5209 Of.
2949 5141 3026 5197 N.
3060 5139 3216 5194 2125.
3250 5139 3406 5195 2190.

2716 5212 2779 5349 {3
2814 5229 2888 5335 N.
2908 5210 3123 5334 ἐιξᾶΙ.
3165 5209 3281 5265 Gal.
3315 5210 3457 5280 Apr.
3496 5208 3693 5276 (Dior.
3732 5207 4051 5274 marbach.)

2715 5349 2779 5416 4)
2823 5348 2957 5404 Viae
2988 5351 3107 5404 eius
3141 5364 3226 5419 ep.
3261 5347 3341 5402 ad
3373 5347 3750 5418 Bullia-yeru-
3786 5345 3867 5402 N.
3901 5344 4055 5401 2287.
