4850 6200
284 530 356 589 25
1952 526 2113 586 1554
2158 519 2616 591 FEBRUAR.
4184 532 4264 594 26

279 735 469 779 unum
514 712 601 778 ad
660 722 723 778 te
767 714 985 791 mitto,
1042 710 1157 778 sed
1217 734 1295 776 ea
1352 731 1551 795 quam
1604 711 1995 795 praescribis
2046 709 2215 795 lege,

278 814 343 865 ut
382 799 487 865 hic
530 800 738 865 bonus
798 800 899 863 vir
955 800 1232 883 pretium
1290 802 1610 862 numeret.
1699 794 1883 861 Idem
1943 797 2011 862 in
2056 796 2214 862 Ser-

278 888 509 951 veticae
549 885 908 969 impietatis
950 886 1343 949 refutatione
1386 884 1538 961 feci,
1595 883 1782 948 cuius
1820 882 1951 949 tria
1992 903 2213 949 exem-

277 972 471 1056 plaria
515 972 631 1037 tibi
677 971 860 1037 feret.
900 969 1171 1035 Addidi
1217 971 1491 1035 facetam
1538 966 1749 1033 Beeae
1788 969 1995 1034 nostri
2041 969 2214 1054 epis-

278 1058 459 1157 tolam
505 1058 631 1207 suth
673 1056 1415 1207 vafftjitmnx'rigf’
1443 1059 1526 1134 ¹¹)
1582 1075 1749 1204 quae
1795 1054 2050 1154 ‘multos-
2092 1055 2214 1204 tibi

278 1165 461 1219 usus,
524 1164 570 1207 u
642 1164 849 1228 spero,
910 1164 947 1208 e
998 1164 1142 1209 cie.
1378 1161 1446 1217 e,
1505 1160 1667 1205 orna
1722 1160 1920 1206 ssime
1986 1162 2090 1204 vu·
2148 1161 2184 1205 e

277 1227 491 1399 gaggi-'e
530 1228 781 1399 ῗῐξῗίῗιῢιι
819 1236 1406 1398 εῑιῗέῃὲῗῗῆαθεὶἀίο
1450 1314 1620 1378 tueri
1665 1313 1973 1395 omnique
2017 1312 2213 1377 bene·

280 1401 548 1468 dictione
619 1402 919 1484 prosequi
991 1403 1061 1465 in
1129 1401 1331 1465 finem
1401 1419 1606 1483 usque
1662 1409 1910 1482 pergat.
2015 1397 2213 1482 Sym-

276 1498 519 1572 mystae
572 1494 687 1551 tuo
744 1487 1024 1552 salutem
1068 1484 1439 1570 plurimam,
1497 1494 1566 1548 et
1606 1485 1819 1549 uxori.
1907 1482 2212 1567 Collegae

276 1574 457 1723 {gam
525 1574 654 1639 mei
721 1582 787 1638 et
847 1573 1215 1655 complures
1291 1572 1442 1636 boni
1508 1571 1635 1635 viri
1711 1578 1778 1633 te
1855 1568 2211 1652 plurimum

361 1670 749 1827 ῃῗὶῃθιιιθναε
795 1766 852 1826 3.
895 1758 1041 1826 idus
1084 1759 1431 1824 Februarii
1486 1762 1661 1822 1554.

1154 1863 1431 1927 loannes
1475 1860 1793 1928 Calvinus
1840 1882 1992 1927 vere
2036 1872 2207 1926 tuus.

1138 2376 1326 2446 19⁰7.

312 2515 736 2582 MlNIS'rRI
782 2512 1431 2581 TONONIENSES
1482 2511 2150 2581 BERNENSIBUS.

428 2688 799 2754 Declarauo
828 2686 983 2768 fidei
1023 2688 1191 2752 circa
1224 2685 1563 2750 articulum
1596 2686 2207 2766 praedestinationis.

276 2862 381 2981 {221¹ss
534 2859 685 2982 ⁹32¹*
718 2859 801 2982 a}
838 2859 1283 2981 ’ἑοῪὲξέῑίἱῖ
1314 2856 2211 2993 ἓξ..ῗέ3ὶὶοῗὲῖ“ῗὲ’ἒὲ..ἕιῗ8ᾱξῗέ;

274 3000 459 3053 utensi-s
496 2996 694 3052 amesa
727 3000 787 3050 in
833 3012 1005 3052 causa
1040 2996 1251 3050 ffleron
1342 2996 1365 3047 i
1407 2994 1604 3049 medici
1644 2994 1750 3048 huc
1784 2993 2025 3048 Reman·
2057 2995 2216 3049 missi

640 3064 788 3121 1554
827 3064 909 3119 13.
952 3064 1110 3121 Febr.
1149 3093 1213 3103 —
1253 3064 1463 3120 simler.
1503 3064 1624 3119 Vol.
1660 3061 1839 3132 81.)1)

872 3240 925 3304 1.
1016 3238 1275 3320 Lamus
1319 3237 1519 3302 Adae.
1544 3237 1600 3314 2)

422 3358 652 3425 Deum
696 3367 849 3423 ante
893 3367 1183 3424 creatum
1232 3357 1514 3441 primum
1559 3353 1896 3419 hominem
1939 3364 2210 3419 aeterno

274 3455 563 3529 certoque
623 3444 883 3511 decreto
947 3444 1367 3509 constituisse
1422 3440 1575 3524 quid
1637 3440 1716 3504 de
1774 3450 1911 3505 toto
1968 3460 2210 3524 genere

1253 1228 1579 1292 Dominus
1632 1236 1695 1290 te
1754 1246 1830 1291 ac
1897 1227 2213 1291 familiam
2262 1288 2269 1317 1

2315 711 2517 777 minis
2582 733 2707 778 non
2766 710 2962 778 aliam
3029 712 3096 777 in
3156 708 3302 778 Deo
3365 713 3802 796 quaerendam
3866 736 4009 782 esse
4068 736 4266 800 quam

2314 819 2566 950 morali?
2623 799 2765 864 eius
2819 797 3246 875 voluntatem,
3307 820 3471 884 quae
3526 821 3780 866 summa
3837 811 3938 867 est
3979 802 4267 867 iustitiae

2314 904 2478 968 regu
2551 936 2564 951 .

2775 1023 2889 1089 IV.
2981 1023 3219 1089 Eleatio
3257 1023 3440 1101 tidem
3471 1023 3809 1104 praeced-it.

2490 1141 2813 1223 Quamvis
2871 1144 3056 1208 electi
3115 1144 3245 1207 fide
3301 1144 3668 1227 percipiant
3722 1145 4056 1213 electionis
4115 1168 4266 1230 gra-

2318 1229 2510 1303 tiam,
2581 1248 2715 1293 non
2785 1240 3006 1294 tamen
3077 1228 3362 1312 pendere
3421 1228 3801 1294 electionem
3874 1252 3914 1294 a
3963 1231 4094 1296 fide
4148 1232 4262 1299 sed

2316 1322 2607 1397 tempore
2663 1324 2729 1379 et
2771 1314 3000 1380 ordine
3057 1317 3337 1398 priorem
3397 1334 3541 1379 esse
3594 1315 3803 1398 ipsam
3861 1316 4264 1383 electionem.

2710 1452 2791 1516 V.
2887 1453 3031 1518 Non
3071 1452 3433 1518 illuminari
3471 1453 3603 1517 nisi
3645 1452 3871 1518 electos.

2488 1569 2712 1652 Quum
2755 1573 3021 1638 initium
3066 1584 3134 1638 et
3174 1574 3662 1655 perseverantia
3694 1571 3848 1638 fidei
3894 1594 3933 1637 a
3975 1575 4265 1657 gratuita

2259 1640 2268 1749 J
2316 1656 2443 1721 Dei
2483 1656 2796 1724 electione
2838 1659 3034 1735 fluat,
3099 1658 3314 1722 nullos
3375 1658 3624 1723 lumine
3682 1658 3834 1723 fidei
3877 1678 3999 1724 nec
4042 1680 4262 1743 perse·

2260 1754 2265 1829 j
2313 1744 2614 1808 verentia
2657 1743 2884 1809 donari
2921 1744 3049 1810 nisi
3093 1764 3255 1827 quos
3276 1742 3462 1808 Deus
3497 1744 3710 1828 eligit:
3760 1745 4068 1829 reprobos
4106 1766 4266 1811 vero

2318 1828 2418 1892 vel
2481 1831 2549 1893 in
2607 1852 2726 1896 sua
2782 1832 3093 1897 caecitate
3137 1850 3521 1911 permanere
3564 1830 3947 1908 necessario,
4009 1832 4112 1896 vel
4156 1852 4268 1896 ex-

2315 1914 2530 1979 cidere
2574 1937 2613 1980 a
2657 1915 2827 1981 falsa
2869 1917 3081 1998 specie
3124 1916 3278 1980 fidei
3321 1936 3515 1998 quam
3560 1936 3717 1999 prae
3760 1937 3832 1982 se
3875 1915 4130 1995 ferunt,
4190 1939 4265 1984 ac

2313 2000 2590 2082 proinde
2627 2002 2793 2066 nihil
2827 2023 2967 2068 esse
3004 2003 3134 2067 alia
3167 2003 3385 2067 omnia
3430 2001 3530 2066 vel
3568 2004 3765 2067 etiam
3808 2023 4035 2068 eorum
4068 2022 4269 2085 opera

2313 2089 2740 2169 quantumvis
2776 2090 2841 2154 in
2879 2090 3159 2172 speciem
3197 2087 3385 2165 bona,
3422 2089 3723 2170 quamvis
3760 2088 4000 2171 alioqui
4029 2088 4267 2153 electos

2312 2194 2783 2256 nonnunquam
2826 2194 3134 2257 superare
3175 2172 3543 2240 videantur.

2649 2312 2763 2377 VI.
2853 2312 3062 2377 Deum
3104 2333 3228 2377 non
3271 2332 3403 2377 8338
3442 2316 3718 2377 autorem
3761 2312 3938 2379 mali.

2486 2433 2633 2498 Etsi
2677 2433 2805 2497 Dei
2847 2432 3153 2501 voluntas
3209 2451 3466 2497 summa
3518 2440 3584 2497 et
3641 2431 3857 2514 prima
3915 2431 4004 2497 sit
4045 2453 4268 2497 rerum

2314 2519 2608 2583 omnium
2654 2539 2865 2597 eausa,
2924 2527 2992 2582 et
3033 2516 3217 2583 Deus
3273 2515 3604 2583 diabolum
3648 2524 3718 2582 et
3760 2517 3996 2601 impios
4040 2539 4267 2584 omnes

2313 2624 2433 2668 suo
2478 2604 2748 2670 arbitrio
2795 2604 3123 2670 subiectos
3181 2603 3448 2683 habeat,
3495 2603 3714 2668 Deum
3773 2614 3993 2668 tamen
4051 2625 4261 2687 neque

2311 2690 2556 2773 peccati
2600 2711 2867 2756 causam
2927 2690 3144 2756 vocari
3186 2711 3404 2773 posse,
3466 2709 3673 2772 neque
3727 2688 3884 2753 mali
3941 2699 4258 2767 autorem,

2312 2796 2524 2858 neque
2569 2775 2684 2840 ulli
2731 2775 2961 2859 culpae
2996 2775 3349 2841 obnoxium
3386 2796 3545 2841 esse.

2519 2911 2668 2978 vn.
2769 2912 3026 2979 Peccata
3067 2911 3384 2978 hommum
3423 2911 3768 2996 mermi
3810 2933 3852 2977 a
3893 2908 4044 2977 Deo.

2485 3034 2765 3100 Etiamsi
2790 3033 2973 3101 Deus
3019 3052 3170 3100 vere
3204 3042 3466 3117 peccato
3509 3032 3805 3098 infensus
3850 3031 3937 3097 sit
3980 3041 4046 3095 et
4089 3029 4267 3097 dam-

2312 3131 2429 3186 net
2472 3119 2784 3204 quidquid
2837 3119 3197 3186 iniustitiae
3256 3126 3355 3185 est
3412 3119 3486 3184 in
3543 3116 3923 3185 hominibus
3971 3118 4124 3201 quia
4165 3115 4263 3182 illi

2314 3207 2415 3273 dis
2461 3208 2632 3286 licet,
2677 3228 2812 3272 non
2855 3214 3079 3271 tamen
3123 3205 3304 3271 nuda
3345 3206 3490 3270 eius
3531 3204 3961 3288 permissione
4003 3211 4263 3269 tantum

2312 3315 2383 3359 se
2472 3303 2640 3359 nutu
2690 3314 2942 3376 quoque
3001 3303 3066 3358 et
3123 3311 3361 3358 arcano
3420 3290 3680 3356 decreto
3736 3290 4086 3375 gubernari
4128 3291 4263 3354 sin-

2257 3387 2266 3500 ἱ
2311 3379 2469 3464 gula
2512 3379 2851 3445 hominum
2897 3379 3084 3444 facta.

274 3531 552 3599 humano
586 3532 727 3597 fieri
767 3531 983 3608 vellet,
1029 3531 1123 3594 ita
1164 3539 1241 3593 ut
1274 3528 1499 3592 eodem
1536 3526 1796 3593 decreto
1831 3547 1965 3591 non
2000 3526 2211 3592 solum
2259 3555 2264 3596 ι
2312 3522 2503 3586 VIII.
2603 3520 2803 3583 Deum
2845 3536 2967 3582 non
3012 3515 3346 3597 inquinari
3399 3515 3725 3579 iniustitia
3780 3513 4015 3579 diaboli
4069 3518 4124 3577 et
4165 3532 4265 3574 re-

274 3618 689 3699 praescientia
734 3615 863 3680 Dei
918 3635 994 3682 ac
1051 3615 1392 3697 permissio
1452 3615 1517 3678 in
1572 3613 1765 3695 lapsu
1812 3612 2048 3677 Adami
2109 3614 2211 3677 in·
2257 3605 2265 3684 ἓ

3095 3602 3450 3684 proborum.

276 3705 651 3784 tei-cesserit,
696 3702 811 3768 sed
849 3705 1045 3767 etiam
1090 3720 1330 3765 arcana
1368 3701 1686 3776 voluntas,
1733 3701 1825 3764 sic
1868 3708 2092 3763 tamen
2134 3705 2213 3763 ut
2258 3743 2264 3780 ,

274 3789 347 3854 ad
396 3801 651 3856 reatum
723 3789 1009 3853 hominis
1078 3789 1239 3851 satis
1311 3787 1512 3851 fuerit
1576 3786 1943 3849 voluntaria
1998 3783 2208 3867 ipsius

274 3877 690 3962 transgressio
745 3875 927 3939 velut
966 3885 1189 3958 aperta
1234 3880 1300 3937 et
1355 3873 1657 3954 proxima
1699 3872 1948 3953 peccati
1991 3890 2204 3935 causa.

830 4011 919 4076 H.
1011 4010 1213 4075 Electa·
1256 4015 1311 4074 et
1354 4007 1612 4088 reprobi.

426 4133 534 4198 Ab
579 4133 700 4198 hoc
743 4130 970 4197 eodem
1016 4130 1273 4196 decreto
1318 4126 1600 4211 pendere
1645 4126 1992 4192 discrimen
2038 4128 2209 4192 inter

274 4217 492 4285 electos
534 4230 602 4282 et
646 4217 975 4301 reprobos,
1019 4239 1147 4300 quo
1182 4217 1364 4281 Deus
1408 4214 1760 4279 destinavit
1803 4213 1885 4279 ad
1931 4213 2206 4297 gloriam

276 4325 443 4370 suam
489 4305 651 4371 alios
695 4304 896 4370 saluti
943 4303 1104 4368 alios
1150 4312 1415 4368 aeterno
1453 4299 1671 4364 exitio.

276 4439 385 4506 ΠΙ.
474 4442 817 4508 Eleationis
870 4461 943 4506 ac
986 4438 1437 4520 reprobationis
1490 4456 1686 4502 causa
1728 4436 2015 4501 voluntas
2057 4435 2203 4500 Dei.

428 4562 717 4627 Tametsi
764 4560 1025 4645 reprobi
1065 4560 1201 4625 sint
1244 4560 1454 4623 iustae
1490 4557 1615 4621 Dei
1664 4554 1985 4620 vindictae
2030 4576 2203 4632 vasa,

280 4646 447 4713 electi
484 4669 641 4714 vero
680 4667 835 4714 vasa
872 4644 1371 4722 misericordiae,
1418 4663 1680 4708 eausam
1719 4655 1938 4706 tamen
1978 4641 2204 4707 discri-
2257 4697 2262 4720 ,

2484 3726 2882 3809 Quanquam
2925 3721 3221 3788 diabolus
3256 3729 3322 3786 et
3363 3720 3621 3803 reprobi
3666 3719 3800 3785 sint
3842 3716 3972 3784 Dei
4015 3740 4266 3803 organa

2256 3829 2262 3854 ⁴
2310 3824 2376 3880 et
2435 3834 2676 3880 arcana
2732 3813 2875 3878 eius
2930 3807 3170 3874 iudicia
3227 3813 3699 3890 exsequantur,
3761 3804 3977 3869 Deum
4039 3813 4263 3870 tamen

2308 3895 2954 3982 incomprehensibili
2997 3893 3187 3959 modo
3231 3893 3325 3958 sic
3367 3893 3442 3956 in
3485 3891 3615 3957 illis
3659 3900 3725 3955 et
3769 3911 3886 3973 per
3919 3891 4066 3956 illos
4111 3912 4263 3974 ope·-

2310 3987 2463 4064 rari,
2523 3994 2600 4051 ut
2643 4006 2729 4050 ex
2772 4003 3000 4048 eorum
3046 3981 3200 4045 vitio
3246 3979 3411 4043 nihil
3466 3978 3632 4044 labis
3691 3976 4053 4054 contrahat,
4110 3978 4264 4059 quia

2308 4074 2571 4139 illorum
2629 4070 2880 4135 malitia
2944 4069 3117 4131 iuste
3198 4077 3500 4147 recteque
3574 4063 3656 4128 ad
3743 4063 3993 4129 bonum
4061 4065 4260 4128 finem

2307 4161 2535 4225 utitur.

2471 4294 2595 4359 IX.
2689 4291 3021 4357 Hominem
3062 4310 3141 4353 ex
3183 4309 3251 4354 38
3293 4307 3416 4352 non
3461 4287 3593 4351 nisi
3627 4305 3882 4367 peccare
3912 4306 4120 4367 posse.

2484 4415 2721 4479 'Potum
2802 4411 3132 4474 hominem
3215 4406 3381 4473 nihil
3460 4405 3637 4470 aliud
3717 4415 3948 4488 suapte
4029 4413 4266 4470 natura

2310 4521 2507 4585 quam
2548 4518 2816 4582 peccare
2859 4516 3074 4579 posse,
3138 4493 3332 4576 idque
3387 4491 3791 4572 necessario,
3850 4512 3980 4555 non
4039 4501 4261 4555 tamen

2310 4595 2547 4665 coacte,
2594 4583 2709 4650 sed
2751 4593 2985 4666 sponte
3021 4593 3090 4646 et
3122 4581 3316 4658 ultro,
3360 4580 3514 4661 quia
3548 4587 3727 4644 totus
3762 4585 4107 4660 corruptus
4142 4589 4260 4641 est.

2666 4722 2753 4786 X.
2845 4718 3067 4785 Fidem
3113 4739 3242 4783 8338
3285 4739 3363 4780 ex·
3406 4716 3642 4798 spiritu
3684 4720 3908 4782 sancto·

2484 4843 2711 4922 Quum
2768 4851 2986 4905 autem
3043 4847 3298 4903 constet
3351 4836 3712 4901 humanum
3769 4855 3980 4918 genus
4035 4835 4103 4898 in
4166 4847 4259 4899 te-

2310 4930 2530 4996 nebris
2573 4941 2710 4992 tam
2767 4926 2897 4991 alte
2953 4925 3322 4989 demersum
3381 4931 3456 4987 ut
3510 4943 3592 4986 ne
3637 4920 3802 4987 bene
3847 4918 4109 5002 quidem
4151 4940 4260 4986 co-

2309 5018 2523 5101 gitare
2581 5014 2814 5098 possit,
2887 5021 3152 5093 tamque
3209 5031 3248 5073 a
3291 5009 3435 5072 Deo
3480 5026 3786 5072 aversum
3847 5025 3990 5072 esse
4047 5013 4118 5071 ut
4178 5005 4261 5070 ad

2309 5124 2462 5169 eum
2534 5101 2824 5184 aspirare
2892 5107 3200 5179 nequeat,
3272 5094 3427 5159 inde
3496 5093 3818 5176 sequitur,
3889 5093 4103 5157 nullas
4161 5092 4260 5155 illi

2309 5209 2575 5274 prorsus
2619 5204 2958 5268 superesse
3002 5184 3175 5247 vires
3226 5181 3304 5245 ad
3353 5178 3547 5244 fidem
3590 5178 4099 5262 concipiendam,
4145 5177 4260 5244 sed

2310 5296 2456 5341 eam
2517 5281 2814 5356 oportere
2870 5269 3076 5333 creari
3130 5288 3249 5352 per
3322 5266 3629 5350 spiritum
3688 5273 3988 5332 sanctum
4048 5263 4261 5329 homi-

2310 5381 2592 5443 nemque
2638 5357 2716 5422 de
2758 5358 3016 5439 integro
3061 5353 3379 5419 renovari.

432 4853 523 4920 11)
562 4853 812 4921 Epistola
838 4852 1083 4920 magistri
1110 4849 1393 4904 Benedicti
1412 4848 1752 4901 Passavantii
1780 4845 1927 4899 1553.
1984 4846 2207 4912 (Rama,

278 4921 313 4972 Ι.
348 4921 486 4987 191.)
528 4921 829 4976 Recenti&
863 4936 1060 4975 nomen
1096 4918 1455 4973 Passavantci
1487 4917 1683 4971 omisit.

276 4989 436 5044 1007.
465 4990 520 5059 1)
556 4990 646 5045 De
678 4990 962 5048 occasione
993 4989 1159 5043 ham
1192 4989 1386 5056 scripti
1418 4987 1560 5040 nfflil
1593 4987 1731 5040 alibi
1761 4985 2048 5037 maneriae
2076 4997 2205 5051 pro·

276 5059 435 5113 disan
479 5061 791 5129 reperimus.
875 5058 984 5113 Est
1027 5073 1155 5113 vero
1195 5058 1434 5124 primum
1480 5055 1745 5109 indicium
1787 5051 2209 5107 recrudescentis

278 5129 334 5181 de
361 5130 858 5197 praedestinatione
900 5127 1330 5189 controversiae,
1375 5140 1514 5194 quae
1562 5127 1793 5177 maxime
1827 5122 2055 5176 Bolscco
2088 5122 2205 5189 aqi-

276 5203 411 5252 mte
454 5199 551 5253 aab
593 5199 760 5264 finem
806 5199 943 5250 anni
985 5197 1233 5265 apertius
1284 5199 1334 5247 et
1381 5194 1566 5247 acrius
1599 5193 1792 5261 erupit.
1870 5191 2001 5244 Non
2033 5189 2201 5242 solum

286 5263 506 5320 Tot-onii
534 5268 634 5321 ubi
664 5266 755 5320 ille
786 5266 1237 5326 commorabatur,
1285 5277 1471 5316 verum
1517 5261 1678 5315 mam
1727 5259 1939 5314 Vicinos·
1984 5259 2206 5326 fautore

281 5332 623 5403 »So-paulino
657 5334 900 5404 adeoque
930 5334 1270 5388 Lousonna
1309 5329 1571 5384 Calvinus
1604 5345 1731 5384 suos
1764 5329 1995 5385 habebat
2028 5327 2204 5382 Anta-

442 5418 507 5458 as

468 5445 528 5539 25
564 5473 843 5528 Rubrum
874 5473 1115 5539 marma·
1147 5471 1458 5537 adscriptae
1491 5473 1634 5522 nunt„
