4850 6200
498 413 578 474 55
2157 400 2621 470 EPISTULA
2675 402 2832 463 1918
4414 401 4493 461 56

490 602 758 684 partem
800 598 1022 665 animo
1057 595 1394 663 revolvere
1431 598 1626 679 atque
1661 614 1864 678 prope
1898 591 2218 677 colligere.
2280 589 2448 673 Quis

500 704 656 749 vero
699 682 819 748 tali
862 681 1053 749 initio
1096 703 1229 747 non
1270 700 1493 763 parem
1539 681 1789 745 exitum
1834 676 2232 743 divinasset?
2322 677 2449 743 So-

498 771 641 835 lent
683 770 861 834 enim
906 770 1042 835 fere
1102 766 1323 832 omnia
1378 766 1651 848 quodam
1700 775 1972 830 naturae
2017 766 2175 829 vitio
2219 765 2287 827 in
2334 763 2448 826 de-

502 854 709 920 terius
764 853 894 919 labi
947 866 1014 919 et
1062 853 1270 933 (utin
1314 853 1659 935 proverbio
1704 856 1835 931 est)
1896 871 2059 932 quae
2116 849 2286 913 malo
2345 850 2447 912 in-

496 941 737 1007 choata
800 940 934 1004 sint
1008 938 1323 1021 principio
1404 938 1644 1003 bonum
1713 937 1959 1001 exitum
2026 936 2244 999 sortiri
2316 955 2445 998 non

592 1036 793 1092 ssunt.

499 1047 589 1110 P⁰
675 1109 913 1175 Videte
977 1128 1152 1173 nune
1215 1107 1373 1191 quid
1438 1108 1722 1173 feceritis
1744 1160 1757 1183 ‚
1844 1107 1966 1170 viri
2044 1105 2443 1189 evangelici!

500 1194 993 1262 Hemuneulnm
1048 1193 1371 1259 advenam
1428 1204 1497 1259 et
1548 1194 1998 1277 peregrinum,
2061 1190 2449 1274 professioni

500 1292 757 1347 vestrae
798 1280 1213 1363 evangelicae
1266 1289 1334 1343 et
1375 1276 1767 1344 christianae
1811 1278 2069 1343 caritati
2110 1277 2447 1353 confisum,

503 1376 635 1432 tam
693 1366 876 1431 foede
926 1375 996 1430 et
1050 1363 1481 1449 ignominiose
1540 1363 1957 1441 traduxistis,
2017 1374 2153 1427 tam
2198 1361 2335 1426 dire
2380 1373 2450 1427 et

500 1452 876 1517 immaniter
918 1451 1343 1516 exstinxistis.
1411 1448 1516 1515 Ad
1562 1470 1679 1515 vos
1723 1449 1895 1514 ultro
1929 1447 2259 1524 fidentem,
2303 1448 2448 1513 sine

500 1536 808 1615 tumultu,
854 1537 996 1602 sine
1032 1535 1366 1611 seditione,
1412 1537 1552 1601 sine
1587 1537 1826 1600 iniuria
1861 1534 2221 1618 profectum
2258 1553 2446 1597 accu-

504 1623 717 1700 sastis,
765 1621 911 1687 dolo
935 1622 1255 1699 tenuistis,
1302 1619 1668 1687 carceribus
1705 1622 2034 1687 intrusum
2077 1620 2446 1704 peregistis,

501 1719 567 1773 et
612 1708 840 1773 vivum
883 1706 1153 1789 tandem
1211 1707 1387 1771 omni
1442 1707 1852 1771 humanitate
1892 1715 1959 1771 et
2002 1704 2448 1770 misericordia

496 1815 765 1876 prorsus
788 1792 974 1857 exuti
997 1791 1374 1857 ardentibus
1394 1792 1677 1857 flammis
1701 1792 2096 1874 perussistis.
2159 1788 2221 1856 Ο
2257 1813 2446 1874 prae-

499 1879 752 1945 clarum
794 1876 1047 1943 facinus
1092 1876 1291 1942 nullis
1326 1877 1599 1944 saeculis
1634 1877 2049 1942 abolendum!
2119 1876 2450 1943 Haeccine

500 1973 602 2029 est
634 1963 750 2027 illa
784 1962 1143 2029 christiana
1181 1964 1437 2040 caritas,
1476 1963 1780 2029 haeccine
1816 1962 2194 2046 evangelica
2227 1972 2452 2027 vestra

499 2049 839 2132 professio,
899 2067 1092 2131 quam
1139 2048 1447 2115 universo
1490 2048 1631 2113 orbi
1674 2048 2065 2132 persuadere
2109 2056 2451 2130 tantopere

502 2133 909 2201 studebatis?
1010 2134 1336 2198 Docuitne
1391 2154 1509 2199 vos
1576 2134 1877 2199 dominus
1947 2143 2014 2200 et
2078 2134 2450 2216 redemptor

501 2226 724 2285 noster
746 2219 932 2285 Iesus
957 2218 1263 2285 Christus
1301 2220 1395 2286 sic
1438 2220 1509 2284 in
1545 2220 2021 2285 haereticorum
2067 2241 2265 2285 causa
2299 2238 2449 2301 pro-

503 2305 733 2371 cedere
750 2355 765 2383 ,
836 2304 948 2387 qui
1012 2304 1420 2370 haereticum
1476 2305 1556 2370 ab
1622 2305 1896 2371 ecelesia
1946 2303 2321 2388 pellendum
2381 2315 2452 2370 et

502 2393 644 2457 loco
730 2391 980 2455 ethnici
1056 2390 1432 2456 habendum
1510 2389 1964 2473 praemonuit?
2074 2391 2345 2456 Haecne
2411 2410 2452 2453 a

500 2476 728 2554 Paule,
779 2496 930 2541 vase
964 2476 1315 2552 electionis,
1359 2475 1692 2553 didicistis,
1738 2477 1849 2558 qui
1888 2476 2287 2543 haereticum
2332 2475 2450 2540 he-

502 2562 748 2626 minem
805 2582 997 2645 saepe
1054 2561 1449 2627 monendum
1503 2571 1571 2626 et
1612 2561 1954 2627 vitandum
1998 2561 2446 2646 praedicavit?

502 2647 787 2713 Huncne
842 2668 1089 2712 morem
1148 2647 1331 2713 vobis
1374 2648 1673 2731 Ignatius
1691 2699 1706 2727 ,
1752 2648 2082 2727 Irenaeus,
2130 2649 2449 2731 Augusti·-

503 2755 645 2811 nus,
693 2742 759 2798 et
801 2732 1039 2798 caeteri
1083 2744 1303 2816 patres
1348 2732 1691 2799 orthodoxi
1726 2754 1843 2817 per
1885 2756 2119 2799 manus
2164 2732 2449 2798 tradide-

501 2827 688 2897 runt,
790 2821 858 2883 ui
919 2839 1146 2884 veram
1191 2818 1317 2883 Dei
1376 2820 1711 2885 ecclesiam
1772 2821 1909 2901 pati
1967 2840 2101 2883 non
2145 2821 2447 2902 persequi

502 2905 713 2970 solere
804 2906 1101 2977 ixerunt‚
1163 2912 1229 2967 et
1286 2924 1404 2986 pro
1452 2905 1794 2969 haereticis
1848 2906 1954 2988 pie
2006 2905 2342 2979 orandum,
2392 2906 2449 2969 si

500 2991 666 3055 forte
712 3011 830 3072 per
872 2988 1000 3054 Dei
1060 2990 1336 3072 gratiam
1394 2998 1460 3053 et
1518 2990 1986 3072 benignitatem
2032 2990 2113 3053 ad
2160 3002 2449 3054 mentem

500 3087 567 3139 et
630 3076 1094 3157 poenitentiam
1177 3074 1619 3140 reducantur?
1708 3077 1803 3140 At
1865 3075 2095 3140 saltem
2160 3096 2279 3141 vos
2344 3078 2448 3140 in·-

500 3171 756 3226 struere
799 3160 1024 3225 debuit
1066 3161 1328 3243 sapiens
1378 3161 1489 3225 ille
1531 3161 1948 3244 legisperitus
1992 3162 2318 3227 Gamaliel
2362 3183 2450 3226 ex

500 3247 905 3329 principibus
949 3267 1351 3331 synagogae,
1406 3249 1513 3328 qui
1561 3268 1600 3311 a
1643 3248 1964 3330 sanguine
2008 3247 2448 3329 apostolorum

500 3354 745 3395 novam
813 3331 1174 3397 doctrinam
1235 3331 1786 3415 promulgantium
1845 3334 2031 3397 iussit
2100 3335 2449 3416 temperari

502 3429 567 3480 et
615 3438 754 3483 rem
788 3438 1045 3483 omnem
1084 3418 1228 3482 Deo
1264 3418 1601 3494 committi,
1648 3441 1813 3501 qnae
1857 3421 1913 3484 si
1956 3419 2129 3482 mala
2164 3429 2334 3483 esset
2377 3440 2449 3483 se

502 3505 711 3584 ipsam
759 3502 1159 3567 dissolveret.
1228 3503 1463 3568 Nonne
1506 3524 1623 3569 vos
1667 3504 1899 3569 scribis
1944 3513 2011 3569 et
2053 3504 2448 3582 Pharisaeis,

503 3590 557 3652 si
606 3611 733 3654 non
780 3590 1100 3666 mitiores,
1155 3588 1384 3654 saltem
1431 3591 1697 3655 minime
1749 3587 2099 3655 deteriores
2146 3603 2258 3655 aut
2302 3613 2448 3656 cru-

502 3674 779 3740 deliores
823 3697 963 3739 esse
1008 3673 1319 3740 decebat?
1407 3673 1542 3739 Sed
1585 3675 1739 3757 quid
1795 3675 2066 3758 egistis?
2154 3678 2448 3759 Pauper-

500 3760 722 3826 culum
761 3760 972 3824 virum
1020 3761 1099 3824 ab
1136 3761 1437 3826 omnibus
1471 3761 1875 3840 destitutum,
1919 3763 1988 3826 in
2034 3783 2267 3827 manus
2309 3784 2448 3828 ves-

502 3861 637 3910 tras
682 3844 940 3923 datum,
1002 3867 1149 3910 cum
1207 3847 1385 3910 omni
1432 3847 1613 3928 prius
1655 3845 1937 3912 ludibrio
1980 3862 2046 3913 et
2087 3849 2449 3930 ignominia

500 3930 908 4006 traductum,
978 3932 1281 4014 flagranti
1348 3932 1645 3996 incendio
1700 3935 2179 3999 concremastis.
2272 3934 2450 4014 Quid

500 4017 840 4099 evangelio
901 4036 1050 4080 cum
1107 4017 1436 4082 flammis?
1525 4019 1973 4084 Existimastis
2029 4020 2197 4085 forte
2258 4020 2448 4084 illum

500 4105 570 4166 in
638 4110 823 4166 tanta
880 4104 982 4166 sui
1043 4104 1243 4167 animi
1306 4124 1390 4167 an
1482 4103 1607 4168 stia
1667 4114 1731 4167 et
1788 4105 2082 4184 horrere,
2139 4114 2207 4171 et
2262 4105 2449 4170 tanta

502 4187 730 4251 mundi
775 4188 1154 4271 ignominia,
1200 4210 1399 4271 oppro
1446 4189 1558 4267 rie,
1596 4191 1872 4255 saevitia
1904 4201 1970 4255 et
2004 4192 2448 4270 insultatione,

500 4297 541 4336 a
588 4273 1090 4339 clementissimo
1132 4275 1277 4339 Deo
1320 4276 1521 4340 fuisse
1566 4275 1994 4341 derelictum?

674 4359 896 4424 Absit!
1002 4360 1475 4444 Expendamus
1533 4381 1797 4426 eausam
1865 4363 2112 4427 mortis.
2222 4362 2446 4428 Unum

500 4445 711 4510 solum
747 4445 966 4510 Deum
1010 4466 1150 4511 esse
1186 4445 1456 4525 dicebat,
1494 4456 1746 4529 patrem
1791 4447 1979 4513 illum
2001 4449 2272 4513 Domini
2293 4448 2448 4514 Iesu

498 4530 754 4597 Christi
812 4552 849 4595 a
907 4552 1032 4613 quo
1089 4540 1246 4597 sunt
1302 4534 1534 4597 omnia.
1640 4536 1859 4616 Atque
1905 4535 2028 4600 hoc
2088 4535 2263 4599 filius
2309 4536 2447 4617 ipse

496 4619 744 4682 fatetur
788 4626 856 4681 et
898 4617 1153 4682 Paulus
1211 4617 1449 4683 diserte
1511 4628 1807 4685 testatur.
1897 4620 2210 4686 Vestrum
2257 4621 2445 4684 trini-

498 4704 659 4767 tatis
683 4725 915 4766 nomen
943 4702 1270 4769 irridebat.
1332 4705 1602 4769 Merito:
1643 4726 1844 4787 quum
1870 4716 1935 4769 et
1958 4726 2194 4770 nomen
2220 4706 2448 4789 imagi-

504 4793 764 4853 narium
811 4799 880 4853 et
922 4789 1276 4854 femineum
1323 4791 1426 4866 sit,
1465 4804 1532 4854 et
1558 4811 1712 4855 vero
1734 4792 1879 4855 Deo
1906 4790 2447 4857 contumeliosum

506 4874 617 4958 qui
664 4895 785 4940 nec
829 4883 1054 4942 sancta
1098 4896 1220 4941 nec
1264 4874 1380 4940 dea
1436 4877 1700 4941 trinitas
1755 4876 2140 4960 appellatur,
2182 4896 2305 4941 nec
2329 4877 2444 4940 tri-

498 4960 679 5040 plex,
718 4981 836 5026 nec
860 4960 1225 5038 trinomius,
1275 4981 1391 5027 nec
1414 4962 1683 5038 divisus,
1732 4983 1853 5026 nec
1888 4962 2283 5044 compositus
2326 4970 2446 5039 est,

480 5053 581 5109 nit
622 5065 705 5109 ex
752 5047 949 5110 sacris
994 5046 1202 5111 literis
1245 5045 1491 5113 discere
1548 5048 1874 5131 potuistis.
1961 5047 2190 5112 Unum
2235 5048 2450 5112 solum

496 5132 701 5195 nnius
735 5130 1036 5197 altissimi
1081 5133 1208 5198 Dei
1254 5132 1461 5198 filium
1520 5133 1910 5218 agnoscebat
1952 5132 2175 5198 Iesum
2220 5131 2450 5198 Chris-

496 5226 668 5294 tum,
714 5237 795 5281 ex
838 5217 903 5282 vi
989 5219 1093 5282 'ne
1137 5225 1389 5294 natum,
1448 5239 1487 5284 a
1530 5217 1796 5285 Iudaeis
1850 5218 2273 5294 crucifixum,
2334 5219 2453 5283 hu-

498 5304 681 5370 mani
744 5324 1004 5388 genens
1062 5302 1561 5386 redemptorem.
1653 5305 1861 5387 Atqui
1917 5303 2042 5370 hoc
2097 5311 2199 5369 est
2254 5305 2453 5369 totius

2554 591 2949 657 christianae
2982 587 3316 673 religionis
3339 587 3858 665 fundamentum,
3898 607 4110 670 neque
4144 584 4499 671 quidquam

2554 675 2733 741 aliud
2822 676 3130 759 rophetae
3147 725 3163 753 ,
3219 673 3495 758 apostoli
3549 684 3617 737 et
3659 671 3932 739 ecelesia
3984 681 4208 739 sancta
4252 680 4499 737 testan-

2554 774 2677 825 tur.
2768 698 2945 843 &uid
2988 757 3231 845 igitur?
3292 758 3447 841 quid
3492 759 3671 824 aliud
3716 757 3932 823 dicere
3975 778 4323 840 possumus
4367 758 4500 823 nisi

2553 846 2716 912 illud
2762 847 3126 912 ethnicum:
3190 845 3387 910 Omne
3434 846 3504 909 in
3545 845 3884 927 praecipiti
3935 845 4158 909 vitium
4201 843 4364 909 stetit
4381 844 4416 908 ‚2
4442 846 4496 925 ⁸)

2555 931 2615 997 Ο
2686 933 2742 997 si
2822 940 3083 998 tantum
3151 930 3527 996 iracundiae
3594 940 3846 995 aestum
3917 929 4132 1013 aliqua
4208 928 4498 994 lenitatis

2552 1018 2864 1101 temperie
2899 1017 3200 1101 mitigare
3221 1016 3612 1093 voluissetis,
3650 1017 3703 1081 si
3739 1016 4020 1080 calorem
4044 1015 4230 1079 illum
4260 1016 4499 1079 animis

2553 1103 2970 1169 ebullientem
3016 1114 3146 1168 tem
3195 1104 3325 1166 oris
3362 1103 3573 1185 spatio
3608 1103 3980 1185 refrigerari
4015 1101 4494 1184 permisissetis,

2552 1190 2606 1254 si
2662 1198 2799 1254 tam
2844 1189 3060 1254 ultrici
3102 1188 3151 1252 li
3194 1187 3356 1251 idini
3412 1189 3636 1252 fraena
3688 1209 3821 1252 non
3865 1188 4239 1261 laxassetis,
4298 1207 4499 1268 quam

2553 1275 2748 1340 alieni
2791 1296 2966 1339 nunc
3025 1273 3106 1339 ab
3161 1293 3237 1337 ea
3294 1271 3624 1339 occidendi
3678 1272 3963 1338 hominis
4022 1272 4299 1337 saevitia
4357 1274 4498 1336 sive

2552 1362 2879 1426 sententia
2916 1358 3332 1425 videremini!
3421 1359 3598 1423 Num
3645 1359 4077 1441 pauperculus
4121 1358 4232 1423 ille
4271 1378 4500 1423 verum

2550 1448 2766 1512 Deum
2811 1445 3092 1528 negabat
3133 1466 3326 1528 quem
3370 1446 3558 1509 unice
3602 1443 3953 1509 tuebatur?
4001 1466 4158 1508 num
4187 1441 4316 1507 Dei
4361 1442 4498 1507 filio

2553 1532 2958 1598 seductorem
2978 1530 3427 1596 Maumethem
3451 1529 3873 1612 praeferebat,
3909 1531 4021 1612 qui
4044 1529 4254 1595 solum
4275 1529 4499 1594 Iesum

2552 1617 2892 1683 Christum
2952 1617 3334 1682 crucifixum
3407 1624 3818 1699 agnosceret,
3877 1617 3945 1679 in
4011 1615 4203 1680 corde
4263 1623 4326 1678 et
4386 1636 4498 1679 ore

2552 1725 2808 1785 semper
2850 1701 3136 1779 haberet,
3181 1702 3392 1767 solum
3436 1701 3855 1784 praedicaret,
3899 1701 3968 1766 in
4015 1722 4090 1766 eo
4136 1700 4271 1765 solo
4315 1721 4500 1783 spem

2552 1797 2618 1854 et
2660 1789 2961 1854 fiduciam
3020 1808 3279 1853 omnem
3334 1786 3722 1871 reponeret?
3808 1786 4004 1868 Quod
4060 1788 4116 1852 si
4171 1785 4500 1851 diversam

2551 1876 2917 1958 opinionem
2977 1874 3151 1940 circa
3202 1894 3441 1938 nomen
3494 1871 3657 1937 illud
3702 1873 4013 1937 trinitatis
4056 1878 4123 1936 et
4168 1872 4348 1937 verbi
4397 1873 4498 1934 in-

2553 1961 3080 2044 terpretationem
3136 1960 3274 2025 sive
3332 1959 3836 2025 declarationem
3882 1981 3920 2023 a
3976 1958 4302 2023 communi
4347 1957 4497 2022 doc-

2553 2055 2769 2112 torum
2805 2045 3130 2111 sententia
3165 2067 3203 2110 a
3239 2044 3423 2110 vobis
3458 2065 3712 2127 quoque
3748 2052 4009 2127 recepta
4043 2056 4108 2108 et
4144 2041 4500 2126 approbata

2552 2141 2963 2216 conceperat,
3025 2152 3216 2215 quam
3277 2131 3601 2213 scriptura
3657 2142 3723 2195 et
3779 2130 4142 2196 rationibus
4198 2150 4269 2195 se
4331 2130 4500 2193 tueri

2555 2238 2743 2300 posse
2802 2226 2865 2283 et
2924 2215 3156 2282 debere
3213 2217 3544 2299 sperabat,
3620 2224 3848 2281 eratne
3907 2224 4038 2280 tam
4107 2225 4374 2298 repente
4435 2226 4501 2279 et

2553 2304 2890 2385 praecipiti
2925 2303 3161 2369 iudicio
3197 2301 3610 2368 damnandus
3649 2311 3713 2365 et
3733 2300 4060 2367 horrendo
4083 2302 4500 2365 flammarum

2554 2388 2890 2472 supplicio,
2929 2389 3314 2472 praesertim
3351 2388 3423 2451 in
3461 2387 3838 2471 evangeliea
3873 2395 3941 2451 et
3973 2386 4178 2452 libera
4214 2388 4497 2463 civitate,

2553 2481 2688 2539 tam
2733 2474 3107 2539 immaniter
3150 2484 3215 2537 et
3257 2474 3685 2557 ignominiose
3731 2471 4132 2537 tradendus?
4205 2472 4337 2538 Ubi
4384 2494 4499 2556 pa·

2553 2566 2730 2625 trum
2773 2568 2839 2625 et
2873 2580 3211 2643 procerum
3249 2558 3538 2643 synodus
3574 2566 3938 2633 convocata,
3985 2560 4094 2640 qui
4131 2557 4212 2622 de
4249 2580 4319 2623 re
4365 2566 4500 2623 tam

2555 2645 2763 2711 ardua
2818 2654 2884 2710 et
2953 2647 3122 2712 seria
3191 2654 3447 2710 mature
3505 2644 3928 2729 dispicerent,
3996 2645 4172 2709 omni
4231 2642 4376 2708 odio
4435 2656 4500 2707 et

2554 2732 2859 2797 humanis
2903 2730 3255 2808 affectibus,
3302 2752 3416 2796 seu
3453 2739 3556 2808 (ut
3591 2731 3930 2814 vulgarius
3968 2731 4207 2811 dicam)
4255 2731 4500 2813 passio-

2555 2819 2749 2884 nibus
2822 2817 3023 2882 animi
3093 2817 3644 2900 circumscriptis?
3767 2816 3900 2881 Vos
3968 2818 4092 2899 ipsi
4163 2817 4230 2880 in
4308 2818 4502 2880 unius

2554 2903 2884 2969 animulae
2929 2903 3266 2968 interitum
3324 2912 3390 2966 et
3434 2915 3839 2968 accusatores
3885 2911 3950 2966 et
3993 2902 4240 2968 scribae
4287 2914 4350 2965 et
4401 2903 4499 2965 iu·

2553 2989 2728 3054 dices
2774 3000 2839 3052 et
2881 2999 3345 3072 exsequutores
3386 2988 3620 3052 fuistis.
3708 2989 3946 3064 Dicite,
4000 3009 4257 3071 quaese,
4305 3009 4501 3070 quem

2553 3074 2648 3140 illi
2693 3074 3058 3142 carceribus
3103 3074 3351 3141 incluso
3389 3082 3732 3155 patronum
3777 3083 3891 3139 aut
3936 3072 4342 3140 defensorem
4388 3074 4502 3138 de-

2554 3158 2898 3227 crevistis?
2959 3182 3150 3242 quam
3211 3160 3306 3223 illi
3361 3160 3731 3225 libertatem
3776 3162 4038 3243 impune
4083 3158 4390 3243 loquendi
4435 3177 4500 3223 et

2553 3248 2836 3312 rationes
2893 3267 3045 3310 suas
3103 3244 3475 3328 proferendi
3533 3245 3821 3312 fecistis?
3913 3248 4004 3311 At
4046 3245 4298 3311 dicetis:
4368 3245 4498 3310 dis-

2553 3333 2809 3415 putavit
2853 3331 3051 3397 nullis
3099 3331 3371 3397 vinculis
3416 3331 3741 3414 alligatus,
3789 3333 3992 3397 libere
4030 3332 4334 3414 loquutus
4378 3345 4499 3406 est,

2554 3418 2722 3483 dixit
2771 3439 2936 3499 quae
2979 3418 3204 3496 voluit,
3265 3417 3484 3483 omnia
3542 3429 3728 3501 gesta
3782 3418 4061 3483 fideliter
4121 3431 4389 3500 excepta
4435 3433 4500 3480 et

2554 3504 2697 3568 aliis
2742 3505 3026 3569 eeclesiis
3071 3504 3473 3580 transmissa,
3535 3525 3684 3569 reus
3743 3505 3972 3568 mortis
4017 3502 4334 3569 iudicatus
4381 3521 4498 3578 est,

2554 3589 2716 3654 benc
2772 3589 2986 3666 habet,
3049 3588 3384 3673 tragoedia
3439 3589 3727 3678 legitime
3787 3599 4050 3672 peracta
4094 3599 4207 3654 est.
4292 3586 4495 3668 Quasi

2551 3697 2710 3742 vero
2755 3696 3016 3741 causam
3063 3697 3250 3740 suam
3305 3676 3506 3741 libere
3564 3675 3804 3740 dixerit
3846 3677 3957 3758 qui
4011 3676 4313 3740 continue
4358 3696 4500 3738 car-

2553 3760 2805 3827 ceribus
2864 3760 3200 3840 detentuS,
3275 3760 3520 3826 nullius
3590 3762 3854 3843 patroni
3929 3771 4044 3826 aut
4113 3758 4498 3825 confidentis

2553 3848 2863 3931 suffragio
2920 3847 3212 3922 adiutus,
3288 3849 3407 3912 sub
3466 3845 3792 3911 iudicibus
3851 3848 4186 3930 suspectis,
4245 3847 4373 3909 imo
4435 3859 4498 3908 et

2552 3934 2816 4015 capitali
2861 3933 3046 3997 illum
3092 3933 3235 3998 odio
3280 3933 3822 4015 prosequentibus
3858 3939 3925 3998 et
3967 3941 4151 4016 gesta
4197 3943 4266 3996 ut
4309 3932 4502 3995 libuit

2551 4019 3125 4097 conscribentibus,
3164 4019 3345 4083 nullo
3381 4040 3496 4101 pro
3532 4019 3791 4100 captivo
3815 4028 4147 4101 gestorum
4171 4017 4499 4099 couscrip-

2553 4107 2712 4170 tioni
2766 4105 3108 4169 assistente
3163 4106 3264 4170 vel
3311 4102 3778 4178 intercedente,
3827 4104 4074 4170 nullius
4135 4104 4324 4168 amici
4384 4123 4500 4167 seu

2553 4191 2910 4256 defensoris
2945 4191 3303 4273 patrocinio
3337 4189 3558 4265 fultus,
3605 4209 3884 4271 quocum
3921 4191 4121 4254 animi
4160 4190 4259 4253 sui
4307 4189 4500 4252 affec-

2551 4287 2658 4340 tus
2703 4287 2769 4340 et
2804 4276 3088 4340 rationes
3131 4274 3541 4340 miserandus
3577 4289 3950 4358 exponeret.
4018 4274 4196 4356 Quid
4242 4273 4496 4340 dic-am?

2553 4361 2863 4426 Breviter
2905 4371 3152 4443 repeto:
3212 4380 3476 4426 causam
3503 4363 3704 4425 'suam
3749 4362 3953 4426 libere
3999 4361 4165 4426 dixit
4208 4361 4316 4444 qui
4360 4378 4500 4423 eos-

2554 4446 2703 4510 dem
2747 4461 2813 4511 et
2855 4447 3165 4530 capitales
3208 4447 3505 4511 inimicos
3560 4454 3626 4510 et
3683 4457 4089 4513 accusatores
4146 4456 4213 4511 et
4257 4446 4501 4511 scribas

2553 4543 2620 4597 et
2662 4532 2907 4598 iudices
2953 4532 3186 4598 habuit
3219 4543 3284 4598 et
3327 4533 3837 4614 exsequutores?
3885 4534 4028 4615 quis
4063 4533 4192 4596 iam
4232 4531 4498 4598 dubitet.

2552 4618 2673 4683 sub
2717 4618 2930 4682 colore
2974 4628 3041 4683 et
3084 4627 3429 4701 praetextu
3473 4618 3677 4683 divini
3735 4619 3857 4683 zeli
3913 4627 3980 4684 et
4023 4617 4315 4701 publicae
4357 4619 4504 4680 vin·

2554 4703 2765 4769 dictae
2841 4706 3165 4786 privatam
3244 4704 3562 4770 ultionem
3640 4726 3770 4769 nen
3841 4704 4044 4769 fuisse
4122 4701 4498 4786 peractam?

2553 4788 2742 4870 Quae
2784 4789 2910 4854 alia
2968 4789 3347 4874 evangelica
3391 4789 3623 4855 civitas
3684 4791 3794 4856 vel
3851 4790 4122 4858 ecclesia
4177 4789 4504 4854 advenam

2552 4885 2621 4941 et
2663 4877 3085 4960 peregrinum
3130 4876 3364 4952 virum,
3410 4877 3706 4958 quamvis
3741 4875 4284 4950 haeresiarcham,
4331 4872 4501 4937 nihil

2554 4970 2777 5025 tamen
2821 4964 2891 5026 in
2934 4983 3013 5027 ea
3055 4963 3322 5026 civitate
3366 4971 3739 5027 moventem
3757 5013 3772 5040 ,
3827 4965 4015 5026 tanta
4072 4960 4342 5044 perfidia
4387 4959 4501 5024 de-

2554 5048 2876 5126 tinuisset,
2922 5057 3056 5112 tam
3092 5048 3430 5131 praecipiti
3465 5047 3704 5113 iudicio
3741 5046 4135 5126 damnasset,
4180 5056 4313 5111 tam
4361 5046 4501 5109 diro

2762 5320 2817 5385 8)
2853 5321 3100 5376 Iuvenal.
3141 5319 3255 5376 Sat.
3293 5321 3332 5375 1.
3373 5318 3486 5377 149.
