4850 6200
316 619 808 686 Genevensium
846 617 954 682 hic
990 639 1168 685 nunc
1203 634 1304 684 est
1338 618 1561 701 ampla
1595 619 1853 702 legatio.
1906 617 2152 702 Agitur
2186 617 2267 684 de

313 705 751 771 continuando
784 703 1064 769 foedere.
1137 703 1471 769 Videntur
1503 725 1636 769 non
1674 725 1862 787 posse
1897 703 2266 780 convenire,

313 802 380 857 et
411 790 605 857 valde
652 792 963 855 timemus
998 811 1228 855 omnes
1271 811 1356 855 ne
1391 790 1563 856 nihil
1596 791 1730 869 fiat,
1776 790 2060 874 indeque
2094 792 2265 855 oria·

309 885 420 942 tur
475 879 799 961 gravioris
859 875 1112 941 dissidii
1153 876 1431 940 materia
1473 885 1542 941 et
1583 879 1851 943 occasio.
1925 875 2102 942 Sunt
2143 897 2261 942 ne-

308 963 581 1030 bulones
614 964 728 1049 qui
770 961 1075 1044 frigidam
1120 982 1381 1045 semper
1422 961 1823 1028 suffundant.
1902 963 2264 1028 Praesente

309 1050 484 1115 enim
544 1069 756 1132 nuper
811 1048 920 1114 hic
979 1049 1369 1132 Lysmcminc
1422 1049 1690 1131 quidam
1746 1048 1858 1133 qui
1911 1069 1982 1113 se
2038 1047 2262 1113 Gene-

308 1156 572 1202 vensem
619 1136 988 1200 nominavit
1028 1135 1307 1199 alterum
1355 1133 1732 1217 Lysmanini
1788 1134 2109 1200 famulum
2154 1155 2260 1200 oc-

308 1221 483 1288 culte
537 1223 802 1305 rogavit
852 1231 954 1299 ut,
1013 1221 1319 1304 quoniam
1377 1219 1461 1285 ad
1508 1219 1839 1286 Calvinum
1891 1220 2260 1303 proficisce-

305 1317 512 1386 retur,
568 1307 819 1374 diceret
875 1308 956 1385 ei,
1009 1307 1214 1373 libros
1272 1327 1424 1372 suos
1470 1306 1731 1371 Bernae
1783 1327 1926 1371 esse
1969 1314 2257 1371 exustos.

303 1392 430 1460 Ille
475 1393 819 1477 perculsus
862 1414 969 1458 me
1015 1391 1096 1458 de
1138 1413 1218 1457 ea
1255 1413 1330 1457 re
1371 1393 1652 1476 rogavit.
1727 1390 1950 1473 Quum
1987 1411 2109 1476 ego
2145 1413 2260 1456 ne-

303 1500 564 1565 garem,
638 1478 1089 1545 intelleximus
1149 1478 1581 1562 proditoriam
1650 1478 1851 1543 huius
1912 1477 2261 1543 nebulonis

304 1566 649 1632 consilium
672 1618 687 1645 ,
755 1586 883 1647 quo
940 1565 1274 1632 Calvinum
1333 1565 1459 1630 hoc
1524 1565 1766 1630 nuncio
1830 1564 2079 1630 incerto
2143 1585 2263 1647 per

303 1663 557 1718 certum
603 1652 936 1717 hominem
993 1652 1334 1736 exagitare
1376 1650 1608 1715 voluit.
1681 1650 1905 1731 Quum
1950 1670 2107 1714 vero
2152 1669 2260 1714 ro·

303 1759 534 1824 garem
590 1748 667 1803 nt
723 1737 1101 1803 ostenderet
1152 1736 1320 1801 mibi
1378 1736 1736 1813 hominem,
1795 1735 2083 1802 inveniri
2127 1755 2262 1800 non

300 1825 539 1908 potuit.
611 1822 955 1904 Quantum
989 1843 1148 1890 vero
1182 1823 1575 1888 coniecturis
1610 1822 1868 1903 assequi
1910 1825 2261 1905 potuimus,

301 1931 480 1976 unus
547 1920 650 1975 est
710 1931 793 1974 ex
858 1909 1225 1976 secretariis
1290 1910 1402 1991 qui
1468 1908 1706 1992 legatis
1762 1908 2261 1974 Genevensium

301 1997 634 2062 coniuncti
677 2004 851 2061 sunt.
881 1996 932 2080 ¹)
1001 1995 1197 2061 Tales
1242 1995 1603 2060 nebulones
1647 2006 1713 2061 et
1755 1994 2262 2060 calumniatores

298 2081 651 2148 mendaces
685 2082 1042 2165 plurimum
1082 2082 1389 2163 utrinque
1425 2090 1658 2146 serunt
1693 2078 1960 2146 dissidii.
2030 2081 2261 2145 Domi-

300 2184 429 2234 nus
488 2168 830 2233 exscindat
886 2168 1151 2252 linguas
1209 2188 1455 2233 eorum.
1540 2167 1724 2232 Haec
1781 2165 1975 2231 modo
2033 2166 2115 2231 ad
2174 2174 2256 2231 te.

297 2254 512 2320 Plura
548 2275 722 2321 nunc
757 2275 889 2319 non
925 2253 1153 2319 habeo.
1197 2287 1277 2299 -—
1314 2289 1398 2301 ——
1439 2290 1516 2301 -·
1558 2291 1635 2300 -·
1684 2252 1946 2318 Bernae
1987 2258 2083 2317 14.
2125 2252 2260 2317 De-

297 2341 581 2406 cembris
633 2345 816 2406 1555.

1226 2475 1508 2542 Ioannes
1550 2475 1870 2541 Hallerus
1913 2485 2084 2542 tuus.

1185 3023 1383 3095 2859.

694 3182 837 3249 ΜΠ
837 3180 1017 3249 SOU
1018 3180 1199 3249 LUS
1241 3178 1883 3248 BULLINGERO.

476 3353 898 3421 Dismcminus
956 3354 1177 3419 Berna
1243 3354 1518 3419 transiit.
1613 3349 1898 3419 Consilia
1952 3351 2028 3417 de
2083 3371 2258 3417 reno-

291 3442 507 3509 vando
545 3442 787 3522 foedere
819 3460 1062 3521 parum
1093 3440 1430 3523 procedere
1473 3438 1778 3504 videntur.

290 3615 664 3683 (Excerptum
708 3628 778 3667 ex
823 3611 1161 3682 autographo
1196 3609 1421 3664 Archiv.
1458 3609 1631 3663 Turio.
1667 3610 1813 3663 Plut.
1852 3609 1946 3664 VI.
1984 3609 2102 3664 Vol.
2139 3607 2259 3681 153,

345 3684 485 3739 olim
521 3683 693 3738 Scrin.
728 3682 790 3737 Β.
826 3682 967 3752 Epp.
1004 3681 1155 3735 Tom.
1191 3677 1278 3743 31,
1312 3679 1402 3733 fol.
1438 3677 1559 3732 207.
1597 3707 1663 3718 -
1702 3678 1900 3734 Simler
1930 3677 2051 3735 Vol.
2086 3677 2203 3747 86.)

474 3852 859 3920 Clarissimo
910 3853 1053 3917 viro
1097 3850 1191 3916 M.
1236 3849 1605 3917 Heinricho
1649 3849 2037 3935 Bullingero
2081 3870 2256 3917 oom-

292 3940 476 4026 patri
519 3961 637 4006 suo
679 3941 752 4004 in
792 3938 1079 4003 Domino
1123 3937 1481 4003 carissimO.

1839 4021 2084 4107 Tiguri.

293 4283 600 4351 Transiit
641 4305 758 4367 per
801 4304 922 4349 nos
952 4281 1349 4346 Franciscus
1374 4280 1824 4364 Isysmaninus,
1869 4301 2258 4347 reversurus

293 4379 378 4437 ut
419 4370 737 4454 promisit.
810 4366 949 4434 Oro
993 4368 1357 4433 Dominum
1404 4375 1476 4432 ut
1513 4367 1995 4433 Antichristum
2036 4389 2073 4434 e
2117 4377 2257 4432 tota

290 4455 577 4524 Polonia
619 4456 1034 4519 exterminet.
1113 4454 1403 4520 Multum
1448 4451 1662 4518 adhuc
1706 4453 1953 4538 negotii
1996 4453 2254 4519 incum-

291 4544 411 4611 bet
451 4539 766 4606 fratribus
810 4541 926 4623 qui
969 4561 1175 4624 regno
1210 4540 1467 4606 Christi
1509 4538 1644 4605 illic
1689 4539 2077 4619 inserviunt,
2121 4561 2255 4605 non

291 4627 494 4696 modo
538 4647 578 4690 a
620 4626 896 4710 papistis
939 4626 1054 4690 sed
1099 4638 1165 4691 et
1206 4647 1247 4691 a
1301 4626 1482 4691 falsis
1536 4625 1848 4690 fratribus
1892 4625 1975 4691 ad
2031 4647 2255 4692 seren-

293 4715 417 4782 das
454 4714 905 4779 contentiones
939 4712 1130 4777 natis.
1203 4711 1428 4792 Quare
1462 4711 1787 4777 orandum
1821 4733 1943 4796 pro
1979 4711 2113 4779 illis
2153 4719 2258 4779 est

290 4799 764 4867 indesinenter.
807 4832 1616 4847 ———————

473 4884 692 4951 Hodie
747 4893 1019 4969 propter
1074 4883 1503 4950 Genevenses
1574 4884 1838 4951 habitus
1895 4891 1995 4950 est
2046 4883 2256 4949 maior

293 4980 570 5039 senatus
647 4972 719 5037 in
796 4991 997 5037 causa
1073 4970 1494 5036 renovandae
1558 4970 1903 5036 societatis.
2000 4969 2257 5035 Verum

297 5211 488 5267 2858.
509 5209 569 5274 1)
609 5209 753 5265 Ecce
767 5211 968 5282 ubique
993 5210 1143 5279 odia,
1161 5210 1484 5277 calumniae,
1506 5211 1861 5280 suspiciones,
1887 5209 2128 5280 adeoque
2142 5210 2257 5265 ian·

294 5280 655 5349 apertissima
686 5281 989 5336 mendacia-

2016 348 2181 409 1555
2226 343 2637 415 DEomffl.

4197 352 4325 414 890

2370 533 2541 598 nihil
2597 534 2913 609 efficitur,
2937 536 3065 601 nisi
3123 536 3335 603 fallar.
3425 537 3677 603 Nolunt
3718 526 3898 602 enim
3952 537 4052 602 illi
4094 537 4324 605 cedere

2370 619 2437 683 in
2485 640 2682 687 causa
2727 620 2807 686 de
2851 643 2982 704 qua
3023 625 3233 689 nostri
3279 644 3364 687 ne
3406 625 3682 690 verbum
3741 623 4000 707 quidem
4046 624 4189 689 fieri
4234 626 4320 690 si·

2370 715 2559 771 nunt.
2643 707 2906 774 Bernae
2948 731 3061 774 xv.
3108 708 3453 775 Decembr.
3510 715 3690 774 1555.

3509 847 3755 931 Wolfg.
3802 847 4148 913 Masculus

3511 948 3669 999 tuus
3713 933 3782 996 in
3827 931 4134 999 Domin0.

3128 1241 3531 1253 -ὓσ--ι-

3240 1512 3444 1583 2360.

2924 1664 3284 1734 LASOUS
3331 1665 3763 1733 CALVINO.

2545 1837 2795 1902 Turbae
2849 1837 3125 1902 nondum
3187 1840 3619 1919 conquiescunt
3678 1844 3734 1904 et
3798 1845 3927 1906 tum
3990 1843 4127 1922 ipse
4188 1847 4321 1908 tum

2370 1923 2850 2008 Glauburyerus
2875 1920 3208 1988 Calvinum
3242 1929 3463 2006 royant
3494 1929 3563 1988 ut
3596 1925 3803 1991 literis
3836 1928 3922 1992 ad
3952 1929 4322 2011 pereyrinos

2352 2011 2605 2094 pariter
2670 2029 2746 2076 ac
2819 2010 2994 2089 ipsos
3058 2008 3623 2089 Francofurtenses
3689 2014 4010 2079 minim-os·
4065 2016 4321 2096 scriptis

2362 2096 2756 2162 concordiam
2795 2114 3151 2177 promovere
3202 2097 3464 2160 studeat.
3560 2096 3865 2166 Pollanus
3904 2122 4031 2167 non
4073 2103 4323 2167 omnino

2361 2182 2780 2260 damnandus,
2826 2182 2951 2246 imo
2993 2181 3393 2263 aliquatenus
3433 2182 3870 2263 defendendus,

2364 2355 2477 2420 (Ex
2513 2351 2853 2424 autographo
2889 2351 3019 2406 Cod.
3046 2351 3209 2407 Goth.
3233 2351 3354 2421 405,
3390 2354 3484 2407 fol.
3521 2351 3608 2409 74.
3650 2383 3712 2393 -
3748 2355 3958 2410 Gordos
3982 2359 4134 2413 Miso.
4165 2362 4230 2416 11.
4266 2363 4319 2428 2,

2939 2438 2995 2491 p.
3032 2419 3149 2476 707.
3221 2422 3454 2493 Kuyper
3488 2422 3556 2476 ΙΙ.
3594 2421 3733 2489 714.)

2539 2594 2768 2676 Quum
2801 2594 3100 2676 proxime
3123 2592 3206 2659 ad
3242 2600 3308 2659 te
3342 2595 3713 2673 scriberem,
3750 2596 3856 2660 vir
3890 2600 4316 2681 sanctissime,

2364 2681 2645 2748 vixdum
2689 2680 2913 2745 literas
2959 2700 3140 2745 meas
3196 2680 3611 2746 absolveram
3655 2702 3854 2764 quum
3900 2705 4007 2749 me
4048 2686 4318 2755 morbus

2362 2789 2631 2833 rursum
2675 2786 2864 2831 meus
2900 2771 2948 2841 ¹)
3003 2766 3098 2830 ita
3142 2766 3499 2850 corriperet
3541 2776 3620 2832 ut
3660 2789 3790 2832 non
3834 2772 4078 2852 possim
4123 2773 4317 2856 plane

2363 2853 2576 2918 literis
2628 2853 2796 2918 meis
2849 2850 3185 2918 includere
3242 2854 3580 2936 exemplar
3634 2854 3948 2937 epistolae
3990 2877 4176 2923 meae
4233 2861 4319 2925 ad

2361 2940 2620 3024 Regem
2655 2958 2881 3003 meum
2914 2939 3213 3022 scriptae,
3259 2936 3340 3004 de
3375 2960 3501 3022 quo
3536 2937 3619 3004 ad
3661 2948 3731 3005 te
3774 2940 4157 3025 scribebam,
4201 2946 4318 3012 sed

2363 3034 2626 3092 coactus
2683 3025 2809 3089 sim
2868 3024 3059 3089 alteri
3116 3022 3276 3090 dare
3331 3025 3669 3110 negotium
3714 3033 3795 3091 ut
3837 3027 3921 3092 ad
3976 3036 4046 3093 te
4096 3037 4319 3100 trans-

2361 3113 2674 3178 mitteret.
2762 3110 2958 3177 Nuno
3000 3132 3157 3178 vero
3199 3133 3319 3194 per
3358 3111 3554 3179 hosce
3596 3111 3822 3180 decem
3867 3125 3981 3179 aut
4034 3118 4319 3202 amplius

2363 3199 2505 3264 dies
2560 3198 2802 3264 rectius
2853 3219 3117 3264 rursum
3160 3198 3369 3276 valui,
3430 3198 3546 3264 sed
3601 3201 3848 3266 sentire
3886 3202 4054 3267 mihi
4099 3202 4317 3272 denuo

2364 3284 2597 3350 videor
2652 3284 2926 3350 redituri
2985 3284 3121 3349 iam
3176 3284 3388 3350 morbi
3443 3284 3718 3352 indicia:
3778 3288 3999 3371 itaque
4054 3288 4318 3358 brevior

2360 3392 2504 3437 esse
2547 3390 2763 3456 cogor.

2533 3457 2796 3522 'I'urbae
2860 3455 2970 3523 hic
3045 3463 3308 3522 nostrae
3335 3458 3394 3540 ²)
3457 3457 3748 3523 nondum
3830 3462 4315 3545 conquiescunt,

2360 3541 2478 3608 sed
2520 3543 2594 3607 in
2638 3541 2777 3607 dies
2821 3564 2893 3608 se
2946 3550 3170 3608 tamen
3213 3544 3427 3626 magis
3471 3564 3548 3608 ac
3591 3543 3804 3629 magis
3845 3546 4065 3629 prodit
4108 3554 4315 3615 teme-

2361 3629 2524 3694 ritas
2563 3626 2991 3712 quorundam.
3051 3630 3134 3694 D.
3167 3627 3248 3694 de
3288 3628 3611 3694 Secchellis
3646 3631 3853 3696 vicem
3890 3631 4095 3713 doleo,
4140 3635 4315 3717 quod

2357 3734 2592 3799 passus
2653 3715 2740 3780 sit
2796 3736 2867 3780 se
2925 3734 3003 3780 eo
3063 3713 3358 3798 protrudi
3417 3713 3696 3780 aliorum
3760 3718 4311 3802 instigationibus.

2358 3801 2525 3866 Esto
2568 3801 2764 3879 enim,
2822 3799 3129 3867 habuerit
3179 3800 3251 3865 in
3309 3800 3544 3883 quibus
3605 3801 4037 3871 Valerandum
4076 3809 4314 3874 merito

2359 3894 2425 3952 et
2460 3887 2752 3970 graviter
2787 3885 3317 3969 reprehenderet,
3342 3886 3396 3971 ³)
3432 3888 3980 3969 quemadmodum
4002 3912 4124 3975 ego
4154 3913 4315 3958 sane

2357 3992 2467 4037 me
2522 3973 2548 4037 i
2594 3993 2762 4051 snm,
2828 3982 2905 4038 ut
2962 3974 3043 4040 de
3101 3973 3246 4038 aliis
3302 3975 3577 4051 taceam,
3645 3975 3871 4039 multis
3928 3985 3998 4041 et
4053 3980 4314 4062 magnis

2358 4078 2552 4141 repre
2602 4058 2978 4125 ensionibus
3056 4057 3333 4142 dignum
3408 4078 3553 4124 esse
3630 4080 3928 4145 agnosco.
4023 4063 4316 4128 Multum

2356 4146 2636 4210 interest
2711 4144 2981 4213 interim
3043 4144 3497 4229 corrigendiue
3562 4165 3649 4210 an
3716 4167 3871 4213 vero
3946 4146 4316 4214 infamandi

2359 4230 2578 4295 animo
2613 4229 2858 4313 aliquid
2893 4251 3185 4315 agamus,
3228 4231 3311 4295 ab
3354 4252 3661 4297 amorene
3702 4233 3862 4297 item
3900 4240 4013 4298 aut
4048 4234 4129 4299 ab
4166 4234 4314 4301 odio

2358 4317 2855 4400 proficiscantur
2907 4337 3136 4382 omnes
3192 4326 3336 4381 tum
3381 4315 3862 4383 admonitiones
3901 4326 4047 4384 tum
4090 4342 4314 4404 repre-

2357 4401 2728 4468 hensiones.
2797 4401 2930 4467 Hic
2950 4423 3129 4482 vero,
3166 4411 3242 4468 ut
3275 4402 3448 4486 apud
3483 4412 3550 4468 te
3576 4425 3805 4469 verum
3841 4404 4069 4484 fatear,
4107 4407 4316 4472 multa

2358 4489 2432 4553 in
2496 4487 2723 4553 multis
2788 4486 3156 4554 desiderare
3223 4507 3437 4573 cogor.
3536 4488 3713 4555 Illud
3774 4511 3983 4557 unum
4048 4492 4182 4558 scio
4247 4501 4313 4559 et

2357 4576 2587 4639 testari
2624 4575 2823 4639 etiam
2858 4595 3015 4640 vere
3059 4595 3341 4658 possum,
3401 4575 3828 4642 Valeo-andum
3871 4577 4165 4661 graviter
4209 4599 4313 4645 se-

2356 4681 2509 4726 cum
2552 4661 2772 4743 ipsum
2819 4660 3242 4727 colluctatum
3284 4682 3425 4727 esse
3468 4671 3537 4726 et
3577 4660 3791 4728 indies
3833 4663 4193 4744 colluctari,
4238 4674 4314 4730 ut

2356 4768 2429 4812 se
2471 4747 2691 4830 ipsum
2735 4746 2978 4813 vincat.
3052 4746 3248 4829 Quod
3290 4746 3593 4830 equidem
3647 4750 4026 4816 certaminis
4083 4772 4310 4834 genus,

2359 5003 2552 5059 2360.
2571 5001 2629 5060 n
2664 5000 2743 5059 N.
2778 5001 2934 5059 2338.

2432 5215 2441 5224 ·
2489 5213 2499 5224 .
2565 5072 2628 5208 ἓξ
2666 5071 2961 5196 graffioni-c
3011 5141 3177 5224 simu}
3220 5147 3273 5196 et
3320 5156 3585 5198 accusare
3626 5158 3748 5197 eum
3792 5142 3959 5211 vides,
4003 5150 4055 5199 ct
4099 5145 4202 5211 hic,
4248 5153 4314 5202 ut

2358 5212 2865 5349 &apg-eramque,-
2895 5211 3103 5268 Raucae
3132 5214 3289 5268 antra
3320 5227 3510 5268 muros
3541 5217 3595 5268 ct
3637 5217 3797 5269 aava
3824 5217 4106 5282 peecatum
4137 5215 4316 5282 fecisse
