4850 6200
328 422 396 483 st
2061 417 2225 480 1554
2267 413 2549 483 MART.

324 605 518 690 plions
579 623 741 670 vous
794 605 969 669 tenir
1019 624 1101 669 en
1161 626 1237 671 sa
1289 606 1537 671 saincte
1590 603 1823 689 garde,
1884 625 2045 670 vous
2086 624 2247 689 gou-

324 710 547 756 verner
588 711 712 774 par
751 710 872 756 son
914 690 1144 773 Esprit
1162 742 1177 768 ,
1234 701 1304 757 et
1354 711 1517 757 vous
1551 698 1936 777 augmentet
1978 711 2060 756 en
2104 697 2249 756 tout

326 778 479 857 bien,
524 796 715 860 apres
767 797 935 841 nous
990 784 1166 842 estre
1220 776 1715 844 recommandez
1759 783 1801 843 a
1841 797 1960 843 vos
1994 775 2250 842 bonnes

321 865 574 1013 prim-esa).
620 862 770 1014 bgr}
810 862 1127 1012 ‘Gteenevffi
1168 883 1241 1013 qe
1294 861 1494 1014 l3hide
1536 881 1712 1014 marg
1762 868 1945 927 1564.

570 969 616 1013 u
772 968 874 1030 rip
994 968 1528 1016 vozrescers
1699 956 2251 1015 resennostre

321 1032 649 1118 Seigneur.

796 1140 927 1204 Les
970 1139 1311 1205 Ministres
1355 1141 1437 1206 de
1481 1136 1708 1221 leglise
1752 1135 1831 1202 de
1877 1139 2164 1204 Geneve.

1290 1430 1389 1438 ..-φ’-
1404 1430 1443 1437 ..-

1190 1647 1382 1720 1931).

864 1803 1212 1871 LASOUS
1256 1803 1693 1871 GALVINO.

475 1979 628 2042 Iam
684 1978 931 2043 tandem
989 1977 1073 2041 ad
1132 1976 1492 2042 scribendas
1547 1976 1765 2042 literas
1822 1998 1889 2042 se
1944 1977 2259 2060 accinyere

306 2071 495 2147 potest
536 2084 731 2146 quum
764 2067 909 2145 post
940 2063 1154 2128 varios
1194 2082 1382 2128 casus
1417 2069 1473 2127 et
1516 2067 1598 2127 tot
1629 2064 2003 2130 disoeimina
2044 2082 2258 2128 rer-tom

312 2152 473 2216 sedes
532 2151 665 2231 ipsi
696 2149 835 2229 fata
887 2150 1129 2231 quietas
1170 2148 1504 2214 ostendisse
1545 2149 1890 2215 videantur.
1982 2147 2260 2213 Multum

312 2239 545 2301 interea
610 2239 867 2300 matus
923 2256 964 2297 a
1012 2233 1391 2298 Iactheranis
1450 2235 1577 2316 fui-t
1638 2238 1800 2301 inter
1845 2254 1999 2317 quos
2068 2233 2260 2299 West-

303 2322 565 2404 phalam
608 2326 792 2399 ndat,
826 2320 1143 2402 peculiari
1185 2320 1550 2402 refutatione
1592 2321 2051 2402 dignissimum.

514 2495 631 2555 (Ex
667 2493 1006 2562 autographo
1042 2491 1169 2544 Cod.
1212 2491 1378 2544 Paris.
1417 2493 1613 2562 Dupuy
1650 2491 1769 2559 268,
1804 2493 1894 2547 fol.
1934 2490 2050 2554 34.)

310 2650 464 2714 Viro
530 2648 941 2713 sanctissimo
990 2658 1056 2711 et
1110 2666 1367 2711 summa
1419 2646 1783 2711 eruditione
1836 2648 2129 2729 praedito
2173 2651 2255 2714 D.

308 2735 541 2801 Ioanni
587 2734 869 2800 Calvino
911 2734 1159 2816 pastori
1203 2754 1278 2798 ac
1336 2731 1582 2798 doctori
1626 2733 1693 2797 in
1739 2733 2011 2800 ecclesia
2045 2734 2260 2801 Gene-

308 2825 489 2888 vensi
536 2820 1037 2904 vigilantissimo
1075 2820 1259 2883 fratri
1296 2830 1364 2882 et
1396 2820 1800 2901 praeceptori
1834 2820 2256 2886 observando.

474 2992 619 3057 Vix
681 2989 930 3070 credas,
976 2991 1081 3056 vir
1125 2990 1529 3056 sanctissime
1553 3042 1566 3065 ‚
1625 2999 2026 3073 quantopere
2081 2992 2262 3074 cupi·-

306 3082 511 3146 verim
572 3078 657 3145 ab
712 3098 790 3144 eo
844 3088 1139 3161 tempore
1185 3097 1310 3160 quo
1366 3075 1676 3160 Angliam
1725 3076 2026 3160 reliqui¹)
2071 3074 2155 3140 ad
2200 3084 2263 3143 te

305 3168 611 3234 scribere.
710 3165 807 3230 Ut
863 3165 1041 3228 enim
1098 3173 1313 3229 certus
1377 3184 1525 3228 sum
1580 3183 1821 3246 magno
1877 3163 1995 3228 tibi
2057 3161 2262 3228 dolori

304 3255 500 3320 fuisse
541 3250 964 3318 ecclesiarum
1015 3249 1151 3315 illic
1194 3260 1568 3315 nostrarum
1624 3249 2119 3332 dissipationem
2162 3256 2264 3313 to-

304 3341 566 3423 u'usque
610 3336 771 3403 adeo
814 3336 1152 3420 religionis
1195 3336 1651 3414 mutationem,
1711 3335 1807 3401 ita
1849 3356 1985 3400 non
2041 3332 2265 3399 dubito

306 3447 551 3511 magno
585 3423 708 3488 tibi
750 3424 952 3488 etiam
995 3421 1228 3487 solatio
1271 3421 1471 3487 fuisse
1515 3421 1844 3500 futurum,
1896 3422 1952 3486 si
1997 3442 2037 3485 a
2080 3420 2265 3485 nobis

307 3508 557 3597 aliquid
620 3510 877 3574 interea
933 3507 1278 3573 literarum
1344 3507 1715 3589 accepisses.
1807 3505 1943 3572 Sed
1991 3514 2067 3570 tu
2127 3506 2266 3588 ipse

304 3597 485 3665 facile
534 3594 854 3679 intelligis
895 3615 980 3659 ex
1020 3594 1103 3659 iis
1146 3593 1302 3658 locis
1342 3593 1412 3656 in
1455 3593 1691 3677 quibus
1734 3593 1987 3658 interea
2021 3593 2266 3657 versati

304 3704 570 3762 sumus,
656 3702 891 3764 nempe
950 3679 1301 3762 Norwegia
1353 3687 1421 3742 et
1473 3680 1725 3757 Dania,
1781 3683 1849 3743 in
1902 3677 2268 3743 istiusmodi

304 3771 702 3853 praesertim
772 3765 1191 3849 dissipatione
1250 3765 1583 3830 neminem
1653 3786 1772 3830 nos
1851 3765 2093 3830 habere
2156 3783 2266 3846 po-

304 3859 530 3935 tuisse,
593 3876 714 3939 per
764 3873 957 3936 quem
1015 3859 1194 3916 certo
1251 3850 1499 3935 aliquid
1543 3852 1659 3916 tibi
1705 3851 2074 3931 significare
2116 3870 2265 3931 pos-

304 3963 546 4008 semus.
639 3944 739 4008 Ac
798 3961 882 4004 ne
927 3959 1104 4004 nunc
1149 3936 1409 4021 quidem
1452 3937 1661 4002 facere
1710 3935 1776 4001 id
1820 3937 2174 4021 potuissem
2208 3936 2268 4001 si

305 4048 429 4093 non
486 4050 565 4095 se
618 4027 785 4092 mihi
845 4025 1133 4110 optimus
1191 4024 1298 4089 hic
1342 4023 1544 4088 frater
1583 4031 1650 4086 et
1693 4021 1993 4088 dominus
2039 4029 2266 4087 noster

302 4112 724 4180 commodum
780 4111 1205 4191 obtulisset.²)
1303 4107 1455 4174 Non
1512 4109 1749 4174 attinet
1792 4117 2014 4174 autem
2054 4107 2267 4173 multa

304 4197 381 4263 de
446 4200 567 4266 illo
635 4199 946 4275 scribere,
1014 4217 1172 4261 nam
1237 4195 1350 4261 tibi
1418 4205 1648 4261 notum
1711 4215 1853 4259 esse
1918 4193 2261 4260 credimus.

303 4283 439 4352 Sed
492 4306 695 4371 aegre
744 4285 850 4350 hic
902 4284 1015 4348 illo
1075 4282 1317 4365 alioqui
1362 4281 1725 4347 carebimus
1771 4281 1840 4344 in
1886 4300 2059 4345 nova
2102 4279 2263 4345 Gal-

302 4371 465 4440 licae
511 4372 823 4438 ecclesiae
858 4367 1267 4455 plantatione
1301 4387 1500 4451 quam
1534 4366 1641 4432 hic
1676 4364 1848 4449 apud
1882 4365 2264 4450 Principem

303 4460 670 4540 nostram⁸)
714 4456 1227 4541 impetravimus,
1271 4453 1526 4518 etiamsi
1570 4452 1811 4517 multos
1854 4451 2264 4518 adversarios

304 4543 428 4610 hac
468 4546 545 4609 in
590 4553 779 4628 parte
814 4543 1285 4617 haberemus.⁴)
1341 4539 1683 4621 Quaenam
1727 4559 1885 4604 vero
1928 4539 2096 4602 ratio
2133 4538 2264 4603 Da-

306 4631 435 4698 nici
472 4630 690 4696 nostri
730 4628 989 4695 itineris
1032 4627 1243 4702 fuerit,
1289 4633 1493 4709 utque
1536 4644 1575 4689 a
1617 4624 1803 4708 Rege
1845 4623 1959 4689 illo
2003 4624 2262 4707 excepti

304 4867 490 4926 1000.
518 4871 576 4934 1)
611 4883 791 4924 mense
828 4867 972 4936 Sept.
1009 4863 1162 4920 1558.

516 4939 579 5003 2)
620 4938 883 4992 Fortasse
913 4936 1354 4991 concionatorum
1401 4933 1629 5002 aliquis,
1665 4946 1850 4986 mm
1883 4945 2054 4999 neque
2088 4930 2262 4984 Peru·

304 5007 469 5064 uuae
515 5007 617 5078 qm·
659 5006 930 5062 Vasatium
975 5019 1032 5058 se
1076 5003 1395 5067 contulerat,
1437 5016 1608 5072 neque
1642 5000 1910 5056 Pollam
1941 5014 2097 5070 quem
2137 4997 2259 5053 Gal·

304 5078 434 5131 vino
470 5077 817 5131 nommant
845 5074 1024 5140 fuisse
1053 5074 1313 5143 iqnomre
1345 5086 1458 5125 non
1472 5075 1699 5139 poterat.
1766 5068 1899 5124 Vide
1914 5068 1992 5124 ad
2010 5066 2086 5122 N.
2106 5066 2258 5122 1653.

516 5146 580 5211 3)
616 5144 857 5210 Annon,
895 5141 1122 5196 Frin’ue
1234 5143 1246 5154 '
1400 5139 1413 5152 ⁴
1472 5141 1817 5195 mitium.

518 5213 582 5281 4)
616 5212 778 5269 Inter
818 5212 963 5268 alios
998 5210 1286 5267 Fon-stium
1334 5217 1386 5265 et
1430 5208 1707 5264 Lenem
1748 5208 2057 5276 ministros,
2095 5223 2257 5279 prae-

308 5285 497 5337 cert-‘m
530 5284 693 5352 hune,
730 5281 1030 5337 Nou-denae
1061 5285 1355 5350 pastorem,
1388 5278 1488 5348 qm·
1528 5278 1643 5334 ian
1689 5282 1852 5333 antea
1888 5284 2080 5336 eontra
2118 5276 2259 5332 Las-

306 5366 425 5407 cm
460 5351 859 5421 moeret.

523 5436 747 5493 Calvi&
772 5450 957 5507 opera.
1041 5434 1151 5490 Vol.
1194 5432 1251 5487 X
1262 5434 1323 5488 V.

4223 421 4313 484 82

2346 601 2727 686 dimissique
2791 602 2998 669 simus
3012 654 3031 683 ,
3084 621 3250 686 quae
3312 603 3472 669 item
3523 602 3772 687 praelia
3813 602 3950 672 illic
3991 625 4111 689 pro
4152 606 4312 674 doc·

2346 689 2527 754 trina
2559 698 2786 755 nostra
2826 689 3332 755 sustinuerimus
3348 740 3366 768 ,
3411 689 3576 756 haec
3607 690 3829 757 omnia
3861 710 3948 757 ex
3993 691 4310 761 adiuncta

2347 773 2454 839 his
2518 774 2729 841 literis
2784 775 3039 841 itineris
3107 774 3318 841 nostri
3388 774 3619 859 silva⁵)
3681 774 3869 843 facile
3934 797 4306 862 cognosces,

2348 861 2606 926 etiamsi
2659 858 2953 926 nondum
3018 859 3106 926 sit
3157 880 3424 945 prorsus
3490 860 3806 928 absoluta.
3909 861 4062 929 Non
4127 864 4306 929 enim

2349 947 2683 1013 habentur
2720 966 2799 1011 ea
2840 943 3055 1012 adhuc
3098 966 3262 1029 quae
3321 952 3471 1030 post
3520 958 3818 1013 nostrum
3861 967 3904 1013 a
3943 948 4130 1034 Rege
4188 949 4301 1015 illo

2351 1032 2601 1097 abitum
2645 1039 2801 1097 sunt
2838 1039 2983 1098 acta
3025 1052 3175 1098 cum
3212 1033 3457 1099 nostris
3498 1032 3636 1098 illic
3679 1032 3985 1113 ecclesiis,
4031 1055 4201 1118 quae
4235 1056 4309 1102 se

2352 1137 2431 1184 co
2463 1115 2805 1184 nobiscum
2835 1116 3275 1183 contulerant:
3310 1138 3475 1201 quae
3509 1119 3707 1184 etiam
3728 1119 3978 1184 iustum
3999 1119 4312 1187 volumen

2351 1202 2793 1288 postulabunt.
2830 1203 2989 1268 Fuit
3007 1203 3184 1268 enim
3206 1205 3444 1270 nostris
3476 1225 3604 1283 res,
3634 1210 3704 1270 et
3735 1223 3886 1270 cum
3907 1205 4312 1273 Lutheranis

2353 1289 2770 1376 Oapernaitis
2836 1287 3052 1354 denuo
3116 1296 3186 1355 et
3247 1309 3401 1355 cum
3465 1290 4030 1375 Anabaptistis10)
4093 1313 4309 1376 neque

2354 1376 2495 1441 sine
2538 1374 2778 1453 fructu,
2824 1376 3036 1459 gratia
3078 1376 3166 1440 sit
3205 1375 3512 1453 Domino,
3559 1375 3817 1442 etiamsi
3859 1397 3940 1443 ea
3993 1397 4101 1442 res
4160 1399 4310 1444 cru-

2355 1482 2500 1528 cem
2557 1461 2800 1527 nostris
2843 1459 3312 1545 propemodum
3355 1461 3849 1544 conduplicarit.
3941 1461 4160 1546 Atque
4201 1463 4307 1528 in-

2357 1547 2631 1613 saniunt
2672 1545 2935 1630 quidem
2971 1546 3410 1631 Capernaitae
3452 1567 3678 1613 omnes
3722 1549 3931 1613 nostri
3974 1549 4309 1632 temporis,

2356 1631 2474 1699 sed
2530 1640 2758 1698 nostra
2808 1633 3126 1731 patientia
3170 1633 3438 1699 illorum
3478 1633 3683 1700 furias
3724 1634 3934 1718 magis
3979 1654 4055 1699 ac
4094 1633 4312 1718 magis

2356 1718 2652 1797 infamat,
2692 1716 3038 1802 indiesque
3079 1719 3293 1803 magis
3336 1741 3414 1787 ac
3456 1722 3668 1803 magis
3709 1726 4227 1786 contemnuntur
4270 1741 4311 1785 a

2356 1805 2486 1889 piis
2543 1803 2872 1880 omnibus,
2922 1804 3034 1886 qui
3075 1804 3253 1869 inter
3295 1805 3471 1889 ipsos
3515 1813 3700 1882 sunt,
3745 1813 3940 1888 atque
3983 1805 4182 1870 etiam
4225 1805 4313 1869 ri-

2356 1890 2613 1956 dentur.
2700 1890 2869 1955 Erat
2911 1892 3082 1954 inter
3134 1890 3279 1957 illos
3324 1911 3553 1956 omnes
3595 1910 3636 1955 e
3673 1891 4005 1974 primariis
4039 1890 4125 1969 (si
4167 1890 4313 1955 Deo

2357 1977 2598 2061 placet)
2642 1976 2829 2041 verbi
2871 1975 3275 2054 ministris,“¹)
3317 1977 3429 2059 qui
3471 1997 3671 2059 quum
3695 1995 3735 2040 a
3755 1984 3979 2042 nostro
4010 1977 4314 2059 quopiam

2358 2065 2454 2128 ita
2519 2070 2896 2146 urgeretur,
2962 2069 3040 2126 ut
3099 2061 3272 2144 quod
3327 2062 3750 2146 responderet
3804 2062 3969 2127 nihil
4023 2060 4312 2139 haberet,

2357 2156 2522 2226 tace,
2568 2147 2801 2231 inquit,
2847 2155 2964 2213 aut
3005 2155 3070 2214 te
3123 2147 3447 2214 venabulo
3495 2149 3619 2215 hoc
3656 2148 3933 2225 (iacebat
3965 2149 4146 2212 enim
4178 2167 4315 2212 non

2358 2234 2583 2319 procul
2684 2234 2766 2299 ab
2850 2232 2965 2298 illo
3030 2232 3425 2300 venabulum
3486 2232 3843 2317 quoddam)
3909 2234 4314 2317 transfigam.

2359 2320 2712 2403 Quumque
2755 2326 2981 2385 noster
3023 2319 3135 2384 ille
3177 2319 3620 2403 respondisset
3663 2340 3734 2384 se
3776 2326 3871 2398 (et
3919 2317 4183 2401 quidem
4228 2319 4310 2384 ab

2358 2409 2502 2490 ipso
2546 2412 2883 2476 vocatum)
2928 2426 3060 2470 non
3102 2403 3184 2470 ad
3227 2426 3273 2488 p
3451 2427 3517 2470 m
3562 2404 3676 2472 sed
3737 2404 3820 2470 ad
3876 2405 4313 2471 christianum

2360 2493 2624 2558 venisse
2664 2490 3089 2575 colloquium,
3125 2501 3204 2556 ut
3259 2492 3303 2555 fi
3349 2493 3411 2557 ei
3446 2513 3603 2556 suae
3639 2492 3956 2556 rationem
3995 2489 4317 2568 redderet,

2360 2586 2428 2643 et
2509 2596 2627 2661 pro
2693 2577 3034 2658 scripturis
3191 2586 3333 2641 eret
3403 2577 3619 2661 potius
3693 2596 3890 2660 quam
3955 2575 4320 2653 venabulis,

2360 2682 2525 2747 quae
2569 2661 2898 2728 doctorem
2942 2661 3450 2729 ecclesiasticum
3494 2682 3625 2727 non
3684 2662 3994 2728 decerent
4010 2713 4024 2739 ,
4083 2669 4201 2725 aut
4244 2682 4316 2726 se

2362 2749 2559 2814 malle
2612 2746 2684 2811 in
2728 2768 2885 2829 pace
2941 2747 3023 2813 ab
3075 2748 3220 2833 ipso
3265 2746 3599 2815 discedere
3655 2768 3849 2831 quam
3907 2748 4002 2811 ita
4059 2755 4322 2811 conten-

2362 2833 2550 2900 dere:
2629 2834 2832 2911 Tace,
2906 2834 3121 2915 inquit
3179 2833 3322 2911 ille,
3383 2842 3451 2898 et
3494 2835 3633 2900 abi:
3700 2834 3760 2899 si
3816 2853 3949 2897 non
4017 2833 4321 2914 protinus

2362 2917 2689 2985 venabulo
2754 2918 2877 2984 hoc
2940 2919 3167 3002 impeti
3233 2919 3415 2985 velis.
3509 2922 3730 3002 Atque
3786 2921 3881 2982 ita
3935 2925 4158 2983 noster
4210 2916 4324 2982 ille

2363 3013 2691 3089 pastorem
2767 3004 3060 3087 reliquit,
3134 3025 3417 3088 moxque
3497 3004 3762 3070 demum
3833 3004 4098 3069 civitate
4168 3023 4322 3086 pro-

2364 3091 2648 3174 scriptus
2693 3097 2811 3156 est.
2883 3090 3063 3157 Alibi
3101 3112 3366 3158 rursum
3406 3090 3578 3157 alius
3611 3103 3849 3174 pastor,
3885 3110 4087 3172 quum
4115 3089 4327 3154 nostri

2364 3177 2630 3261 quidam
2685 3176 3075 3257 colloquium
3136 3178 3346 3262 ipsius
3395 3185 3785 3261 expeterent
3804 3227 3818 3252 ,
3865 3185 4133 3242 centum
4176 3196 4322 3260 my-

2366 3263 2587 3330 riadas
2652 3262 3043 3328 daemonum
3117 3264 3247 3330 illis
3311 3265 3709 3347 imprecatus
3774 3262 3964 3327 domo
4029 3281 4139 3326 eos
4204 3282 4326 3326 sua

2367 3349 2604 3433 exegit,
2651 3350 3074 3432 protinusque
3113 3350 3180 3413 id
3226 3351 3392 3434 egit,
3450 3359 3522 3415 ut
3563 3351 3659 3414 eis
3703 3371 3820 3432 per
3862 3347 4326 3431 magistratum

2367 3436 2635 3501 civitate
2719 3433 3239 3500 interdiceretur.
3359 3435 3473 3502 Sic
3535 3435 3636 3498 illi
3713 3434 4081 3502 doctrinam
4139 3451 4327 3498 suam

2364 3522 2625 3586 fortiter
2669 3520 2830 3586 satis
2874 3527 3144 3585 tuentur
3178 3542 3252 3586 ac
3297 3527 3729 3605 propugnant.
3768 3519 4107 3601 Oolloqnia
4140 3518 4327 3583 nulla

2369 3607 2728 3672 admittunt
2770 3606 3081 3691 legitima,
3128 3604 3242 3672 sed
3288 3627 3406 3672 nos
3434 3606 3517 3672 ad
3559 3606 3926 3672 academias
3960 3624 4112 3670 suas
4149 3603 4327 3668 able-

2370 3699 2547 3777 gant,
2615 3689 2797 3756 haud
2853 3691 3043 3757 aliter
3099 3712 3294 3775 quam
3359 3693 3652 3776 papistae
3709 3694 4045 3757 Lutetiam
4104 3690 4330 3754 Lova-

2370 3779 2641 3845 niumve
2685 3786 2801 3842 aut
2844 3777 3184 3844 Coloniam
3225 3798 3576 3862 provocare
3621 3777 3859 3843 solent:
3908 3777 4188 3858 denique
4233 3775 4328 3840 ita

2368 3885 2509 3931 rem
2555 3872 2797 3948 gerunt
2835 3874 2912 3930 ut
2953 3866 3118 3928 mihi
3161 3864 3781 3947 Lutheropapistica
3825 3861 4181 3928 tribunalia
4224 3864 4328 3925 in-

2368 3952 2642 4016 stituere
2663 3949 2835 4015 velle
2869 3950 3240 4028 videantur,
3277 3950 3601 4035 planeque
3622 3971 3743 4035 ego
3778 3948 4057 4026 videam,
4090 3967 4322 4012 verum

2370 4057 2513 4102 esse
2556 4034 2730 4119 quod
2774 4035 2856 4100 ab
2899 4035 3173 4103 Erasmo
3215 4036 3372 4101 clim
3427 4036 3864 4101 Boterodamo
3923 4033 4168 4118 pluries
4217 4052 4326 4097 me

2369 4122 2628 4188 audisse
2653 4122 2953 4187 memini:
2999 4142 3234 4205 nempe
3270 4124 3424 4201 fore,
3463 4123 3519 4188 si
3554 4122 3921 4188 Lutherani
3956 4120 4065 4185 isti
4099 4139 4322 4184 rerum

2368 4210 2737 4293 potiantur,
2800 4216 2876 4272 ut
2939 4208 3144 4273 multo
3202 4210 3567 4293 graviorem
3625 4208 3750 4274 sub
3797 4207 3927 4272 illis
3963 4227 4158 4290 quam
4203 4202 4322 4268 sub

2412 4293 2696 4377 lorisque
2749 4294 3025 4378 papistis
3099 4294 3515 4378 tyrannidem
3586 4294 3913 4359 sustinere
3987 4309 4318 4375 cogamur.

2423 4381 2504 4446 ed
2550 4379 2643 4446 sic
2707 4387 2810 4445 est
2862 4377 3096 4445 mundi
3149 4380 3218 4445 in
3266 4381 3506 4446 enium.
3597 4379 3733 4446 Nos
3791 4378 4076 4445 Domino
4120 4373 4319 4440 confi-

2367 4465 2599 4531 damus
2642 4473 2710 4531 et
2753 4474 3043 4531 nostram
3099 4474 3444 4531 stationem
3503 4487 3588 4530 ne
3641 4465 4034 4531 deseramus.
4119 4459 4318 4524 Invo-

2366 4572 2589 4619 cemus
2632 4572 2870 4617 nomen
2911 4552 3089 4618 illius
3133 4563 3200 4618 et
3240 4551 3748 4635 promissionum
3792 4551 3931 4615 eius
3973 4565 4318 4622 memores,

2364 4639 2435 4703 in
2476 4636 2710 4721 quibus
2763 4657 2921 4702 sane
2971 4637 3234 4703 mentiri
3283 4636 3785 4720 haudquaquam
3822 4640 4050 4718 potest,
4093 4637 4318 4695 nostra

2362 4723 2460 4788 illi
2503 4724 2725 4790 omnia
2766 4731 2946 4790 certa
2987 4722 3222 4790 fiducia
3266 4723 3736 4807 permittamus.

2569 4929 2628 5068 ἓξ
2669 4928 3219 5081 ifaffinffssssma
3261 4996 3569 5081 Kisa-ariao
3599 4991 3784 5074 (Salzjq
3815 4990 3884 5044 11.
3926 4987 4158 5071 1099.).·
4266 5060 4277 5071 .

2570 5066 2631 5133 7)
2671 5067 2885 5122 Nomen
2929 5083 3043 5122 vm
3087 5082 3375 5122 monae
3422 5080 3532 5119 non
3578 5060 3858 5132 proditum
3911 5065 4006 5114 est.
4094 5057 4312 5139 Stynilm

2361 5152 2490 5190 vero
2524 5142 2834 5190 sanantur
2879 5135 2946 5190 de
2990 5137 3148 5204 aliis,-
3194 5137 3273 5190 sic
3317 5134 3580 5200 Henninq
3615 5129 3878 5186 Bloekius
3924 5129 4229 5183 Vismanae
4261 5132 4314 5179 et

2364 5205 2554 5260 Ioaeh.
2601 5204 2944 5274 Westphalus
2981 5205 3292 5274 Han-burm·
3326 5202 3602 5257 Mierom'o
3636 5200 3842 5280 dixisse
3874 5199 4147 5263 feruntur,
4183 5211 4312 5277 qon-

2362 5279 2453 5330 tm
2486 5274 2755 5329 eiusmodi
2787 5274 3027 5328 homines
3059 5274 3414 5343 movisti-atus
3442 5269 3689 5340 alodium
3735 5273 4000 5336 ετνικςονι
4049 5265 4314 5321 achimee.

2364 5342 2552 5410 (Salia
2585 5343 2660 5398 ΙΙ.
2699 5341 2851 5397 1101.
2893 5340 3065 5408 1106.)
