<?xml version="1.0" encoding="UTF-8"?>
<!DOCTYPE html PUBLIC "-//W3C//DTD XHTML 1.0 Transitional//EN"
    "http://www.w3.org/TR/xhtml1/DTD/xhtml1-transitional.dtd">
<html xmlns="http://www.w3.org/1999/xhtml" xml:lang="en" lang="en">
 <head>
  <title>
</title>
<meta http-equiv="Content-Type" content="text/html;charset=utf-8" />
  <meta name='ocr-system' content='tesseract 3.04.00' />
  <meta name='ocr-capabilities' content='ocr_page ocr_carea ocr_par ocr_line ocrx_word'/>
</head>
<body>
  <div class='ocr_page' id='page_1' title='image "./ioanniscalvinio09unkngoog_0066.png"; bbox 0 0 4850 6200; ppageno 0'>
   <div class='ocr_carea' id='block_1_1' title="bbox 542 404 659 467">
    <p class='ocr_par' dir='ltr' id='par_1_1' title="bbox 542 404 659 467">
     <span class='ocr_line' id='line_1_1' title="bbox 542 404 659 467; baseline -0.017 0"><span class='ocrx_word' id='word_1_1' title='bbox 542 404 659 467; x_wconf 76' lang='lat'><strong>127</strong></span> 
     </span>
    </p>
   </div>
   <div class='ocr_carea' id='block_1_2' title="bbox 536 581 2493 1699">
    <p class='ocr_par' dir='ltr' id='par_1_2' title="bbox 536 581 2493 1615">
     <span class='ocr_line' id='line_1_2' title="bbox 540 581 2486 673; baseline -0.005 -17"><span class='ocrx_word' id='word_1_2' title='bbox 540 592 764 667; x_wconf 86' lang='lat' dir='ltr'><strong>detur,</strong></span> <span class='ocrx_word' id='word_1_3' title='bbox 840 586 1254 673; x_wconf 67' lang='lat' dir='ltr'><strong>sugillatores</strong></span> <span class='ocrx_word' id='word_1_4' title='bbox 1333 581 1650 650; x_wconf 89' lang='lat' dir='ltr'><strong>eiusmodi</strong></span> <span class='ocrx_word' id='word_1_5' title='bbox 1730 605 1872 649; x_wconf 89' lang='lat' dir='ltr'><strong>esse</strong></span> <span class='ocrx_word' id='word_1_6' title='bbox 1951 583 2061 648; x_wconf 89' lang='lat' dir='ltr'><strong>vel</strong></span> <span class='ocrx_word' id='word_1_7' title='bbox 2123 604 2208 648; x_wconf 88' lang='lat' dir='ltr'><strong>ex</strong></span> <span class='ocrx_word' id='word_1_8' title='bbox 2285 603 2486 667; x_wconf 87' lang='lat' dir='ltr'><strong>grege</strong></span> 
     </span>
     <span class='ocr_line' id='line_1_3' title="bbox 538 670 2486 759; baseline -0.004 -17"><span class='ocrx_word' id='word_1_9' title='bbox 538 676 1119 759; x_wconf 78' lang='lat' dir='ltr'><strong>Anabaptistarum</strong></span> <span class='ocrx_word' id='word_1_10' title='bbox 1157 692 1353 754; x_wconf 88' lang='lat' dir='ltr'><strong>aegre</strong></span> <span class='ocrx_word' id='word_1_11' title='bbox 1387 671 1757 743; x_wconf 88' lang='lat' dir='ltr'><strong>ferentium,</strong></span> <span class='ocrx_word' id='word_1_12' title='bbox 1803 670 2060 735; x_wconf 89' lang='lat' dir='ltr'><strong>somnia</strong></span> <span class='ocrx_word' id='word_1_13' title='bbox 2094 690 2214 734; x_wconf 90' lang='lat' dir='ltr'><strong>sua</strong></span> <span class='ocrx_word' id='word_1_14' title='bbox 2249 682 2486 734; x_wconf 89' lang='lat' dir='ltr'><strong>utcun-</strong></span> 
     </span>
     <span class='ocr_line' id='line_1_4' title="bbox 538 753 2484 846; baseline -0.006 -17"><span class='ocrx_word' id='word_1_15' title='bbox 538 785 665 846; x_wconf 88' lang='lat' dir='ltr'><strong>que</strong></span> <span class='ocrx_word' id='word_1_16' title='bbox 707 761 911 843; x_wconf 87' lang='lat' dir='ltr'><strong>impia</strong></span> <span class='ocrx_word' id='word_1_17' title='bbox 953 769 1021 824; x_wconf 91' lang='lat' dir='ltr'><strong>et</strong></span> <span class='ocrx_word' id='word_1_18' title='bbox 1059 755 1431 842; x_wconf 89' lang='lat' dir='ltr'><strong>prodigiosa</strong></span> <span class='ocrx_word' id='word_1_19' title='bbox 1477 754 1865 839; x_wconf 85' lang='lat' dir='ltr'><strong>reprehendi</strong></span> <span class='ocrx_word' id='word_1_20' title='bbox 1912 777 1987 823; x_wconf 89' lang='lat' dir='ltr'><strong>ac</strong></span> <span class='ocrx_word' id='word_1_21' title='bbox 2030 756 2332 833; x_wconf 89' lang='lat' dir='ltr'><strong>coerceri,</strong></span> <span class='ocrx_word' id='word_1_22' title='bbox 2377 753 2484 819; x_wconf 89' lang='lat' dir='ltr'><strong>vel</strong></span> 
     </span>
     <span class='ocr_line' id='line_1_5' title="bbox 538 841 2486 931; baseline -0.005 -17"><span class='ocrx_word' id='word_1_23' title='bbox 538 848 1209 931; x_wconf 79' lang='lat' dir='ltr'><strong>deploratissimomm</strong></span> <span class='ocrx_word' id='word_1_24' title='bbox 1267 843 1702 925; x_wconf 86' lang='lat' dir='ltr'><strong>papistarum,</strong></span> <span class='ocrx_word' id='word_1_25' title='bbox 1777 856 1853 907; x_wconf 92' lang='lat' dir='ltr'><strong>ut</strong></span> <span class='ocrx_word' id='word_1_26' title='bbox 1912 841 2292 907; x_wconf 86' lang='lat' dir='ltr'><strong>Geuevensi</strong></span> <span class='ocrx_word' id='word_1_27' title='bbox 2348 861 2486 905; x_wconf 90' lang='lat' dir='ltr'><strong>ma·</strong></span> 
     </span>
     <span class='ocr_line' id='line_1_6' title="bbox 538 927 2489 1019; baseline -0.005 -21"><span class='ocrx_word' id='word_1_28' title='bbox 538 934 864 1019; x_wconf 85' lang='lat' dir='ltr'><strong>gistratui,</strong></span> <span class='ocrx_word' id='word_1_29' title='bbox 926 929 1226 1013; x_wconf 84' lang='lat' dir='ltr'>inprimis</span> <span class='ocrx_word' id='word_1_30' title='bbox 1272 944 1492 993; x_wconf 87' lang='lat' dir='ltr'><strong>autem</strong></span> <span class='ocrx_word' id='word_1_31' title='bbox 1540 928 1796 994; x_wconf 80' lang='lat' dir='ltr'><strong>Calvino</strong></span> <span class='ocrx_word' id='word_1_32' title='bbox 1839 928 2012 1011; x_wconf 89' lang='lat' dir='ltr'><strong>apud</strong></span> <span class='ocrx_word' id='word_1_33' title='bbox 2057 927 2387 1009; x_wconf 74' lang='lat' dir='ltr'><strong>simplices</strong></span> <span class='ocrx_word' id='word_1_34' title='bbox 2421 933 2489 990; x_wconf 91' lang='lat' dir='ltr'><strong>et</strong></span> 
     </span>
     <span class='ocr_line' id='line_1_7' title="bbox 536 1012 2488 1099; baseline -0.004 -15"><span class='ocrx_word' id='word_1_35' title='bbox 536 1042 759 1085; x_wconf 86' lang='lat' dir='ltr'><strong>rerum</strong></span> <span class='ocrx_word' id='word_1_36' title='bbox 805 1017 1138 1099; x_wconf 86' lang='lat' dir='ltr'><strong>imperitos</strong></span> <span class='ocrx_word' id='word_1_37' title='bbox 1197 1014 1509 1080; x_wconf 84' lang='lat' dir='ltr'><strong>invidiam</strong></span> <span class='ocrx_word' id='word_1_38' title='bbox 1568 1015 1827 1090; x_wconf 81' lang='lat' dir='ltr'><strong>saciant,</strong></span> <span class='ocrx_word' id='word_1_39' title='bbox 1886 1015 2056 1079; x_wconf 86' lang='lat' dir='ltr'><strong>fictis</strong></span> <span class='ocrx_word' id='word_1_40' title='bbox 2112 1012 2289 1078; x_wconf 85' lang='lat' dir='ltr'><strong>hisce</strong></span> <span class='ocrx_word' id='word_1_41' title='bbox 2346 1033 2488 1078; x_wconf 87' lang='lat' dir='ltr'><strong>cro-</strong></span> 
     </span>
     <span class='ocr_line' id='line_1_8' title="bbox 537 1099 2488 1184; baseline -0.005 -12"><span class='ocrx_word' id='word_1_42' title='bbox 537 1105 835 1172; x_wconf 86' lang='lat' dir='ltr'><strong>codilinis</strong></span> <span class='ocrx_word' id='word_1_43' title='bbox 877 1101 1205 1184; x_wconf 82' lang='lat' dir='ltr'><strong>lacrymis,</strong></span> <span class='ocrx_word' id='word_1_44' title='bbox 1251 1101 1362 1184; x_wconf 90' lang='lat' dir='ltr'><strong>qui</strong></span> <span class='ocrx_word' id='word_1_45' title='bbox 1410 1101 1571 1165; x_wconf 87' lang='lat' dir='ltr'><strong>alias</strong></span> <span class='ocrx_word' id='word_1_46' title='bbox 1615 1099 1789 1166; x_wconf 89' lang='lat' dir='ltr'><strong>haud</strong></span> <span class='ocrx_word' id='word_1_47' title='bbox 1845 1099 2037 1165; x_wconf 89' lang='lat' dir='ltr'><strong>dubie</strong></span> <span class='ocrx_word' id='word_1_48' title='bbox 2081 1099 2260 1164; x_wconf 90' lang='lat' dir='ltr'><strong>intus</strong></span> <span class='ocrx_word' id='word_1_49' title='bbox 2306 1110 2374 1163; x_wconf 90' lang='lat' dir='ltr'><strong>et</strong></span> <span class='ocrx_word' id='word_1_50' title='bbox 2417 1099 2488 1162; x_wconf 87' lang='lat' dir='ltr'><strong>in</strong></span> 
     </span>
     <span class='ocr_line' id='line_1_9' title="bbox 540 1187 2488 1267; baseline -0.005 -11"><span class='ocrx_word' id='word_1_51' title='bbox 540 1192 776 1257; x_wconf 88' lang='lat' dir='ltr'><strong>animis</strong></span> <span class='ocrx_word' id='word_1_52' title='bbox 832 1188 971 1254; x_wconf 86' lang='lat' dir='ltr'><strong>suis</strong></span> <span class='ocrx_word' id='word_1_53' title='bbox 1027 1191 1118 1251; x_wconf 87' lang='lat' dir='ltr'><strong>ita</strong></span> <span class='ocrx_word' id='word_1_54' title='bbox 1168 1187 1384 1252; x_wconf 86' lang='lat' dir='ltr'><strong>affecti</strong></span> <span class='ocrx_word' id='word_1_55' title='bbox 1449 1198 1517 1251; x_wconf 88' lang='lat' dir='ltr'><strong>ut</strong></span> <span class='ocrx_word' id='word_1_56' title='bbox 1578 1206 1710 1251; x_wconf 90' lang='grc'><strong>666</strong></span> <span class='ocrx_word' id='word_1_57' title='bbox 1768 1207 1925 1267; x_wconf 85' lang='lat' dir='ltr'><strong>rogo</strong></span> <span class='ocrx_word' id='word_1_58' title='bbox 1981 1196 2299 1251; x_wconf 88' lang='lat' dir='ltr'><strong>crematos</strong></span> <span class='ocrx_word' id='word_1_59' title='bbox 2343 1203 2488 1249; x_wconf 89' lang='lat' dir='ltr'><strong>esse</strong></span> 
     </span>
     <span class='ocr_line' id='line_1_10' title="bbox 538 1269 2488 1355; baseline -0.006 -12"><span class='ocrx_word' id='word_1_60' title='bbox 538 1294 657 1343; x_wconf 87' lang='lat' dir='ltr'><strong>aut</strong></span> <span class='ocrx_word' id='word_1_61' title='bbox 696 1274 975 1340; x_wconf 83' lang='lat' dir='ltr'><strong>cremari</strong></span> <span class='ocrx_word' id='word_1_62' title='bbox 1022 1294 1210 1355; x_wconf 87' lang='lat' dir='ltr'><strong>posse</strong></span> <span class='ocrx_word' id='word_1_63' title='bbox 1253 1284 1569 1354; x_wconf 90' lang='lat' dir='ltr'><strong>cuperent</strong></span> <span class='ocrx_word' id='word_1_64' title='bbox 1602 1273 1942 1337; x_wconf 88' lang='lat' dir='ltr'><strong>universos</strong></span> <span class='ocrx_word' id='word_1_65' title='bbox 1986 1269 2068 1336; x_wconf 89' lang='lat' dir='ltr'><strong>de</strong></span> <span class='ocrx_word' id='word_1_66' title='bbox 2110 1269 2235 1335; x_wconf 85' lang='lat' dir='ltr'><strong>fide</strong></span> <span class='ocrx_word' id='word_1_67' title='bbox 2280 1269 2488 1336; x_wconf 89' lang='lat' dir='ltr'><strong>chris·</strong></span> 
     </span>
     <span class='ocr_line' id='line_1_11' title="bbox 538 1357 2492 1440; baseline -0.004 -13"><span class='ocrx_word' id='word_1_68' title='bbox 538 1364 718 1427; x_wconf 86' lang='lat' dir='ltr'><strong>tiana</strong></span> <span class='ocrx_word' id='word_1_69' title='bbox 734 1360 1095 1425; x_wconf 84' lang='lat' dir='ltr'><strong>orthodoxe</strong></span> <span class='ocrx_word' id='word_1_70' title='bbox 1124 1359 1496 1434; x_wconf 86' lang='lat' dir='ltr'><strong>sentientes,</strong></span> <span class='ocrx_word' id='word_1_71' title='bbox 1544 1369 1616 1422; x_wconf 91' lang='lat' dir='ltr'><strong>ut</strong></span> <span class='ocrx_word' id='word_1_72' title='bbox 1651 1358 1764 1423; x_wconf 90' lang='lat' dir='ltr'><strong>ille</strong></span> <span class='ocrx_word' id='word_1_73' title='bbox 1806 1358 1919 1440; x_wconf 89' lang='lat' dir='ltr'><strong>qui</strong></span> <span class='ocrx_word' id='word_1_74' title='bbox 1963 1370 2306 1440; x_wconf 89' lang='lat' dir='ltr'><strong>optaverat</strong></span> <span class='ocrx_word' id='word_1_75' title='bbox 2348 1357 2492 1421; x_wconf 87' lang='lat' dir='ltr'><strong>uni·</strong></span> 
     </span>
     <span class='ocr_line' id='line_1_12' title="bbox 537 1441 2493 1529; baseline -0.004 -15"><span class='ocrx_word' id='word_1_76' title='bbox 537 1471 725 1514; x_wconf 85' lang='lat' dir='ltr'><strong>verso</strong></span> <span class='ocrx_word' id='word_1_77' title='bbox 790 1446 1024 1529; x_wconf 83' lang='lat' dir='ltr'><strong>populo</strong></span> <span class='ocrx_word' id='word_1_78' title='bbox 1082 1445 1378 1509; x_wconf 85' lang='lat' dir='ltr'><strong>Romano</strong></span> <span class='ocrx_word' id='word_1_79' title='bbox 1449 1466 1655 1509; x_wconf 87' lang='lat' dir='ltr'><strong>unum</strong></span> <span class='ocrx_word' id='word_1_80' title='bbox 1724 1444 2051 1528; x_wconf 88' lang='lat' dir='ltr'><strong>iugulum,</strong></span> <span class='ocrx_word' id='word_1_81' title='bbox 2122 1441 2291 1527; x_wconf 89' lang='lat' dir='ltr'><strong>quod</strong></span> <span class='ocrx_word' id='word_1_82' title='bbox 2361 1462 2493 1507; x_wconf 92' lang='grc'><strong>666</strong></span> 
     </span>
     <span class='ocr_line' id='line_1_13' title="bbox 537 1532 1327 1615; baseline -0.006 -15"><span class='ocrx_word' id='word_1_83' title='bbox 537 1536 674 1600; x_wconf 88' lang='lat' dir='ltr'><strong>ictu</strong></span> <span class='ocrx_word' id='word_1_84' title='bbox 721 1532 1048 1615; x_wconf 82' lang='lat' dir='ltr'><strong>amputari</strong></span> <span class='ocrx_word' id='word_1_85' title='bbox 1093 1544 1327 1614; x_wconf 83' lang='lat' dir='ltr'><strong>posset.</strong></span> 
     </span>
    </p>

    <p class='ocr_par' dir='ltr' id='par_1_3' title="bbox 711 1613 2492 1699">
     <span class='ocr_line' id='line_1_14' title="bbox 711 1613 2492 1699; baseline -0.004 -14"><span class='ocrx_word' id='word_1_86' title='bbox 711 1620 944 1685; x_wconf 78' lang='lat' dir='ltr'><strong>Celare</strong></span> <span class='ocrx_word' id='word_1_87' title='bbox 989 1634 1053 1683; x_wconf 89' lang='lat' dir='ltr'><strong>te</strong></span> <span class='ocrx_word' id='word_1_88' title='bbox 1102 1617 1206 1681; x_wconf 90' lang='lat' dir='ltr'><strong>hic</strong></span> <span class='ocrx_word' id='word_1_89' title='bbox 1251 1638 1383 1681; x_wconf 91' lang='grc'><strong>666</strong></span> <span class='ocrx_word' id='word_1_90' title='bbox 1430 1637 1717 1699; x_wconf 82' lang='lat' dir='ltr'><strong>possum,</strong></span> <span class='ocrx_word' id='word_1_91' title='bbox 1764 1616 1917 1697; x_wconf 89' lang='lat' dir='ltr'><strong>quid</strong></span> <span class='ocrx_word' id='word_1_92' title='bbox 1965 1615 2127 1680; x_wconf 90' lang='lat' dir='ltr'><strong>mihi</strong></span> <span class='ocrx_word' id='word_1_93' title='bbox 2171 1636 2320 1680; x_wconf 91' lang='lat' dir='ltr'><strong>cum</strong></span> <span class='ocrx_word' id='word_1_94' title='bbox 2368 1613 2492 1678; x_wconf 91' lang='lat' dir='ltr'><strong>hoc</strong></span> 
     </span>
    </p>
   </div>
   <div class='ocr_carea' id='block_1_3' title="bbox 2037 392 3029 462">
    <p class='ocr_par' dir='ltr' id='par_1_4' title="bbox 2037 392 3029 462">
     <span class='ocr_line' id='line_1_15' title="bbox 2037 392 3029 462; baseline -0.009 0"><span class='ocrx_word' id='word_1_95' title='bbox 2037 392 2558 462; x_wconf 79' lang='lat' dir='ltr'><strong>EPIS&#39;I&#39;OLAE</strong></span> <span class='ocrx_word' id='word_1_96' title='bbox 2611 398 3029 461; x_wconf 66' lang='grc'><strong>1948-1946</strong></span> 
     </span>
    </p>
   </div>
   <div class='ocr_carea' id='block_1_4' title="bbox 2536 616 2546 1496">
    <p class='ocr_par' dir='ltr' id='par_1_5' title="bbox 2536 616 2546 1496">
     <span class='ocr_line' id='line_1_16' title="bbox 2536 616 2546 1496; baseline 0 0"><span class='ocrx_word' id='word_1_97' title='bbox 2536 616 2546 1496; x_wconf 95' lang='lat' dir='ltr'><strong> </strong></span> 
     </span>
    </p>
   </div>
   <div class='ocr_carea' id='block_1_5' title="bbox 2538 1546 2546 1675">
    <p class='ocr_par' dir='ltr' id='par_1_6' title="bbox 2538 1546 2546 1675">
     <span class='ocr_line' id='line_1_17' title="bbox 2538 1546 2546 1675; baseline 0 0"><span class='ocrx_word' id='word_1_98' title='bbox 2538 1546 2546 1675; x_wconf 70' lang='lat' dir='ltr'><strong>l</strong></span> 
     </span>
    </p>
   </div>
   <div class='ocr_carea' id='block_1_6' title="bbox 4419 394 4544 459">
    <p class='ocr_par' dir='ltr' id='par_1_7' title="bbox 4419 394 4544 459">
     <span class='ocr_line' id='line_1_18' title="bbox 4419 394 4544 459; baseline -0.016 0"><span class='ocrx_word' id='word_1_99' title='bbox 4419 394 4544 459; x_wconf 80' lang='lat'><strong>128</strong></span> 
     </span>
    </p>
   </div>
   <div class='ocr_carea' id='block_1_7' title="bbox 2587 580 4545 1441">
    <p class='ocr_par' dir='ltr' id='par_1_8' title="bbox 2587 580 4545 1441">
     <span class='ocr_line' id='line_1_19' title="bbox 2588 580 4540 671; baseline -0.003 -20"><span class='ocrx_word' id='word_1_100' title='bbox 2588 584 2873 651; x_wconf 88' lang='lat' dir='ltr'><strong>eundem</strong></span> <span class='ocrx_word' id='word_1_101' title='bbox 2923 584 3400 671; x_wconf 75' lang='lat' dir='ltr'><strong>evangelistam</strong></span> <span class='ocrx_word' id='word_1_102' title='bbox 3456 582 3694 650; x_wconf 87' lang='lat' dir='ltr'><strong>dicenti</strong></span> <span class='ocrx_word' id='word_1_103' title='bbox 3740 582 3986 651; x_wconf 86' lang='lat' dir='ltr'><strong>Pilato:</strong></span> <span class='ocrx_word' id='word_1_104' title='bbox 4043 582 4217 650; x_wconf 75' lang='lat' dir='ltr'><strong>Mihi</strong></span> <span class='ocrx_word' id='word_1_105' title='bbox 4267 602 4404 648; x_wconf 91' lang='grc'><strong>666</strong></span> <span class='ocrx_word' id='word_1_106' title='bbox 4444 580 4540 646; x_wconf 84' lang='lat' dir='ltr'><strong>lo—</strong></span> 
     </span>
     <span class='ocr_line' id='line_1_20' title="bbox 2587 664 4538 755; baseline -0.001 -21"><span class='ocrx_word' id='word_1_107' title='bbox 2587 671 2857 753; x_wconf 81' lang='lat' dir='ltr'><strong>queris?</strong></span> <span class='ocrx_word' id='word_1_108' title='bbox 2902 672 3133 749; x_wconf 88' lang='lat' dir='ltr'><strong>nescis,</strong></span> <span class='ocrx_word' id='word_1_109' title='bbox 3167 671 3339 755; x_wconf 88' lang='lat' dir='ltr'><strong>quod</strong></span> <span class='ocrx_word' id='word_1_110' title='bbox 3375 682 3763 755; x_wconf 85' lang='lat' dir='ltr'><strong>potestatem</strong></span> <span class='ocrx_word' id='word_1_111' title='bbox 3800 669 4078 735; x_wconf 88' lang='lat' dir='ltr'><strong>babeam</strong></span> <span class='ocrx_word' id='word_1_112' title='bbox 4113 664 4538 752; x_wconf 82' lang='lat' dir='ltr'><strong>crucifigendi</strong></span> 
     </span>
     <span class='ocr_line' id='line_1_21' title="bbox 2591 754 4539 841; baseline -0.002 -19"><span class='ocrx_word' id='word_1_113' title='bbox 2591 767 2685 834; x_wconf 83' lang='lat' dir='ltr'><strong>te,</strong></span> <span class='ocrx_word' id='word_1_114' title='bbox 2742 768 2807 823; x_wconf 94' lang='grc' dir='ltr'><strong>6ι</strong></span> <span class='ocrx_word' id='word_1_115' title='bbox 2860 768 3252 841; x_wconf 86' lang='lat' dir='ltr'><strong>potestatem</strong></span> <span class='ocrx_word' id='word_1_116' title='bbox 3314 756 3589 823; x_wconf 88' lang='lat' dir='ltr'><strong>habeam</strong></span> <span class='ocrx_word' id='word_1_117' title='bbox 3657 755 4040 822; x_wconf 86' lang='lat' dir='ltr'><strong>absolvendi</strong></span> <span class='ocrx_word' id='word_1_118' title='bbox 4096 754 4205 821; x_wconf 82' lang='lat' dir='ltr'><strong>te?</strong></span> <span class='ocrx_word' id='word_1_119' title='bbox 4271 773 4539 836; x_wconf 89' lang='lat' dir='ltr'><strong>respon-</strong></span> 
     </span>
     <span class='ocr_line' id='line_1_22' title="bbox 2592 838 4544 927; baseline -0.003 -18"><span class='ocrx_word' id='word_1_120' title='bbox 2592 842 2717 910; x_wconf 89' lang='lat' dir='ltr'><strong>dit:</strong></span> <span class='ocrx_word' id='word_1_121' title='bbox 2788 843 2938 909; x_wconf 89' lang='lat' dir='ltr'><strong>Non</strong></span> <span class='ocrx_word' id='word_1_122' title='bbox 2998 843 3273 909; x_wconf 77' lang='lat' dir='ltr'><strong>haberes</strong></span> <span class='ocrx_word' id='word_1_123' title='bbox 3330 854 3719 927; x_wconf 87' lang='lat' dir='ltr'><strong>potestatem</strong></span> <span class='ocrx_word' id='word_1_124' title='bbox 3776 841 4094 907; x_wconf 87' lang='lat' dir='ltr'><strong>adversus</strong></span> <span class='ocrx_word' id='word_1_125' title='bbox 4150 861 4259 906; x_wconf 87' lang='lat' dir='ltr'><strong>me</strong></span> <span class='ocrx_word' id='word_1_126' title='bbox 4315 838 4544 919; x_wconf 72' lang='lat' dir='ltr'><strong>uuam,</strong></span> 
     </span>
     <span class='ocr_line' id='line_1_23' title="bbox 2591 923 4540 1011; baseline -0.002 -17"><span class='ocrx_word' id='word_1_127' title='bbox 2591 931 2721 994; x_wconf 89' lang='lat' dir='ltr'><strong>nisi</strong></span> <span class='ocrx_word' id='word_1_128' title='bbox 2778 929 2897 995; x_wconf 90' lang='lat' dir='ltr'><strong>tibi</strong></span> <span class='ocrx_word' id='word_1_129' title='bbox 2954 929 3182 995; x_wconf 88' lang='lat' dir='ltr'><strong>datum</strong></span> <span class='ocrx_word' id='word_1_130' title='bbox 3236 943 3411 995; x_wconf 87' lang='lat' dir='ltr'><strong>esset</strong></span> <span class='ocrx_word' id='word_1_131' title='bbox 3463 951 3501 994; x_wconf 94' lang='grc'><strong>6</strong></span> <span class='ocrx_word' id='word_1_132' title='bbox 3544 929 3861 1011; x_wconf 85' lang='lat' dir='ltr'><strong>supernis.</strong></span> <span class='ocrx_word' id='word_1_133' title='bbox 3950 926 4132 1009; x_wconf 80' lang='lat' dir='ltr'><strong>Quid</strong></span> <span class='ocrx_word' id='word_1_134' title='bbox 4176 926 4301 992; x_wconf 92' lang='grc'><strong>1166</strong></span> <span class='ocrx_word' id='word_1_135' title='bbox 4343 923 4540 1003; x_wconf 82' lang='lat' dir='ltr'><strong>aliud,</strong></span> 
     </span>
     <span class='ocr_line' id='line_1_24' title="bbox 2590 1010 4545 1099; baseline -0.002 -19"><span class='ocrx_word' id='word_1_136' title='bbox 2590 1037 2849 1099; x_wconf 89' lang='grc'><strong>666666,</strong></span> <span class='ocrx_word' id='word_1_137' title='bbox 2894 1017 3113 1094; x_wconf 79' lang='lat' dir='ltr'><strong>frater,</strong></span> <span class='ocrx_word' id='word_1_138' title='bbox 3159 1038 3352 1099; x_wconf 91' lang='lat' dir='ltr'><strong>quam</strong></span> <span class='ocrx_word' id='word_1_139' title='bbox 3389 1015 3562 1098; x_wconf 87' lang='lat' dir='ltr'><strong>quod</strong></span> <span class='ocrx_word' id='word_1_140' title='bbox 3592 1015 3839 1080; x_wconf 88' lang='lat' dir='ltr'><strong>Paulus</strong></span> <span class='ocrx_word' id='word_1_141' title='bbox 3875 1013 3958 1079; x_wconf 86' lang='lat' dir='ltr'><strong>ad</strong></span> <span class='ocrx_word' id='word_1_142' title='bbox 3985 1014 4343 1079; x_wconf 87' lang='lat' dir='ltr'><strong>Romanos:</strong></span> <span class='ocrx_word' id='word_1_143' title='bbox 4391 1010 4545 1077; x_wconf 84' lang='lat' dir='ltr'><strong>Non</strong></span> 
     </span>
     <span class='ocr_line' id='line_1_25' title="bbox 2592 1095 4544 1186; baseline -0.002 -19"><span class='ocrx_word' id='word_1_144' title='bbox 2592 1115 2694 1167; x_wconf 89' lang='lat' dir='ltr'><strong>est</strong></span> <span class='ocrx_word' id='word_1_145' title='bbox 2736 1105 2914 1167; x_wconf 90' lang='lat' dir='ltr'><strong>enim</strong></span> <span class='ocrx_word' id='word_1_146' title='bbox 2959 1115 3247 1186; x_wconf 89' lang='lat' dir='ltr'><strong>potestas</strong></span> <span class='ocrx_word' id='word_1_147' title='bbox 3291 1103 3417 1167; x_wconf 81' lang='lat' dir='ltr'><strong>nisi</strong></span> <span class='ocrx_word' id='word_1_148' title='bbox 3459 1123 3498 1168; x_wconf 97' lang='lat' dir='ltr'><strong>a</strong></span> <span class='ocrx_word' id='word_1_149' title='bbox 3543 1102 3700 1166; x_wconf 76' lang='lat' dir='ltr'><strong>Deo,</strong></span> <span class='ocrx_word' id='word_1_150' title='bbox 3766 1100 3856 1166; x_wconf 88' lang='lat' dir='ltr'><strong>Et</strong></span> <span class='ocrx_word' id='word_1_151' title='bbox 3898 1100 4191 1182; x_wconf 86' lang='lat' dir='ltr'><strong>quisquis</strong></span> <span class='ocrx_word' id='word_1_152' title='bbox 4232 1095 4544 1182; x_wconf 74' lang='lat' dir='ltr'><strong>potestati</strong></span> 
     </span>
     <span class='ocr_line' id='line_1_26' title="bbox 2595 1187 4544 1268; baseline -0.003 -15"><span class='ocrx_word' id='word_1_153' title='bbox 2595 1189 2872 1268; x_wconf 85' lang='lat' dir='ltr'><strong>resistit,</strong></span> <span class='ocrx_word' id='word_1_154' title='bbox 2934 1188 3064 1253; x_wconf 91' lang='lat' dir='ltr'><strong>Dei</strong></span> <span class='ocrx_word' id='word_1_155' title='bbox 3107 1187 3497 1253; x_wconf 85' lang='lat' dir='ltr'><strong>ordinationi</strong></span> <span class='ocrx_word' id='word_1_156' title='bbox 3555 1187 3816 1251; x_wconf 77' lang='lat' dir='ltr'><strong>resistit.</strong></span> <span class='ocrx_word' id='word_1_157' title='bbox 3916 1187 4009 1252; x_wconf 87' lang='lat' dir='ltr'><strong>Et</strong></span> <span class='ocrx_word' id='word_1_158' title='bbox 4064 1194 4321 1252; x_wconf 86' lang='lat' dir='ltr'><strong>caetera</strong></span> <span class='ocrx_word' id='word_1_159' title='bbox 4376 1202 4544 1267; x_wconf 80' lang='lat' dir='ltr'><strong>quae</strong></span> 
     </span>
     <span class='ocr_line' id='line_1_27' title="bbox 2594 1270 4545 1357; baseline -0.003 -19"><span class='ocrx_word' id='word_1_160' title='bbox 2594 1275 2726 1341; x_wconf 91' lang='lat' dir='ltr'><strong>illic</strong></span> <span class='ocrx_word' id='word_1_161' title='bbox 2752 1288 2819 1339; x_wconf 89' lang='lat' dir='ltr'><strong>et</strong></span> <span class='ocrx_word' id='word_1_162' title='bbox 2841 1274 3240 1357; x_wconf 88' lang='lat' dir='ltr'><strong>praecedunt</strong></span> <span class='ocrx_word' id='word_1_163' title='bbox 3275 1286 3343 1339; x_wconf 90' lang='lat' dir='ltr'><strong>et</strong></span> <span class='ocrx_word' id='word_1_164' title='bbox 3363 1284 3749 1356; x_wconf 88' lang='lat' dir='ltr'><strong>sequuntur.</strong></span> <span class='ocrx_word' id='word_1_165' title='bbox 3819 1271 4097 1336; x_wconf 80' lang='lat' dir='ltr'><strong>Frustra</strong></span> <span class='ocrx_word' id='word_1_166' title='bbox 4131 1270 4333 1336; x_wconf 86' lang='lat' dir='ltr'><strong>infers</strong></span> <span class='ocrx_word' id='word_1_167' title='bbox 4354 1288 4545 1354; x_wconf 88' lang='lat' dir='ltr'><strong>ergo:</strong></span> 
     </span>
     <span class='ocr_line' id='line_1_28' title="bbox 2596 1357 4544 1441; baseline -0.003 -16"><span class='ocrx_word' id='word_1_168' title='bbox 2596 1360 2740 1426; x_wconf 89' lang='lat' dir='ltr'><strong>Non</strong></span> <span class='ocrx_word' id='word_1_169' title='bbox 2788 1362 3054 1426; x_wconf 84' lang='lat' dir='ltr'><strong>iussisse</strong></span> <span class='ocrx_word' id='word_1_170' title='bbox 3098 1359 3390 1426; x_wconf 90' lang='lat' dir='ltr'><strong>comburi</strong></span> <span class='ocrx_word' id='word_1_171' title='bbox 3435 1371 3541 1436; x_wconf 72' lang='lat' dir='ltr'><strong>(ut</strong></span> <span class='ocrx_word' id='word_1_172' title='bbox 3585 1381 3703 1424; x_wconf 89' lang='lat' dir='ltr'><strong>nec</strong></span> <span class='ocrx_word' id='word_1_173' title='bbox 3750 1359 4024 1431; x_wconf 81' lang='lat' dir='ltr'><strong>Paulus)</strong></span> <span class='ocrx_word' id='word_1_174' title='bbox 4071 1378 4231 1441; x_wconf 88' lang='lat' dir='ltr'><strong>ergo</strong></span> <span class='ocrx_word' id='word_1_175' title='bbox 4274 1357 4544 1422; x_wconf 85' lang='lat' dir='ltr'><strong>combu-</strong></span> 
     </span>
    </p>
   </div>
   <div class='ocr_carea' id='block_1_8' title="bbox 2537 1442 4546 1541">
    <p class='ocr_par' dir='ltr' id='par_1_9' title="bbox 2537 1442 4546 1541">
     <span class='ocr_line' id='line_1_29' title="bbox 2537 1442 4546 1541; baseline -0.002 -30"><span class='ocrx_word' id='word_1_176' title='bbox 2537 1508 2547 1541; x_wconf 58' lang='grc'><strong>,</strong></span> <span class='ocrx_word' id='word_1_177' title='bbox 2595 1446 2778 1511; x_wconf 90' lang='lat' dir='ltr'><strong>rendi</strong></span> <span class='ocrx_word' id='word_1_178' title='bbox 2841 1469 2974 1511; x_wconf 92' lang='lat' dir='ltr'><strong>non</strong></span> <span class='ocrx_word' id='word_1_179' title='bbox 3031 1456 3216 1526; x_wconf 89' lang='lat' dir='ltr'><strong>sunt,</strong></span> <span class='ocrx_word' id='word_1_180' title='bbox 3285 1468 3403 1512; x_wconf 90' lang='grc'><strong>666</strong></span> <span class='ocrx_word' id='word_1_181' title='bbox 3462 1445 3591 1510; x_wconf 82' lang='lat' dir='ltr'><strong>alia</strong></span> <span class='ocrx_word' id='word_1_182' title='bbox 3646 1466 3841 1528; x_wconf 86' lang='lat' dir='ltr'><strong>quam</strong></span> <span class='ocrx_word' id='word_1_183' title='bbox 3908 1443 4243 1509; x_wconf 85' lang='lat' dir='ltr'><strong>vitatiouis</strong></span> <span class='ocrx_word' id='word_1_184' title='bbox 4307 1442 4546 1525; x_wconf 86' lang='lat' dir='ltr'><strong>probro</strong></span> 
     </span>
    </p>
   </div>
   <div class='ocr_carea' id='block_1_9' title="bbox 2595 1530 4545 1702">
    <p class='ocr_par' dir='ltr' id='par_1_10' title="bbox 2595 1530 4545 1702">
     <span class='ocr_line' id='line_1_30' title="bbox 2596 1530 4545 1616; baseline -0.003 -18"><span class='ocrx_word' id='word_1_185' title='bbox 2596 1554 2806 1615; x_wconf 87' lang='lat' dir='ltr'><strong>poena</strong></span> <span class='ocrx_word' id='word_1_186' title='bbox 2849 1531 3208 1610; x_wconf 88' lang='lat' dir='ltr'><strong>coercendi,</strong></span> <span class='ocrx_word' id='word_1_187' title='bbox 3255 1532 3639 1616; x_wconf 88' lang='lat' dir='ltr'><strong>praesertim</strong></span> <span class='ocrx_word' id='word_1_188' title='bbox 3676 1533 3744 1595; x_wconf 90' lang='lat' dir='ltr'><strong>in</strong></span> <span class='ocrx_word' id='word_1_189' title='bbox 3791 1530 3998 1595; x_wconf 85' lang='lat' dir='ltr'><strong>filium</strong></span> <span class='ocrx_word' id='word_1_190' title='bbox 4027 1530 4146 1594; x_wconf 91' lang='lat' dir='ltr'><strong>Dei</strong></span> <span class='ocrx_word' id='word_1_191' title='bbox 4192 1540 4324 1593; x_wconf 89' lang='lat' dir='ltr'><strong>tam</strong></span> <span class='ocrx_word' id='word_1_192' title='bbox 4371 1539 4545 1593; x_wconf 88' lang='lat' dir='ltr'><strong>atro-</strong></span> 
     </span>
     <span class='ocr_line' id='line_1_31' title="bbox 2595 1613 4544 1702; baseline -0.003 -18"><span class='ocrx_word' id='word_1_193' title='bbox 2595 1619 2758 1685; x_wconf 88' lang='lat' dir='ltr'><strong>citer</strong></span> <span class='ocrx_word' id='word_1_194' title='bbox 2802 1618 3182 1702; x_wconf 78' lang='lat' dir='ltr'><strong>blasphemi,</strong></span> <span class='ocrx_word' id='word_1_195' title='bbox 3228 1618 3586 1684; x_wconf 89' lang='lat' dir='ltr'><strong>cuiusmodi</strong></span> <span class='ocrx_word' id='word_1_196' title='bbox 3629 1626 3997 1682; x_wconf 86' lang='lat' dir='ltr'><strong>monstrum</strong></span> <span class='ocrx_word' id='word_1_197' title='bbox 4033 1613 4194 1680; x_wconf 90' lang='lat' dir='ltr'><strong>illud</strong></span> <span class='ocrx_word' id='word_1_198' title='bbox 4239 1613 4544 1689; x_wconf 87' lang='lat' dir='ltr'><strong>hominis,</strong></span> 
     </span>
    </p>
   </div>
   <div class='ocr_carea' id='block_1_10' title="bbox 538 1698 4545 1787">
    <p class='ocr_par' dir='ltr' id='par_1_11' title="bbox 538 1698 4545 1787">
     <span class='ocr_line' id='line_1_32' title="bbox 538 1698 4545 1787; baseline -0.003 -16"><span class='ocrx_word' id='word_1_199' title='bbox 538 1707 883 1771; x_wconf 87' lang='lat' dir='ltr'><strong>hominum</strong></span> <span class='ocrx_word' id='word_1_200' title='bbox 930 1724 1168 1787; x_wconf 81' lang='lat' dir='ltr'><strong>genere</strong></span> <span class='ocrx_word' id='word_1_201' title='bbox 1212 1702 1539 1768; x_wconf 71' lang='lat' dir='ltr'><strong>acciderit.</strong></span> <span class='ocrx_word' id='word_1_202' title='bbox 1631 1700 1925 1766; x_wconf 84' lang='lat' dir='ltr'><strong>Venerat</strong></span> <span class='ocrx_word' id='word_1_203' title='bbox 1970 1700 2052 1765; x_wconf 90' lang='lat' dir='ltr'><strong>ad</strong></span> <span class='ocrx_word' id='word_1_204' title='bbox 2097 1722 2202 1766; x_wconf 90' lang='lat' dir='ltr'><strong>me</strong></span> <span class='ocrx_word' id='word_1_205' title='bbox 2246 1701 2492 1782; x_wconf 87' lang='lat' dir='ltr'><strong>aliquot</strong></span> <span class='ocrx_word' id='word_1_206' title='bbox 2538 1698 2546 1767; x_wconf 95' lang='grc'><strong>1</strong></span> <span class='ocrx_word' id='word_1_207' title='bbox 2596 1728 2679 1770; x_wconf 76' lang='lat' dir='ltr'><strong>ex</strong></span> <span class='ocrx_word' id='word_1_208' title='bbox 2744 1704 2971 1769; x_wconf 76' lang='lat' dir='ltr'><strong>divina</strong></span> <span class='ocrx_word' id='word_1_209' title='bbox 3036 1704 3285 1770; x_wconf 67' lang='lat' dir='ltr'><strong>Christi</strong></span> <span class='ocrx_word' id='word_1_210' title='bbox 3352 1716 3622 1780; x_wconf 66' lang='lat' dir='ltr'><strong>natura,</strong></span> <span class='ocrx_word' id='word_1_211' title='bbox 3697 1724 3829 1785; x_wconf 80' lang='lat' dir='ltr'><strong>qua</strong></span> <span class='ocrx_word' id='word_1_212' title='bbox 3907 1702 4076 1782; x_wconf 78' lang='lat' dir='ltr'><strong>patri</strong></span> <span class='ocrx_word' id='word_1_213' title='bbox 4140 1711 4545 1775; x_wconf 86' lang='lat' dir='ltr'><strong>coaeternus,</strong></span> 
     </span>
    </p>
   </div>
   <div class='ocr_carea' id='block_1_11' title="bbox 538 1786 2503 5400">
    <p class='ocr_par' dir='ltr' id='par_1_12' title="bbox 538 1786 2503 5400">
     <span class='ocr_line' id='line_1_33' title="bbox 541 1786 2488 1872; baseline -0.005 -14"><span class='ocrx_word' id='word_1_214' title='bbox 541 1802 694 1858; x_wconf 86' lang='lat' dir='ltr'><strong>ante</strong></span> <span class='ocrx_word' id='word_1_215' title='bbox 738 1812 996 1855; x_wconf 85' lang='lat' dir='ltr'><strong>menses</strong></span> <span class='ocrx_word' id='word_1_216' title='bbox 1041 1789 1362 1872; x_wconf 82' lang='lat' dir='ltr'><strong>parochus</strong></span> <span class='ocrx_word' id='word_1_217' title='bbox 1406 1786 1669 1869; x_wconf 88' lang='lat' dir='ltr'><strong>quidam</strong></span> <span class='ocrx_word' id='word_1_218' title='bbox 1717 1809 1802 1851; x_wconf 89' lang='lat' dir='ltr'><strong>ex</strong></span> <span class='ocrx_word' id='word_1_219' title='bbox 1846 1808 2005 1871; x_wconf 85' lang='lat' dir='ltr'><strong>agro</strong></span> <span class='ocrx_word' id='word_1_220' title='bbox 2056 1787 2488 1871; x_wconf 83' lang='lat' dir='ltr'><strong>Vangionum‚</strong></span> 
     </span>
     <span class='ocr_line' id='line_1_34' title="bbox 541 1871 2492 1956; baseline -0.004 -14"><span class='ocrx_word' id='word_1_221' title='bbox 541 1877 623 1942; x_wconf 90' lang='lat' dir='ltr'><strong>de</strong></span> <span class='ocrx_word' id='word_1_222' title='bbox 666 1876 1065 1941; x_wconf 75' lang='lat' dir='ltr'><strong>eucharistia</strong></span> <span class='ocrx_word' id='word_1_223' title='bbox 1109 1875 1349 1956; x_wconf 83' lang='lat' dir='ltr'><strong>alioqui</strong></span> <span class='ocrx_word' id='word_1_224' title='bbox 1408 1872 1771 1937; x_wconf 82' lang='lat' dir='ltr'><strong>orthodoxe</strong></span> <span class='ocrx_word' id='word_1_225' title='bbox 1815 1876 2129 1949; x_wconf 89' lang='lat' dir='ltr'><strong>sentiens,</strong></span> <span class='ocrx_word' id='word_1_226' title='bbox 2176 1885 2243 1938; x_wconf 91' lang='lat' dir='ltr'><strong>et</strong></span> <span class='ocrx_word' id='word_1_227' title='bbox 2282 1874 2363 1937; x_wconf 91' lang='lat' dir='ltr'><strong>ob</strong></span> <span class='ocrx_word' id='word_1_228' title='bbox 2423 1871 2492 1935; x_wconf 90' lang='lat' dir='ltr'><strong>id</strong></span> 
     </span>
     <span class='ocr_line' id='line_1_35' title="bbox 540 1958 2493 2028; baseline -0.003 0"><span class='ocrx_word' id='word_1_229' title='bbox 540 1962 927 2028; x_wconf 81' lang='lat' dir='ltr'><strong>familiarior</strong></span> <span class='ocrx_word' id='word_1_230' title='bbox 970 1974 1037 2025; x_wconf 88' lang='lat' dir='ltr'><strong>et</strong></span> <span class='ocrx_word' id='word_1_231' title='bbox 1079 1961 1295 2025; x_wconf 84' lang='lat' dir='ltr'><strong>carior</strong></span> <span class='ocrx_word' id='word_1_232' title='bbox 1340 1960 1515 2023; x_wconf 91' lang='lat' dir='ltr'><strong>mihi.</strong></span> <span class='ocrx_word' id='word_1_233' title='bbox 1599 1958 1777 2023; x_wconf 90' lang='lat' dir='ltr'><strong>Huic</strong></span> <span class='ocrx_word' id='word_1_234' title='bbox 1819 1981 1897 2023; x_wconf 82' lang='lat' dir='ltr'><strong>ex</strong></span> <span class='ocrx_word' id='word_1_235' title='bbox 1946 1981 2124 2024; x_wconf 90' lang='lat' dir='ltr'><strong>more</strong></span> <span class='ocrx_word' id='word_1_236' title='bbox 2168 1958 2248 2024; x_wconf 90' lang='lat' dir='ltr'><strong>de</strong></span> <span class='ocrx_word' id='word_1_237' title='bbox 2294 1959 2493 2023; x_wconf 87' lang='lat' dir='ltr'><strong>variis</strong></span> 
     </span>
     <span class='ocr_line' id='line_1_36' title="bbox 541 2042 2490 2131; baseline -0.004 -16"><span class='ocrx_word' id='word_1_238' title='bbox 541 2049 931 2131; x_wconf 78' lang='lat' dir='ltr'><strong>colloquenti</strong></span> <span class='ocrx_word' id='word_1_239' title='bbox 982 2046 1140 2110; x_wconf 89' lang='lat' dir='ltr'><strong>mihi</strong></span> <span class='ocrx_word' id='word_1_240' title='bbox 1186 2045 1478 2110; x_wconf 88' lang='lat' dir='ltr'><strong>libellum</strong></span> <span class='ocrx_word' id='word_1_241' title='bbox 1535 2044 1708 2110; x_wconf 89' lang='lat' dir='ltr'><strong>hunc</strong></span> <span class='ocrx_word' id='word_1_242' title='bbox 1759 2042 2011 2110; x_wconf 75' lang='lat' dir='ltr'><strong>Caluini</strong></span> <span class='ocrx_word' id='word_1_243' title='bbox 2057 2046 2279 2123; x_wconf 89' lang='lat' dir='ltr'><strong>obtuli,</strong></span> <span class='ocrx_word' id='word_1_244' title='bbox 2341 2045 2490 2109; x_wconf 88' lang='lat' dir='ltr'><strong>hor·</strong></span> 
     </span>
     <span class='ocr_line' id='line_1_37' title="bbox 544 2129 2494 2214; baseline -0.003 -15"><span class='ocrx_word' id='word_1_245' title='bbox 544 2144 739 2211; x_wconf 85' lang='lat' dir='ltr'><strong>tatus,</strong></span> <span class='ocrx_word' id='word_1_246' title='bbox 807 2148 877 2197; x_wconf 90' lang='lat' dir='ltr'><strong>ut</strong></span> <span class='ocrx_word' id='word_1_247' title='bbox 938 2140 1341 2214; x_wconf 83' lang='lat' dir='ltr'><strong>asportatum</strong></span> <span class='ocrx_word' id='word_1_248' title='bbox 1385 2152 1606 2196; x_wconf 86' lang='lat' dir='ltr'><strong>secum</strong></span> <span class='ocrx_word' id='word_1_249' title='bbox 1654 2131 1917 2213; x_wconf 83' lang='lat' dir='ltr'><strong>legeret,</strong></span> <span class='ocrx_word' id='word_1_250' title='bbox 1977 2132 2216 2196; x_wconf 90' lang='lat' dir='ltr'><strong>lectum</strong></span> <span class='ocrx_word' id='word_1_251' title='bbox 2260 2129 2494 2194; x_wconf 88' lang='lat' dir='ltr'><strong>deinde</strong></span> 
     </span>
     <span class='ocr_line' id='line_1_38' title="bbox 543 2216 2492 2300; baseline -0.004 -13"><span class='ocrx_word' id='word_1_252' title='bbox 543 2222 925 2287; x_wconf 82' lang='lat' dir='ltr'><strong>remitteret.</strong></span> <span class='ocrx_word' id='word_1_253' title='bbox 1016 2217 1138 2281; x_wconf 87' lang='lat' dir='ltr'><strong>Ille</strong></span> <span class='ocrx_word' id='word_1_254' title='bbox 1196 2228 1531 2300; x_wconf 76' lang='lat' dir='ltr'><strong>receptum</strong></span> <span class='ocrx_word' id='word_1_255' title='bbox 1587 2217 1656 2281; x_wconf 91' lang='lat' dir='ltr'><strong>in</strong></span> <span class='ocrx_word' id='word_1_256' title='bbox 1713 2239 1947 2282; x_wconf 83' lang='lat' dir='ltr'><strong>manus</strong></span> <span class='ocrx_word' id='word_1_257' title='bbox 2003 2216 2165 2300; x_wconf 87' lang='lat' dir='ltr'><strong>legit</strong></span> <span class='ocrx_word' id='word_1_258' title='bbox 2208 2217 2492 2293; x_wconf 88' lang='lat' dir='ltr'><strong>titulum,</strong></span> 
     </span>
     <span class='ocr_line' id='line_1_39' title="bbox 540 2302 2497 2390; baseline -0.003 -19"><span class='ocrx_word' id='word_1_259' title='bbox 540 2327 671 2390; x_wconf 88' lang='lat' dir='ltr'><strong>quo</strong></span> <span class='ocrx_word' id='word_1_260' title='bbox 716 2306 879 2370; x_wconf 88' lang='lat' dir='ltr'><strong>lecto</strong></span> <span class='ocrx_word' id='word_1_261' title='bbox 926 2325 1077 2368; x_wconf 86' lang='lat' dir='ltr'><strong>mox</strong></span> <span class='ocrx_word' id='word_1_262' title='bbox 1124 2302 1568 2386; x_wconf 82' lang='lat' dir='ltr'><strong>indignatione</strong></span> <span class='ocrx_word' id='word_1_263' title='bbox 1612 2302 1895 2386; x_wconf 89' lang='lat' dir='ltr'><strong>quadam</strong></span> <span class='ocrx_word' id='word_1_264' title='bbox 1938 2303 2180 2367; x_wconf 90' lang='lat' dir='ltr'><strong>iterum</strong></span> <span class='ocrx_word' id='word_1_265' title='bbox 2224 2303 2497 2385; x_wconf 88' lang='lat' dir='ltr'><strong>proiecit</strong></span> 
     </span>
     <span class='ocr_line' id='line_1_40' title="bbox 540 2388 2495 2471; baseline -0.003 -14"><span class='ocrx_word' id='word_1_266' title='bbox 540 2414 625 2457; x_wconf 89' lang='lat' dir='ltr'><strong>ex</strong></span> <span class='ocrx_word' id='word_1_267' title='bbox 672 2390 990 2465; x_wconf 88' lang='lat' dir='ltr'><strong>manibus,</strong></span> <span class='ocrx_word' id='word_1_268' title='bbox 1039 2390 1348 2454; x_wconf 78' lang='lat' dir='ltr'><strong>Christus</strong></span> <span class='ocrx_word' id='word_1_269' title='bbox 1392 2411 1522 2453; x_wconf 91' lang='lat' dir='ltr'><strong>non</strong></span> <span class='ocrx_word' id='word_1_270' title='bbox 1567 2388 1778 2463; x_wconf 84' lang='lat' dir='ltr'><strong>iussit,</strong></span> <span class='ocrx_word' id='word_1_271' title='bbox 1825 2389 2156 2471; x_wconf 89' lang='lat' dir='ltr'><strong>inquiens,</strong></span> <span class='ocrx_word' id='word_1_272' title='bbox 2215 2388 2495 2455; x_wconf 84' lang='lat' dir='ltr'><strong>cremari</strong></span> 
     </span>
     <span class='ocr_line' id='line_1_41' title="bbox 542 2474 2495 2558; baseline -0.003 -14"><span class='ocrx_word' id='word_1_273' title='bbox 542 2476 657 2544; x_wconf 89' lang='lat' dir='ltr'><strong>sed</strong></span> <span class='ocrx_word' id='word_1_274' title='bbox 722 2478 918 2541; x_wconf 85' lang='lat' dir='ltr'><strong>vitari</strong></span> <span class='ocrx_word' id='word_1_275' title='bbox 982 2475 1361 2540; x_wconf 88' lang='lat' dir='ltr'><strong>haereticos.</strong></span> <span class='ocrx_word' id='word_1_276' title='bbox 1466 2474 1651 2539; x_wconf 88' lang='lat' dir='ltr'><strong>Idem</strong></span> <span class='ocrx_word' id='word_1_277' title='bbox 1722 2474 1910 2540; x_wconf 88' lang='lat' dir='ltr'><strong>docet</strong></span> <span class='ocrx_word' id='word_1_278' title='bbox 1978 2474 2243 2539; x_wconf 88' lang='lat' dir='ltr'><strong>Paulus.</strong></span> <span class='ocrx_word' id='word_1_279' title='bbox 2352 2474 2495 2558; x_wconf 88' lang='lat' dir='ltr'><strong>Ego</strong></span> 
     </span>
     <span class='ocr_line' id='line_1_42' title="bbox 544 2560 2496 2635; baseline -0.003 -5"><span class='ocrx_word' id='word_1_280' title='bbox 544 2562 1056 2630; x_wconf 75' lang='lat' dir='ltr'><strong>admirabundus</strong></span> <span class='ocrx_word' id='word_1_281' title='bbox 1101 2561 1182 2625; x_wconf 90' lang='lat' dir='ltr'><strong>de</strong></span> <span class='ocrx_word' id='word_1_282' title='bbox 1227 2560 1509 2635; x_wconf 88' lang='lat' dir='ltr'><strong>homine,</strong></span> <span class='ocrx_word' id='word_1_283' title='bbox 1555 2562 1739 2625; x_wconf 87' lang='lat' dir='ltr'><strong>cuius</strong></span> <span class='ocrx_word' id='word_1_284' title='bbox 1783 2561 2181 2625; x_wconf 80' lang='lat' dir='ltr'><strong>existimatio</strong></span> <span class='ocrx_word' id='word_1_285' title='bbox 2224 2572 2496 2625; x_wconf 88' lang='lat' dir='ltr'><strong>eatenus</strong></span> 
     </span>
     <span class='ocr_line' id='line_1_43' title="bbox 543 2645 2495 2734; baseline -0.004 -18"><span class='ocrx_word' id='word_1_286' title='bbox 543 2649 715 2734; x_wconf 76' lang='lat' dir='ltr'><strong>apud</strong></span> <span class='ocrx_word' id='word_1_287' title='bbox 751 2670 855 2713; x_wconf 85' lang='lat' dir='ltr'><strong>me</strong></span> <span class='ocrx_word' id='word_1_288' title='bbox 898 2645 1502 2731; x_wconf 58' lang='lat' dir='ltr'><strong>irreprehensibilis,</strong></span> <span class='ocrx_word' id='word_1_289' title='bbox 1542 2645 2042 2729; x_wconf 77' lang='lat' dir='ltr'><strong>respondebam:</strong></span> <span class='ocrx_word' id='word_1_290' title='bbox 2084 2646 2287 2721; x_wconf 89' lang='lat' dir='ltr'><strong>Heus,</strong></span> <span class='ocrx_word' id='word_1_291' title='bbox 2332 2646 2495 2710; x_wconf 91' lang='lat' dir='ltr'><strong>bone</strong></span> 
     </span>
     <span class='ocr_line' id='line_1_44' title="bbox 539 2732 2497 2816; baseline -0.003 -14"><span class='ocrx_word' id='word_1_292' title='bbox 539 2738 770 2811; x_wconf 83' lang='lat' dir='ltr'><strong>frater,</strong></span> <span class='ocrx_word' id='word_1_293' title='bbox 839 2758 920 2800; x_wconf 90' lang='lat' dir='ltr'><strong>an</strong></span> <span class='ocrx_word' id='word_1_294' title='bbox 987 2734 1228 2798; x_wconf 86' lang='lat' dir='ltr'><strong>oblitus</strong></span> <span class='ocrx_word' id='word_1_295' title='bbox 1298 2733 1469 2816; x_wconf 90' lang='lat' dir='ltr'><strong>quod</strong></span> <span class='ocrx_word' id='word_1_296' title='bbox 1551 2733 1726 2815; x_wconf 88' lang='lat' dir='ltr'><strong>apud</strong></span> <span class='ocrx_word' id='word_1_297' title='bbox 1798 2732 2117 2798; x_wconf 87' lang='lat' dir='ltr'><strong>Ioannem</strong></span> <span class='ocrx_word' id='word_1_298' title='bbox 2189 2734 2497 2800; x_wconf 74' lang='lat' dir='ltr'><strong>Christus</strong></span> 
     </span>
     <span class='ocr_line' id='line_1_45' title="bbox 539 2819 2495 2901; baseline -0.002 -15"><span class='ocrx_word' id='word_1_299' title='bbox 539 2821 779 2886; x_wconf 85' lang='lat' dir='ltr'><strong>diserte</strong></span> <span class='ocrx_word' id='word_1_300' title='bbox 824 2834 1100 2885; x_wconf 82' lang='lat' dir='ltr'><strong>testatus</strong></span> <span class='ocrx_word' id='word_1_301' title='bbox 1143 2832 1274 2896; x_wconf 90' lang='lat' dir='ltr'><strong>est,</strong></span> <span class='ocrx_word' id='word_1_302' title='bbox 1334 2820 1413 2883; x_wconf 89' lang='lat' dir='ltr'><strong>de</strong></span> <span class='ocrx_word' id='word_1_303' title='bbox 1472 2819 1682 2900; x_wconf 86' lang='lat' dir='ltr'><strong>primo</strong></span> <span class='ocrx_word' id='word_1_304' title='bbox 1736 2820 2024 2883; x_wconf 86' lang='lat' dir='ltr'><strong>adventu</strong></span> <span class='ocrx_word' id='word_1_305' title='bbox 2079 2840 2196 2884; x_wconf 91' lang='lat' dir='ltr'><strong>suo</strong></span> <span class='ocrx_word' id='word_1_306' title='bbox 2241 2820 2381 2901; x_wconf 86' lang='lat' dir='ltr'><strong>(qui</strong></span> <span class='ocrx_word' id='word_1_307' title='bbox 2425 2819 2495 2883; x_wconf 90' lang='lat' dir='ltr'><strong>in</strong></span> 
     </span>
     <span class='ocr_line' id='line_1_46' title="bbox 538 2903 2499 2982; baseline -0.003 -8"><span class='ocrx_word' id='word_1_308' title='bbox 538 2909 910 2974; x_wconf 84' lang='lat' dir='ltr'><strong>humilitate</strong></span> <span class='ocrx_word' id='word_1_309' title='bbox 946 2906 1184 2982; x_wconf 77' lang='lat' dir='ltr'><strong>factus)</strong></span> <span class='ocrx_word' id='word_1_310' title='bbox 1233 2927 1359 2969; x_wconf 90' lang='lat' dir='ltr'><strong>non</strong></span> <span class='ocrx_word' id='word_1_311' title='bbox 1407 2905 1671 2968; x_wconf 88' lang='lat' dir='ltr'><strong>venisse</strong></span> <span class='ocrx_word' id='word_1_312' title='bbox 1716 2926 1785 2970; x_wconf 89' lang='lat' dir='ltr'><strong>se</strong></span> <span class='ocrx_word' id='word_1_313' title='bbox 1831 2918 1905 2968; x_wconf 91' lang='lat' dir='ltr'><strong>ut</strong></span> <span class='ocrx_word' id='word_1_314' title='bbox 1948 2904 2206 2979; x_wconf 86' lang='lat' dir='ltr'><strong>iudicet,</strong></span> <span class='ocrx_word' id='word_1_315' title='bbox 2263 2903 2378 2969; x_wconf 91' lang='lat' dir='ltr'><strong>sed</strong></span> <span class='ocrx_word' id='word_1_316' title='bbox 2423 2914 2499 2969; x_wconf 91' lang='lat' dir='ltr'><strong>ut</strong></span> 
     </span>
     <span class='ocr_line' id='line_1_47' title="bbox 539 2989 2495 3071; baseline -0.003 -12"><span class='ocrx_word' id='word_1_317' title='bbox 539 3006 759 3061; x_wconf 87' lang='lat' dir='ltr'><strong>servet</strong></span> <span class='ocrx_word' id='word_1_318' title='bbox 796 2990 1162 3056; x_wconf 86' lang='lat' dir='ltr'><strong>mundum?</strong></span> <span class='ocrx_word' id='word_1_319' title='bbox 1232 2990 1425 3071; x_wconf 88' lang='lat' dir='ltr'><strong>Apud</strong></span> <span class='ocrx_word' id='word_1_320' title='bbox 1455 2989 1893 3054; x_wconf 86' lang='lat' dir='ltr'><strong>Matthaeum:</strong></span> <span class='ocrx_word' id='word_1_321' title='bbox 1942 3011 2013 3055; x_wconf 90' lang='lat' dir='ltr'><strong>se</strong></span> <span class='ocrx_word' id='word_1_322' title='bbox 2058 3012 2189 3054; x_wconf 90' lang='lat' dir='ltr'><strong>non</strong></span> <span class='ocrx_word' id='word_1_323' title='bbox 2214 2991 2495 3066; x_wconf 87' lang='lat' dir='ltr'><strong>venisse,</strong></span> 
     </span>
     <span class='ocr_line' id='line_1_48' title="bbox 540 3072 2497 3159; baseline -0.004 -13"><span class='ocrx_word' id='word_1_324' title='bbox 540 3089 620 3146; x_wconf 89' lang='grc' dir='ltr'><strong>6ι</strong></span> <span class='ocrx_word' id='word_1_325' title='bbox 694 3079 1179 3143; x_wconf 82' lang='lat' dir='ltr'><strong>ministraretur</strong></span> <span class='ocrx_word' id='word_1_326' title='bbox 1237 3076 1389 3152; x_wconf 85' lang='lat' dir='ltr'><strong>sibi,</strong></span> <span class='ocrx_word' id='word_1_327' title='bbox 1450 3076 1564 3140; x_wconf 89' lang='lat' dir='ltr'><strong>sed</strong></span> <span class='ocrx_word' id='word_1_328' title='bbox 1621 3088 1697 3141; x_wconf 89' lang='lat' dir='ltr'><strong>ut</strong></span> <span class='ocrx_word' id='word_1_329' title='bbox 1750 3074 2197 3140; x_wconf 84' lang='lat' dir='ltr'><strong>ministraret?</strong></span> <span class='ocrx_word' id='word_1_330' title='bbox 2304 3072 2497 3159; x_wconf 88' lang='lat' dir='ltr'><strong>Apud</strong></span> 
     </span>
     <span class='ocr_line' id='line_1_49' title="bbox 540 3160 2497 3245; baseline -0.003 -13"><span class='ocrx_word' id='word_1_331' title='bbox 540 3168 829 3233; x_wconf 82' lang='lat' dir='ltr'><strong>Lucam:</strong></span> <span class='ocrx_word' id='word_1_332' title='bbox 894 3163 1097 3238; x_wconf 88' lang='lat' dir='ltr'><strong>illum,</strong></span> <span class='ocrx_word' id='word_1_333' title='bbox 1142 3164 1255 3244; x_wconf 87' lang='lat' dir='ltr'><strong>qui</strong></span> <span class='ocrx_word' id='word_1_334' title='bbox 1301 3162 1579 3245; x_wconf 89' lang='lat' dir='ltr'><strong>petierat</strong></span> <span class='ocrx_word' id='word_1_335' title='bbox 1622 3160 1835 3227; x_wconf 85' lang='lat' dir='ltr'><strong>dicere</strong></span> <span class='ocrx_word' id='word_1_336' title='bbox 1879 3161 2071 3226; x_wconf 88' lang='lat' dir='ltr'><strong>fratri</strong></span> <span class='ocrx_word' id='word_1_337' title='bbox 2115 3183 2235 3228; x_wconf 90' lang='lat' dir='ltr'><strong>suo</strong></span> <span class='ocrx_word' id='word_1_338' title='bbox 2279 3176 2355 3227; x_wconf 90' lang='lat' dir='ltr'><strong>ut</strong></span> <span class='ocrx_word' id='word_1_339' title='bbox 2398 3162 2497 3227; x_wconf 87' lang='lat' dir='ltr'><strong>di·</strong></span> 
     </span>
     <span class='ocr_line' id='line_1_50' title="bbox 546 3247 2497 3324; baseline -0.003 -7"><span class='ocrx_word' id='word_1_340' title='bbox 546 3251 805 3318; x_wconf 79' lang='lat' dir='ltr'><strong>videret</strong></span> <span class='ocrx_word' id='word_1_341' title='bbox 826 3271 1047 3315; x_wconf 83' lang='lat' dir='ltr'><strong>secum</strong></span> <span class='ocrx_word' id='word_1_342' title='bbox 1074 3249 1563 3324; x_wconf 84' lang='lat' dir='ltr'><strong>haereditatem,</strong></span> <span class='ocrx_word' id='word_1_343' title='bbox 1609 3247 1987 3313; x_wconf 88' lang='lat' dir='ltr'><strong>amandavit</strong></span> <span class='ocrx_word' id='word_1_344' title='bbox 2021 3268 2061 3313; x_wconf 93' lang='lat' dir='ltr'><strong>a</strong></span> <span class='ocrx_word' id='word_1_345' title='bbox 2094 3270 2166 3314; x_wconf 92' lang='grc'><strong>66</strong></span> <span class='ocrx_word' id='word_1_346' title='bbox 2201 3247 2284 3312; x_wconf 90' lang='lat' dir='ltr'><strong>ad</strong></span> <span class='ocrx_word' id='word_1_347' title='bbox 2327 3247 2497 3312; x_wconf 91' lang='lat' dir='ltr'><strong>iudi-</strong></span> 
     </span>
     <span class='ocr_line' id='line_1_51' title="bbox 548 3332 2499 3415; baseline -0.004 -11"><span class='ocrx_word' id='word_1_348' title='bbox 548 3359 693 3404; x_wconf 90' lang='lat' dir='ltr'><strong>cem</strong></span> <span class='ocrx_word' id='word_1_349' title='bbox 709 3336 1113 3401; x_wconf 89' lang='lat' dir='ltr'><strong>ordinarium</strong></span> <span class='ocrx_word' id='word_1_350' title='bbox 1140 3334 1389 3399; x_wconf 89' lang='lat' dir='ltr'><strong>dicens:</strong></span> <span class='ocrx_word' id='word_1_351' title='bbox 1418 3332 1585 3415; x_wconf 83' lang='lat' dir='ltr'><strong>Quis</strong></span> <span class='ocrx_word' id='word_1_352' title='bbox 1602 3356 1704 3399; x_wconf 88' lang='lat' dir='ltr'><strong>me</strong></span> <span class='ocrx_word' id='word_1_353' title='bbox 1719 3335 1926 3400; x_wconf 87' lang='lat' dir='ltr'><strong>consti</strong></span> <span class='ocrx_word' id='word_1_354' title='bbox 1936 3336 2062 3399; x_wconf 90' lang='lat' dir='ltr'><strong>tuit</strong></span> <span class='ocrx_word' id='word_1_355' title='bbox 2088 3334 2362 3400; x_wconf 90' lang='lat' dir='ltr'><strong>iudicem</strong></span> <span class='ocrx_word' id='word_1_356' title='bbox 2382 3341 2499 3398; x_wconf 89' lang='lat' dir='ltr'><strong>aut</strong></span> 
     </span>
     <span class='ocr_line' id='line_1_52' title="bbox 547 3419 2498 3504; baseline -0.002 -16"><span class='ocrx_word' id='word_1_357' title='bbox 547 3422 897 3489; x_wconf 86' lang='lat' dir='ltr'><strong>divisorem</strong></span> <span class='ocrx_word' id='word_1_358' title='bbox 943 3442 1144 3504; x_wconf 89' lang='lat' dir='ltr'><strong>super</strong></span> <span class='ocrx_word' id='word_1_359' title='bbox 1188 3420 1348 3485; x_wconf 78' lang='lat' dir='ltr'><strong>vos?</strong></span> <span class='ocrx_word' id='word_1_360' title='bbox 1418 3421 1554 3485; x_wconf 92' lang='lat' dir='ltr'><strong>Nec</strong></span> <span class='ocrx_word' id='word_1_361' title='bbox 1604 3419 1811 3485; x_wconf 92' lang='lat' dir='ltr'><strong>voluit</strong></span> <span class='ocrx_word' id='word_1_362' title='bbox 1856 3421 2086 3486; x_wconf 88' lang='lat' dir='ltr'><strong>mortis</strong></span> <span class='ocrx_word' id='word_1_363' title='bbox 2129 3421 2299 3486; x_wconf 86' lang='lat' dir='ltr'><strong>ferre</strong></span> <span class='ocrx_word' id='word_1_364' title='bbox 2344 3440 2498 3485; x_wconf 91' lang='grc'><strong>666-</strong></span> 
     </span>
     <span class='ocr_line' id='line_1_53' title="bbox 544 3506 2497 3589; baseline -0.003 -14"><span class='ocrx_word' id='word_1_365' title='bbox 544 3510 842 3587; x_wconf 87' lang='lat' dir='ltr'><strong>tentiam,</strong></span> <span class='ocrx_word' id='word_1_366' title='bbox 902 3509 1090 3573; x_wconf 84' lang='lat' dir='ltr'><strong>iuxta</strong></span> <span class='ocrx_word' id='word_1_367' title='bbox 1148 3508 1357 3589; x_wconf 89' lang='lat' dir='ltr'><strong>legem</strong></span> <span class='ocrx_word' id='word_1_368' title='bbox 1404 3506 1628 3582; x_wconf 86' lang='lat' dir='ltr'><strong>Mosis,</strong></span> <span class='ocrx_word' id='word_1_369' title='bbox 1682 3506 1998 3573; x_wconf 87' lang='lat' dir='ltr'><strong>adversus</strong></span> <span class='ocrx_word' id='word_1_370' title='bbox 2041 3507 2382 3571; x_wconf 87' lang='lat' dir='ltr'><strong>mulierem</strong></span> <span class='ocrx_word' id='word_1_371' title='bbox 2428 3506 2497 3570; x_wconf 90' lang='lat' dir='ltr'><strong>in</strong></span> 
     </span>
     <span class='ocr_line' id='line_1_54' title="bbox 543 3590 2497 3677; baseline -0.002 -16"><span class='ocrx_word' id='word_1_372' title='bbox 543 3594 866 3661; x_wconf 79' lang='lat' dir='ltr'><strong>adulterio</strong></span> <span class='ocrx_word' id='word_1_373' title='bbox 923 3591 1427 3677; x_wconf 87' lang='lat' dir='ltr'><strong>deprehensam:</strong></span> <span class='ocrx_word' id='word_1_374' title='bbox 1491 3594 1642 3674; x_wconf 91' lang='lat' dir='ltr'><strong>quia</strong></span> <span class='ocrx_word' id='word_1_375' title='bbox 1697 3614 1827 3657; x_wconf 91' lang='grc'><strong>666</strong></span> <span class='ocrx_word' id='word_1_376' title='bbox 1885 3605 2157 3657; x_wconf 90' lang='lat' dir='ltr'><strong>venerat</strong></span> <span class='ocrx_word' id='word_1_377' title='bbox 2212 3590 2497 3657; x_wconf 90' lang='lat' dir='ltr'><strong>iudicare</strong></span> 
     </span>
     <span class='ocr_line' id='line_1_55' title="bbox 541 3678 2496 3761; baseline -0.002 -14"><span class='ocrx_word' id='word_1_378' title='bbox 541 3681 660 3747; x_wconf 83' lang='lat' dir='ltr'><strong>sed</strong></span> <span class='ocrx_word' id='word_1_379' title='bbox 705 3701 988 3746; x_wconf 85' lang='lat' dir='ltr'><strong>servare.</strong></span> <span class='ocrx_word' id='word_1_380' title='bbox 1058 3679 1297 3744; x_wconf 84' lang='lat' dir='ltr'><strong>Coram</strong></span> <span class='ocrx_word' id='word_1_381' title='bbox 1334 3679 1549 3744; x_wconf 89' lang='lat' dir='ltr'><strong>Pilato</strong></span> <span class='ocrx_word' id='word_1_382' title='bbox 1591 3699 1792 3761; x_wconf 88' lang='lat' dir='ltr'><strong>quum</strong></span> <span class='ocrx_word' id='word_1_383' title='bbox 1840 3691 2256 3743; x_wconf 85' lang='lat' dir='ltr'><strong>accusaretur</strong></span> <span class='ocrx_word' id='word_1_384' title='bbox 2301 3678 2496 3743; x_wconf 87' lang='lat' dir='ltr'><strong>affec·</strong></span> 
     </span>
     <span class='ocr_line' id='line_1_56' title="bbox 546 3764 2495 3850; baseline -0.001 -19"><span class='ocrx_word' id='word_1_385' title='bbox 546 3767 671 3832; x_wconf 85' lang='lat' dir='ltr'><strong>tati</strong></span> <span class='ocrx_word' id='word_1_386' title='bbox 729 3768 947 3850; x_wconf 91' lang='lat' dir='ltr'><strong>regni:</strong></span> <span class='ocrx_word' id='word_1_387' title='bbox 1014 3766 1325 3849; x_wconf 85' lang='lat' dir='ltr'><strong>Regnum</strong></span> <span class='ocrx_word' id='word_1_388' title='bbox 1382 3784 1620 3838; x_wconf 90' lang='lat' dir='ltr'><strong>meum,</strong></span> <span class='ocrx_word' id='word_1_389' title='bbox 1681 3765 1913 3848; x_wconf 89' lang='lat' dir='ltr'><strong>inquit,</strong></span> <span class='ocrx_word' id='word_1_390' title='bbox 1968 3785 2105 3829; x_wconf 90' lang='lat' dir='ltr'><strong>non</strong></span> <span class='ocrx_word' id='word_1_391' title='bbox 2165 3775 2265 3828; x_wconf 91' lang='lat' dir='ltr'><strong>est</strong></span> <span class='ocrx_word' id='word_1_392' title='bbox 2320 3764 2495 3829; x_wconf 88' lang='lat' dir='ltr'><strong>hinc.</strong></span> 
     </span>
     <span class='ocr_line' id='line_1_57' title="bbox 548 3849 2494 3935; baseline -0.003 -17"><span class='ocrx_word' id='word_1_393' title='bbox 548 3853 640 3918; x_wconf 87' lang='lat' dir='ltr'><strong>Et</strong></span> <span class='ocrx_word' id='word_1_394' title='bbox 674 3874 878 3935; x_wconf 90' lang='lat' dir='ltr'><strong>quum</strong></span> <span class='ocrx_word' id='word_1_395' title='bbox 901 3850 1212 3917; x_wconf 88' lang='lat' dir='ltr'><strong>adiiceret</strong></span> <span class='ocrx_word' id='word_1_396' title='bbox 1248 3872 1539 3935; x_wconf 87' lang='lat' dir='ltr'><strong>praeses:</strong></span> <span class='ocrx_word' id='word_1_397' title='bbox 1579 3851 1759 3934; x_wconf 88' lang='lat' dir='ltr'><strong>Ergo</strong></span> <span class='ocrx_word' id='word_1_398' title='bbox 1786 3873 1903 3916; x_wconf 88' lang='lat' dir='ltr'><strong>rex</strong></span> <span class='ocrx_word' id='word_1_399' title='bbox 1925 3870 1995 3915; x_wconf 90' lang='grc'><strong>66</strong></span> <span class='ocrx_word' id='word_1_400' title='bbox 2020 3849 2136 3915; x_wconf 83' lang='lat' dir='ltr'><strong>tu?</strong></span> <span class='ocrx_word' id='word_1_401' title='bbox 2198 3850 2494 3933; x_wconf 89' lang='lat' dir='ltr'><strong>Respon-</strong></span> 
     </span>
     <span class='ocr_line' id='line_1_58' title="bbox 543 3934 2497 4021; baseline -0.002 -18"><span class='ocrx_word' id='word_1_402' title='bbox 543 3938 674 4004; x_wconf 87' lang='lat' dir='ltr'><strong>dit:</strong></span> <span class='ocrx_word' id='word_1_403' title='bbox 744 3939 887 4021; x_wconf 81' lang='lat' dir='ltr'><strong>Ego</strong></span> <span class='ocrx_word' id='word_1_404' title='bbox 955 3939 1023 4002; x_wconf 92' lang='lat' dir='ltr'><strong>in</strong></span> <span class='ocrx_word' id='word_1_405' title='bbox 1093 3938 1213 4003; x_wconf 90' lang='lat' dir='ltr'><strong>hoc</strong></span> <span class='ocrx_word' id='word_1_406' title='bbox 1281 3950 1474 4002; x_wconf 89' lang='lat' dir='ltr'><strong>natus</strong></span> <span class='ocrx_word' id='word_1_407' title='bbox 1533 3958 1712 4014; x_wconf 89' lang='lat' dir='ltr'><strong>sum,</strong></span> <span class='ocrx_word' id='word_1_408' title='bbox 1773 3948 1843 4001; x_wconf 92' lang='lat' dir='ltr'><strong>et</strong></span> <span class='ocrx_word' id='word_1_409' title='bbox 1897 3934 1982 4001; x_wconf 90' lang='lat' dir='ltr'><strong>ad</strong></span> <span class='ocrx_word' id='word_1_410' title='bbox 2038 3934 2161 4002; x_wconf 92' lang='grc'><strong>1166</strong></span> <span class='ocrx_word' id='word_1_411' title='bbox 2220 3938 2369 4001; x_wconf 88' lang='lat' dir='ltr'><strong>veni</strong></span> <span class='ocrx_word' id='word_1_412' title='bbox 2424 3935 2497 4000; x_wconf 90' lang='lat' dir='ltr'><strong>in</strong></span> 
     </span>
     <span class='ocr_line' id='line_1_59' title="bbox 543 4020 2499 4103; baseline -0.002 -12"><span class='ocrx_word' id='word_1_413' title='bbox 543 4024 896 4103; x_wconf 88' lang='lat' dir='ltr'><strong>mundum,</strong></span> <span class='ocrx_word' id='word_1_414' title='bbox 968 4033 1047 4088; x_wconf 91' lang='lat' dir='ltr'><strong>ut</strong></span> <span class='ocrx_word' id='word_1_415' title='bbox 1101 4023 1547 4088; x_wconf 88' lang='lat' dir='ltr'><strong>testimonium</strong></span> <span class='ocrx_word' id='word_1_416' title='bbox 1602 4022 1815 4088; x_wconf 82' lang='lat' dir='ltr'><strong>feram</strong></span> <span class='ocrx_word' id='word_1_417' title='bbox 1873 4022 2156 4089; x_wconf 90' lang='lat' dir='ltr'><strong>veritati.</strong></span> <span class='ocrx_word' id='word_1_418' title='bbox 2260 4020 2499 4087; x_wconf 87' lang='lat' dir='ltr'><strong>Omnis</strong></span> 
     </span>
     <span class='ocr_line' id='line_1_60' title="bbox 541 4106 2498 4195; baseline -0.003 -20"><span class='ocrx_word' id='word_1_419' title='bbox 541 4112 657 4195; x_wconf 88' lang='lat' dir='ltr'><strong>qui</strong></span> <span class='ocrx_word' id='word_1_420' title='bbox 700 4123 802 4176; x_wconf 87' lang='lat' dir='ltr'><strong>est</strong></span> <span class='ocrx_word' id='word_1_421' title='bbox 843 4131 925 4174; x_wconf 92' lang='lat' dir='ltr'><strong>ex</strong></span> <span class='ocrx_word' id='word_1_422' title='bbox 970 4110 1264 4186; x_wconf 86' lang='lat' dir='ltr'><strong>veritate,</strong></span> <span class='ocrx_word' id='word_1_423' title='bbox 1312 4109 1495 4173; x_wconf 89' lang='lat' dir='ltr'><strong>audit</strong></span> <span class='ocrx_word' id='word_1_424' title='bbox 1530 4130 1755 4174; x_wconf 86' lang='lat' dir='ltr'><strong>vocem</strong></span> <span class='ocrx_word' id='word_1_425' title='bbox 1795 4129 2005 4174; x_wconf 89' lang='lat' dir='ltr'><strong>meam</strong></span> <span class='ocrx_word' id='word_1_426' title='bbox 2053 4119 2170 4174; x_wconf 89' lang='lat' dir='ltr'><strong>etc.</strong></span> <span class='ocrx_word' id='word_1_427' title='bbox 2240 4106 2498 4189; x_wconf 83' lang='lat' dir='ltr'><strong>Quibus</strong></span> 
     </span>
     <span class='ocr_line' id='line_1_61' title="bbox 541 4194 2500 4279; baseline -0.003 -16"><span class='ocrx_word' id='word_1_428' title='bbox 541 4218 704 4263; x_wconf 84' lang='lat' dir='ltr'><strong>sane</strong></span> <span class='ocrx_word' id='word_1_429' title='bbox 752 4194 967 4260; x_wconf 89' lang='lat' dir='ltr'><strong>verbis</strong></span> <span class='ocrx_word' id='word_1_430' title='bbox 1008 4196 1180 4259; x_wconf 88' lang='lat' dir='ltr'><strong>clare</strong></span> <span class='ocrx_word' id='word_1_431' title='bbox 1223 4195 1639 4279; x_wconf 87' lang='lat' dir='ltr'><strong>significavit,</strong></span> <span class='ocrx_word' id='word_1_432' title='bbox 1695 4216 1812 4259; x_wconf 91' lang='lat' dir='ltr'><strong>cur</strong></span> <span class='ocrx_word' id='word_1_433' title='bbox 1868 4205 1935 4259; x_wconf 89' lang='lat' dir='ltr'><strong>et</strong></span> <span class='ocrx_word' id='word_1_434' title='bbox 1991 4216 2186 4279; x_wconf 87' lang='lat' dir='ltr'><strong>quam</strong></span> <span class='ocrx_word' id='word_1_435' title='bbox 2231 4194 2313 4260; x_wconf 92' lang='lat' dir='ltr'><strong>ob</strong></span> <span class='ocrx_word' id='word_1_436' title='bbox 2359 4215 2500 4258; x_wconf 90' lang='lat' dir='ltr'><strong>rem</strong></span> 
     </span>
     <span class='ocr_line' id='line_1_62' title="bbox 543 4278 2498 4364; baseline -0.003 -16"><span class='ocrx_word' id='word_1_437' title='bbox 543 4294 703 4349; x_wconf 88' lang='lat' dir='ltr'><strong>tunc</strong></span> <span class='ocrx_word' id='word_1_438' title='bbox 749 4292 1036 4359; x_wconf 84' lang='lat' dir='ltr'><strong>venerat,</strong></span> <span class='ocrx_word' id='word_1_439' title='bbox 1082 4279 1352 4346; x_wconf 87' lang='lat' dir='ltr'><strong>docendi</strong></span> <span class='ocrx_word' id='word_1_440' title='bbox 1397 4281 1530 4346; x_wconf 88' lang='lat' dir='ltr'><strong>scil.</strong></span> <span class='ocrx_word' id='word_1_441' title='bbox 1579 4293 1647 4345; x_wconf 92' lang='lat' dir='ltr'><strong>et</strong></span> <span class='ocrx_word' id='word_1_442' title='bbox 1681 4301 1890 4364; x_wconf 90' lang='lat' dir='ltr'><strong>genus</strong></span> <span class='ocrx_word' id='word_1_443' title='bbox 1928 4281 2289 4346; x_wconf 91' lang='lat' dir='ltr'><strong>humanum</strong></span> <span class='ocrx_word' id='word_1_444' title='bbox 2327 4278 2498 4363; x_wconf 88' lang='lat' dir='ltr'><strong>quod</strong></span> 
     </span>
     <span class='ocr_line' id='line_1_63' title="bbox 542 4364 2500 4455; baseline -0.002 -21"><span class='ocrx_word' id='word_1_445' title='bbox 542 4368 834 4455; x_wconf 85' lang='lat' dir='ltr'><strong>perierat</strong></span> <span class='ocrx_word' id='word_1_446' title='bbox 892 4366 1355 4432; x_wconf 85' lang='lat' dir='ltr'><strong>reconciliandi</strong></span> <span class='ocrx_word' id='word_1_447' title='bbox 1409 4387 1555 4432; x_wconf 88' lang='lat' dir='ltr'><strong>cum</strong></span> <span class='ocrx_word' id='word_1_448' title='bbox 1613 4381 1831 4449; x_wconf 85' lang='lat' dir='ltr'><strong>patre,</strong></span> <span class='ocrx_word' id='word_1_449' title='bbox 1901 4389 2032 4432; x_wconf 90' lang='grc'><strong>666</strong></span> <span class='ocrx_word' id='word_1_450' title='bbox 2094 4364 2500 4431; x_wconf 81' lang='lat' dir='ltr'><strong>exercendae</strong></span> 
     </span>
     <span class='ocr_line' id='line_1_64' title="bbox 543 4450 2500 4536; baseline -0.004 -15"><span class='ocrx_word' id='word_1_451' title='bbox 543 4455 921 4521; x_wconf 87' lang='lat' dir='ltr'><strong>mundanae</strong></span> <span class='ocrx_word' id='word_1_452' title='bbox 947 4452 1144 4517; x_wconf 86' lang='lat' dir='ltr'><strong>huius</strong></span> <span class='ocrx_word' id='word_1_453' title='bbox 1180 4455 1517 4535; x_wconf 86' lang='lat' dir='ltr'><strong>potestatis</strong></span> <span class='ocrx_word' id='word_1_454' title='bbox 1540 4453 1773 4536; x_wconf 85' lang='lat' dir='ltr'><strong>gratia.</strong></span> <span class='ocrx_word' id='word_1_455' title='bbox 1844 4450 2036 4534; x_wconf 83' lang='lat' dir='ltr'><strong>Quod</strong></span> <span class='ocrx_word' id='word_1_456' title='bbox 2061 4467 2206 4536; x_wconf 91' lang='lat' dir='ltr'><strong>post</strong></span> <span class='ocrx_word' id='word_1_457' title='bbox 2228 4452 2500 4518; x_wconf 85' lang='lat' dir='ltr'><strong>Esaiam</strong></span> 
     </span>
     <span class='ocr_line' id='line_1_65' title="bbox 546 4536 2498 4623; baseline -0.003 -17"><span class='ocrx_word' id='word_1_458' title='bbox 546 4540 788 4606; x_wconf 90' lang='lat' dir='ltr'><strong>Paulus</strong></span> <span class='ocrx_word' id='word_1_459' title='bbox 848 4538 1294 4623; x_wconf 85' lang='lat' dir='ltr'><strong>propriissime</strong></span> <span class='ocrx_word' id='word_1_460' title='bbox 1351 4537 1635 4620; x_wconf 88' lang='lat' dir='ltr'><strong>explicat</strong></span> <span class='ocrx_word' id='word_1_461' title='bbox 1678 4537 1758 4601; x_wconf 87' lang='lat' dir='ltr'><strong>ad</strong></span> <span class='ocrx_word' id='word_1_462' title='bbox 1806 4537 2298 4621; x_wconf 88' lang='lat' dir='ltr'><strong>Philippenses:</strong></span> <span class='ocrx_word' id='word_1_463' title='bbox 2364 4536 2498 4619; x_wconf 82' lang='lat' dir='ltr'><strong>Qui</strong></span> 
     </span>
     <span class='ocr_line' id='line_1_66' title="bbox 544 4622 2499 4711; baseline -0.002 -20"><span class='ocrx_word' id='word_1_464' title='bbox 544 4648 752 4711; x_wconf 89' lang='lat' dir='ltr'><strong>quum</strong></span> <span class='ocrx_word' id='word_1_465' title='bbox 808 4637 984 4691; x_wconf 84' lang='lat' dir='ltr'><strong>esset</strong></span> <span class='ocrx_word' id='word_1_466' title='bbox 1036 4625 1104 4689; x_wconf 90' lang='lat' dir='ltr'><strong>in</strong></span> <span class='ocrx_word' id='word_1_467' title='bbox 1162 4625 1372 4688; x_wconf 88' lang='lat' dir='ltr'><strong>forma</strong></span> <span class='ocrx_word' id='word_1_468' title='bbox 1425 4622 1582 4699; x_wconf 89' lang='lat' dir='ltr'><strong>Dei,</strong></span> <span class='ocrx_word' id='word_1_469' title='bbox 1644 4625 1965 4706; x_wconf 88' lang='lat' dir='ltr'><strong>inquiens,</strong></span> <span class='ocrx_word' id='word_1_470' title='bbox 2024 4646 2152 4689; x_wconf 90' lang='lat' dir='ltr'><strong>non</strong></span> <span class='ocrx_word' id='word_1_471' title='bbox 2201 4626 2499 4709; x_wconf 82' lang='lat' dir='ltr'><strong>rapinam</strong></span> 
     </span>
     <span class='ocr_line' id='line_1_67' title="bbox 546 4709 2503 4793; baseline -0.003 -15"><span class='ocrx_word' id='word_1_472' title='bbox 546 4715 906 4779; x_wconf 87' lang='lat' dir='ltr'><strong>arbitratus</strong></span> <span class='ocrx_word' id='word_1_473' title='bbox 963 4724 1080 4787; x_wconf 89' lang='lat' dir='ltr'><strong>est,</strong></span> <span class='ocrx_word' id='word_1_474' title='bbox 1148 4718 1225 4775; x_wconf 88' lang='lat' dir='ltr'><strong>ut</strong></span> <span class='ocrx_word' id='word_1_475' title='bbox 1281 4721 1449 4776; x_wconf 83' lang='lat' dir='ltr'><strong>esset</strong></span> <span class='ocrx_word' id='word_1_476' title='bbox 1506 4709 1799 4793; x_wconf 89' lang='lat' dir='ltr'><strong>aequalis</strong></span> <span class='ocrx_word' id='word_1_477' title='bbox 1844 4709 2003 4791; x_wconf 86' lang='lat' dir='ltr'><strong>Dee,</strong></span> <span class='ocrx_word' id='word_1_478' title='bbox 2061 4709 2178 4776; x_wconf 86' lang='lat' dir='ltr'><strong>sed</strong></span> <span class='ocrx_word' id='word_1_479' title='bbox 2222 4711 2503 4775; x_wconf 82' lang='lat' dir='ltr'><strong>inanivit</strong></span> 
     </span>
     <span class='ocr_line' id='line_1_68' title="bbox 547 4796 2499 4880; baseline -0.003 -15"><span class='ocrx_word' id='word_1_480' title='bbox 547 4799 971 4880; x_wconf 88' lang='lat' dir='ltr'><strong>semetipsum</strong></span> <span class='ocrx_word' id='word_1_481' title='bbox 1018 4796 1227 4861; x_wconf 80' lang='lat' dir='ltr'><strong>forma</strong></span> <span class='ocrx_word' id='word_1_482' title='bbox 1269 4797 1445 4860; x_wconf 88' lang='lat' dir='ltr'><strong>servi</strong></span> <span class='ocrx_word' id='word_1_483' title='bbox 1480 4811 1761 4880; x_wconf 79' lang='lat' dir='ltr'><strong>sumpta,</strong></span> <span class='ocrx_word' id='word_1_484' title='bbox 1806 4807 1922 4862; x_wconf 88' lang='lat' dir='ltr'><strong>etc.</strong></span> <span class='ocrx_word' id='word_1_485' title='bbox 1992 4797 2231 4877; x_wconf 90' lang='lat' dir='ltr'><strong>(Nosti,</strong></span> <span class='ocrx_word' id='word_1_486' title='bbox 2276 4797 2499 4873; x_wconf 77' lang='lat' dir='ltr'><strong>frater,</strong></span> 
     </span>
     <span class='ocr_line' id='line_1_69' title="bbox 546 4881 2497 4967; baseline -0.003 -17"><span class='ocrx_word' id='word_1_487' title='bbox 546 4883 813 4954; x_wconf 85' lang='lat' dir='ltr'><strong>locum.)</strong></span> <span class='ocrx_word' id='word_1_488' title='bbox 892 4881 1126 4948; x_wconf 82' lang='lat' dir='ltr'><strong>Mirari</strong></span> <span class='ocrx_word' id='word_1_489' title='bbox 1169 4903 1324 4965; x_wconf 88' lang='lat' dir='ltr'><strong>ergo</strong></span> <span class='ocrx_word' id='word_1_490' title='bbox 1370 4903 1496 4948; x_wconf 92' lang='lat' dir='ltr'><strong>non</strong></span> <span class='ocrx_word' id='word_1_491' title='bbox 1545 4883 1757 4956; x_wconf 88' lang='lat' dir='ltr'><strong>debes,</strong></span> <span class='ocrx_word' id='word_1_492' title='bbox 1807 4884 1977 4967; x_wconf 90' lang='lat' dir='ltr'><strong>quod</strong></span> <span class='ocrx_word' id='word_1_493' title='bbox 2024 4906 2156 4949; x_wconf 91' lang='grc'><strong>666</strong></span> <span class='ocrx_word' id='word_1_494' title='bbox 2203 4883 2497 4949; x_wconf 90' lang='lat' dir='ltr'><strong>comburi</strong></span> 
     </span>
     <span class='ocr_line' id='line_1_70' title="bbox 548 4966 2499 5053; baseline -0.001 -18"><span class='ocrx_word' id='word_1_495' title='bbox 548 4970 950 5035; x_wconf 85' lang='lat' dir='ltr'><strong>haereticum</strong></span> <span class='ocrx_word' id='word_1_496' title='bbox 996 4978 1064 5032; x_wconf 91' lang='lat' dir='ltr'><strong>et</strong></span> <span class='ocrx_word' id='word_1_497' title='bbox 1106 4968 1610 5053; x_wconf 87' lang='lat' dir='ltr'><strong>incorrigibilem</strong></span> <span class='ocrx_word' id='word_1_498' title='bbox 1656 4970 1987 5036; x_wconf 89' lang='lat' dir='ltr'><strong>hominem</strong></span> <span class='ocrx_word' id='word_1_499' title='bbox 2032 4972 2324 5048; x_wconf 88' lang='lat' dir='ltr'><strong>iusserit,</strong></span> <span class='ocrx_word' id='word_1_500' title='bbox 2384 4966 2499 5034; x_wconf 88' lang='lat' dir='ltr'><strong>sed</strong></span> 
     </span>
     <span class='ocr_line' id='line_1_71' title="bbox 553 5052 2501 5143; baseline -0.001 -23"><span class='ocrx_word' id='word_1_501' title='bbox 553 5057 783 5134; x_wconf 82' lang='lat' dir='ltr'><strong>vitari,</strong></span> <span class='ocrx_word' id='word_1_502' title='bbox 854 5052 1156 5135; x_wconf 82' lang='lat' dir='ltr'><strong>relegans</strong></span> <span class='ocrx_word' id='word_1_503' title='bbox 1222 5075 1262 5118; x_wconf 89' lang='lat' dir='ltr'><strong>a</strong></span> <span class='ocrx_word' id='word_1_504' title='bbox 1324 5077 1395 5120; x_wconf 93' lang='grc'><strong>66</strong></span> <span class='ocrx_word' id='word_1_505' title='bbox 1456 5058 1691 5141; x_wconf 90' lang='lat' dir='ltr'><strong>ubique</strong></span> <span class='ocrx_word' id='word_1_506' title='bbox 1758 5057 2014 5141; x_wconf 84' lang='lat' dir='ltr'><strong>profani</strong></span> <span class='ocrx_word' id='word_1_507' title='bbox 2073 5056 2501 5143; x_wconf 83' lang='lat' dir='ltr'><strong>magistratus</strong></span> 
     </span>
     <span class='ocr_line' id='line_1_72' title="bbox 548 5139 2499 5227; baseline -0.002 -18"><span class='ocrx_word' id='word_1_508' title='bbox 548 5141 970 5213; x_wconf 78' lang='lat' dir='ltr'><strong>functionem,</strong></span> <span class='ocrx_word' id='word_1_509' title='bbox 1029 5139 1207 5204; x_wconf 89' lang='lat' dir='ltr'><strong>civili</strong></span> <span class='ocrx_word' id='word_1_510' title='bbox 1268 5143 1658 5208; x_wconf 89' lang='lat' dir='ltr'><strong>servientem</strong></span> <span class='ocrx_word' id='word_1_511' title='bbox 1718 5141 1999 5226; x_wconf 84' lang='lat' dir='ltr'><strong>politiae,</strong></span> <span class='ocrx_word' id='word_1_512' title='bbox 2058 5165 2133 5210; x_wconf 88' lang='grc'><strong>66</strong></span> <span class='ocrx_word' id='word_1_513' title='bbox 2178 5146 2321 5227; x_wconf 90' lang='lat' dir='ltr'><strong>ipso</strong></span> <span class='ocrx_word' id='word_1_514' title='bbox 2369 5163 2499 5207; x_wconf 90' lang='grc'><strong>666</strong></span> 
     </span>
     <span class='ocr_line' id='line_1_73' title="bbox 549 5224 2501 5312; baseline -0.001 -19"><span class='ocrx_word' id='word_1_515' title='bbox 549 5226 806 5304; x_wconf 78' lang='lat' dir='ltr'><strong>tollens,</strong></span> <span class='ocrx_word' id='word_1_516' title='bbox 861 5224 975 5291; x_wconf 90' lang='lat' dir='ltr'><strong>sed</strong></span> <span class='ocrx_word' id='word_1_517' title='bbox 1017 5228 1409 5293; x_wconf 71' lang='lat' dir='ltr'><strong>confirmans</strong></span> <span class='ocrx_word' id='word_1_518' title='bbox 1451 5227 1744 5295; x_wconf 87' lang='lat' dir='ltr'><strong>eandem.</strong></span> <span class='ocrx_word' id='word_1_519' title='bbox 1836 5229 2031 5312; x_wconf 84' lang='lat' dir='ltr'><strong>Quod</strong></span> <span class='ocrx_word' id='word_1_520' title='bbox 2091 5229 2191 5295; x_wconf 88' lang='lat' dir='ltr'><strong>vel</strong></span> <span class='ocrx_word' id='word_1_521' title='bbox 2234 5228 2501 5294; x_wconf 83' lang='lat' dir='ltr'><strong>irrefra-</strong></span> 
     </span>
     <span class='ocr_line' id='line_1_74' title="bbox 551 5305 2501 5400; baseline -0.001 -23"><span class='ocrx_word' id='word_1_522' title='bbox 551 5311 853 5398; x_wconf 84' lang='lat' dir='ltr'><strong>gabiliter</strong></span> <span class='ocrx_word' id='word_1_523' title='bbox 896 5305 1046 5377; x_wconf 88' lang='lat' dir='ltr'><strong>inde</strong></span> <span class='ocrx_word' id='word_1_524' title='bbox 1088 5312 1320 5380; x_wconf 86' lang='lat' dir='ltr'><strong>elicere</strong></span> <span class='ocrx_word' id='word_1_525' title='bbox 1374 5314 1609 5394; x_wconf 83' lang='lat' dir='ltr'><strong>licebit,</strong></span> <span class='ocrx_word' id='word_1_526' title='bbox 1663 5314 1836 5400; x_wconf 88' lang='lat' dir='ltr'><strong>quod</strong></span> <span class='ocrx_word' id='word_1_527' title='bbox 1893 5316 2085 5400; x_wconf 89' lang='lat' dir='ltr'><strong>paulo</strong></span> <span class='ocrx_word' id='word_1_528' title='bbox 2133 5325 2280 5399; x_wconf 88' lang='lat' dir='ltr'><strong>post</strong></span> <span class='ocrx_word' id='word_1_529' title='bbox 2322 5310 2501 5396; x_wconf 87' lang='lat' dir='ltr'><strong>apud</strong></span> 
     </span>
    </p>
   </div>
   <div class='ocr_carea' id='block_1_12' title="bbox 2542 1776 2547 2279">
    <p class='ocr_par' dir='ltr' id='par_1_13' title="bbox 2542 1776 2547 2279">
     <span class='ocr_line' id='line_1_75' title="bbox 2542 1776 2547 2279; baseline 0 0"><span class='ocrx_word' id='word_1_530' title='bbox 2542 1776 2547 2279; x_wconf 95' lang='lat' dir='ltr'><strong> </strong></span> 
     </span>
    </p>
   </div>
   <div class='ocr_carea' id='block_1_13' title="bbox 2541 2426 2550 2519">
    <p class='ocr_par' dir='ltr' id='par_1_14' title="bbox 2541 2426 2550 2519">
     <span class='ocr_line' id='line_1_76' title="bbox 2541 2426 2550 2519; baseline 0 0"><span class='ocrx_word' id='word_1_531' title='bbox 2541 2426 2550 2519; x_wconf 78' lang='lat' dir='ltr'><strong>l</strong></span> 
     </span>
    </p>
   </div>
   <div class='ocr_carea' id='block_1_14' title="bbox 2541 2536 2561 5386">
    <p class='ocr_par' dir='ltr' id='par_1_15' title="bbox 2541 2536 2561 5386">
     <span class='ocr_line' id='line_1_77' title="bbox 2541 2536 2561 5386; baseline 0 0"><span class='ocrx_word' id='word_1_532' title='bbox 2541 2536 2561 5386; x_wconf 95' lang='lat' dir='ltr'><strong> </strong></span> 
     </span>
    </p>
   </div>
   <div class='ocr_carea' id='block_1_15' title="bbox 2595 1783 4566 4978">
    <p class='ocr_par' dir='ltr' id='par_1_16' title="bbox 2595 1783 4563 4286">
     <span class='ocr_line' id='line_1_78' title="bbox 2595 1783 4547 1870; baseline -0.004 -15"><span class='ocrx_word' id='word_1_533' title='bbox 2595 1791 2808 1856; x_wconf 89' lang='lat' dir='ltr'><strong>ideam</strong></span> <span class='ocrx_word' id='word_1_534' title='bbox 2835 1791 3243 1857; x_wconf 81' lang='lat' dir='ltr'><strong>Platonicam</strong></span> <span class='ocrx_word' id='word_1_535' title='bbox 3290 1790 3547 1855; x_wconf 75' lang='lat' dir='ltr'><strong>iaciens.</strong></span> <span class='ocrx_word' id='word_1_536' title='bbox 3615 1788 3843 1865; x_wconf 92' lang='lat' dir='ltr'><strong>Porro,</strong></span> <span class='ocrx_word' id='word_1_537' title='bbox 3889 1787 3944 1853; x_wconf 89' lang='lat' dir='ltr'><strong>si</strong></span> <span class='ocrx_word' id='word_1_538' title='bbox 3989 1783 4162 1870; x_wconf 90' lang='lat' dir='ltr'><strong>quod</strong></span> <span class='ocrx_word' id='word_1_539' title='bbox 4203 1785 4547 1850; x_wconf 86' lang='lat' dir='ltr'><strong>christiani</strong></span> 
     </span>
     <span class='ocr_line' id='line_1_79' title="bbox 2598 1871 4549 1961; baseline -0.003 -20"><span class='ocrx_word' id='word_1_540' title='bbox 2598 1879 2769 1960; x_wconf 83' lang='lat' dir='ltr'><strong>regis</strong></span> <span class='ocrx_word' id='word_1_541' title='bbox 2816 1888 2932 1941; x_wconf 88' lang='lat' dir='ltr'><strong>aut</strong></span> <span class='ocrx_word' id='word_1_542' title='bbox 2955 1878 3380 1961; x_wconf 85' lang='lat' dir='ltr'><strong>magistratus</strong></span> <span class='ocrx_word' id='word_1_543' title='bbox 3425 1875 3714 1941; x_wconf 86' lang='lat' dir='ltr'><strong>officium</strong></span> <span class='ocrx_word' id='word_1_544' title='bbox 3759 1874 3847 1939; x_wconf 91' lang='lat' dir='ltr'><strong>sit</strong></span> <span class='ocrx_word' id='word_1_545' title='bbox 3888 1874 4170 1956; x_wconf 85' lang='lat' dir='ltr'><strong>ignoras,</strong></span> <span class='ocrx_word' id='word_1_546' title='bbox 4215 1893 4299 1938; x_wconf 85' lang='lat' dir='ltr'><strong>ex</strong></span> <span class='ocrx_word' id='word_1_547' title='bbox 4323 1871 4549 1937; x_wconf 88' lang='lat' dir='ltr'><strong>Libris</strong></span> 
     </span>
     <span class='ocr_line' id='line_1_80' title="bbox 2601 1957 4549 2047; baseline -0.003 -19"><span class='ocrx_word' id='word_1_548' title='bbox 2601 1964 2856 2047; x_wconf 88' lang='lat' dir='ltr'><strong>Regum</strong></span> <span class='ocrx_word' id='word_1_549' title='bbox 2903 1980 3086 2045; x_wconf 89' lang='lat' dir='ltr'><strong>petas</strong></span> <span class='ocrx_word' id='word_1_550' title='bbox 3123 1964 3359 2035; x_wconf 84' lang='lat' dir='ltr'><strong>licebit,</strong></span> <span class='ocrx_word' id='word_1_551' title='bbox 3405 1963 3563 2026; x_wconf 63' lang='lat' dir='ltr'><strong>itt-m</strong></span> <span class='ocrx_word' id='word_1_552' title='bbox 3598 1962 3827 2043; x_wconf 86' lang='lat' dir='ltr'><strong>quinto</strong></span> <span class='ocrx_word' id='word_1_553' title='bbox 3862 1959 4027 2026; x_wconf 88' lang='lat' dir='ltr'><strong>libro</strong></span> <span class='ocrx_word' id='word_1_554' title='bbox 4052 1958 4273 2023; x_wconf 87' lang='lat' dir='ltr'><strong>Mosis.</strong></span> <span class='ocrx_word' id='word_1_555' title='bbox 4344 1957 4549 2023; x_wconf 90' lang='lat' dir='ltr'><strong>Prae-</strong></span> 
     </span>
     <span class='ocr_line' id='line_1_81' title="bbox 2596 2042 4549 2133; baseline -0.005 -17"><span class='ocrx_word' id='word_1_556' title='bbox 2596 2051 2784 2133; x_wconf 86' lang='lat' dir='ltr'><strong>cipue</strong></span> <span class='ocrx_word' id='word_1_557' title='bbox 2828 2059 2895 2113; x_wconf 91' lang='lat' dir='ltr'><strong>et</strong></span> <span class='ocrx_word' id='word_1_558' title='bbox 2937 2050 3005 2114; x_wconf 92' lang='grc'><strong>16</strong></span> <span class='ocrx_word' id='word_1_559' title='bbox 3052 2050 3282 2132; x_wconf 89' lang='lat' dir='ltr'><strong>primis</strong></span> <span class='ocrx_word' id='word_1_560' title='bbox 3325 2047 3514 2124; x_wconf 88' lang='lat' dir='ltr'><strong>illud,</strong></span> <span class='ocrx_word' id='word_1_561' title='bbox 3577 2069 3805 2112; x_wconf 86' lang='lat' dir='ltr'><strong>curare</strong></span> <span class='ocrx_word' id='word_1_562' title='bbox 3862 2046 4038 2111; x_wconf 88' lang='lat' dir='ltr'><strong>omni</strong></span> <span class='ocrx_word' id='word_1_563' title='bbox 4098 2043 4333 2123; x_wconf 89' lang='lat' dir='ltr'><strong>studi0,</strong></span> <span class='ocrx_word' id='word_1_564' title='bbox 4398 2042 4549 2108; x_wconf 88' lang='lat' dir='ltr'><strong>dili-</strong></span> 
     </span>
     <span class='ocr_line' id='line_1_82' title="bbox 2598 2131 4551 2220; baseline -0.005 -19"><span class='ocrx_word' id='word_1_565' title='bbox 2598 2136 2839 2220; x_wconf 87' lang='lat' dir='ltr'><strong>gentia,</strong></span> <span class='ocrx_word' id='word_1_566' title='bbox 2885 2156 3114 2219; x_wconf 86' lang='lat' dir='ltr'><strong>opera,</strong></span> <span class='ocrx_word' id='word_1_567' title='bbox 3180 2146 3254 2199; x_wconf 87' lang='lat' dir='ltr'><strong>ut</strong></span> <span class='ocrx_word' id='word_1_568' title='bbox 3309 2155 3350 2199; x_wconf 91' lang='lat' dir='ltr'><strong>a</strong></span> <span class='ocrx_word' id='word_1_569' title='bbox 3405 2132 3682 2198; x_wconf 70' lang='lat' dir='ltr'><strong>subditis</strong></span> <span class='ocrx_word' id='word_1_570' title='bbox 3730 2132 3909 2196; x_wconf 89' lang='lat' dir='ltr'><strong>Dens</strong></span> <span class='ocrx_word' id='word_1_571' title='bbox 3969 2131 4093 2195; x_wconf 90' lang='lat' dir='ltr'><strong>rite</strong></span> <span class='ocrx_word' id='word_1_572' title='bbox 4137 2131 4421 2209; x_wconf 90' lang='lat' dir='ltr'><strong>colatur,</strong></span> <span class='ocrx_word' id='word_1_573' title='bbox 4476 2140 4551 2194; x_wconf 89' lang='lat' dir='ltr'><strong>ut</strong></span> 
     </span>
     <span class='ocr_line' id='line_1_83' title="bbox 2596 2217 4554 2304; baseline -0.003 -19"><span class='ocrx_word' id='word_1_574' title='bbox 2596 2221 2709 2304; x_wconf 91' lang='lat' dir='ltr'><strong>qui</strong></span> <span class='ocrx_word' id='word_1_575' title='bbox 2757 2224 3224 2304; x_wconf 86' lang='lat' dir='ltr'><strong>prophetarum</strong></span> <span class='ocrx_word' id='word_1_576' title='bbox 3284 2219 3657 2304; x_wconf 86' lang='lat' dir='ltr'><strong>funguutur</strong></span> <span class='ocrx_word' id='word_1_577' title='bbox 3701 2240 3999 2293; x_wconf 88' lang='lat' dir='ltr'><strong>munere,</strong></span> <span class='ocrx_word' id='word_1_578' title='bbox 4055 2217 4439 2283; x_wconf 89' lang='lat' dir='ltr'><strong>canonicam</strong></span> <span class='ocrx_word' id='word_1_579' title='bbox 4481 2225 4554 2279; x_wconf 87' lang='lat' dir='ltr'><strong>et</strong></span> 
     </span>
     <span class='ocr_line' id='line_1_84' title="bbox 2599 2302 4550 2389; baseline -0.004 -16"><span class='ocrx_word' id='word_1_580' title='bbox 2599 2309 2922 2373; x_wconf 85' lang='lat' dir='ltr'><strong>vivificam</strong></span> <span class='ocrx_word' id='word_1_581' title='bbox 2991 2307 3417 2389; x_wconf 85' lang='lat' dir='ltr'><strong>scripturam,</strong></span> <span class='ocrx_word' id='word_1_582' title='bbox 3498 2320 3833 2389; x_wconf 85' lang='lat' dir='ltr'><strong>acceptam</strong></span> <span class='ocrx_word' id='word_1_583' title='bbox 3906 2325 3988 2368; x_wconf 86' lang='lat' dir='ltr'><strong>ex</strong></span> <span class='ocrx_word' id='word_1_584' title='bbox 4059 2324 4169 2367; x_wconf 88' lang='lat' dir='ltr'><strong>ore</strong></span> <span class='ocrx_word' id='word_1_585' title='bbox 4215 2302 4376 2379; x_wconf 87' lang='lat' dir='ltr'><strong>Dei,</strong></span> <span class='ocrx_word' id='word_1_586' title='bbox 4443 2310 4550 2365; x_wconf 86' lang='lat' dir='ltr'><strong>ut-</strong></span> 
     </span>
     <span class='ocr_line' id='line_1_85' title="bbox 2598 2387 4556 2477; baseline -0.002 -21"><span class='ocrx_word' id='word_1_587' title='bbox 2598 2406 2750 2477; x_wconf 85' lang='lat' dir='ltr'><strong>pote</strong></span> <span class='ocrx_word' id='word_1_588' title='bbox 2787 2395 3127 2475; x_wconf 90' lang='lat' dir='ltr'><strong>utriusque</strong></span> <span class='ocrx_word' id='word_1_589' title='bbox 3166 2394 3538 2457; x_wconf 85' lang='lat' dir='ltr'><strong>testamenti</strong></span> <span class='ocrx_word' id='word_1_590' title='bbox 3575 2391 3777 2466; x_wconf 87' lang='lat' dir='ltr'><strong>libris,</strong></span> <span class='ocrx_word' id='word_1_591' title='bbox 3817 2387 4053 2472; x_wconf 90' lang='lat' dir='ltr'><strong>populo</strong></span> <span class='ocrx_word' id='word_1_592' title='bbox 4093 2387 4373 2453; x_wconf 88' lang='lat' dir='ltr'><strong>fideliter</strong></span> <span class='ocrx_word' id='word_1_593' title='bbox 4408 2407 4556 2471; x_wconf 80' lang='lat' dir='ltr'><strong>pro-</strong></span> 
     </span>
     <span class='ocr_line' id='line_1_86' title="bbox 2598 2474 4553 2563; baseline -0.003 -20"><span class='ocrx_word' id='word_1_594' title='bbox 2598 2489 2868 2563; x_wconf 90' lang='lat' dir='ltr'><strong>ponant,</strong></span> <span class='ocrx_word' id='word_1_595' title='bbox 2905 2501 3035 2544; x_wconf 92' lang='lat' dir='ltr'><strong>non</strong></span> <span class='ocrx_word' id='word_1_596' title='bbox 3073 2479 3440 2562; x_wconf 87' lang='lat' dir='ltr'><strong>excogitata</strong></span> <span class='ocrx_word' id='word_1_597' title='bbox 3475 2499 3513 2541; x_wconf 90' lang='lat' dir='ltr'><strong>a</strong></span> <span class='ocrx_word' id='word_1_598' title='bbox 3548 2477 3918 2558; x_wconf 89' lang='lat' dir='ltr'><strong>semetipsis</strong></span> <span class='ocrx_word' id='word_1_599' title='bbox 3954 2474 4226 2551; x_wconf 89' lang='lat' dir='ltr'><strong>somnia,</strong></span> <span class='ocrx_word' id='word_1_600' title='bbox 4264 2483 4338 2538; x_wconf 91' lang='lat' dir='ltr'><strong>ut</strong></span> <span class='ocrx_word' id='word_1_601' title='bbox 4371 2494 4553 2538; x_wconf 89' lang='lat' dir='ltr'><strong>coer-</strong></span> 
     </span>
     <span class='ocr_line' id='line_1_87' title="bbox 2599 2559 4556 2643; baseline -0.004 -12"><span class='ocrx_word' id='word_1_602' title='bbox 2599 2582 2873 2632; x_wconf 90' lang='lat' dir='ltr'><strong>ceantur</strong></span> <span class='ocrx_word' id='word_1_603' title='bbox 2916 2570 3249 2641; x_wconf 83' lang='lat' dir='ltr'><strong>severiter,</strong></span> <span class='ocrx_word' id='word_1_604' title='bbox 3314 2562 3414 2629; x_wconf 89' lang='lat' dir='ltr'><strong>vel</strong></span> <span class='ocrx_word' id='word_1_605' title='bbox 3457 2573 3667 2628; x_wconf 87' lang='lat' dir='ltr'><strong>morte</strong></span> <span class='ocrx_word' id='word_1_606' title='bbox 3710 2561 4047 2643; x_wconf 79' lang='lat' dir='ltr'><strong>corporali,</strong></span> <span class='ocrx_word' id='word_1_607' title='bbox 4094 2560 4202 2643; x_wconf 92' lang='lat' dir='ltr'><strong>qui</strong></span> <span class='ocrx_word' id='word_1_608' title='bbox 4247 2559 4556 2624; x_wconf 84' lang='lat' dir='ltr'><strong>adferunt</strong></span> 
     </span>
     <span class='ocr_line' id='line_1_88' title="bbox 2599 2647 4556 2736; baseline -0.002 -21"><span class='ocrx_word' id='word_1_609' title='bbox 2599 2674 2771 2717; x_wconf 88' lang='lat' dir='ltr'><strong>nova</strong></span> <span class='ocrx_word' id='word_1_610' title='bbox 2815 2653 3146 2736; x_wconf 85' lang='lat' dir='ltr'><strong>dogmata,</strong></span> <span class='ocrx_word' id='word_1_611' title='bbox 3210 2650 3588 2734; x_wconf 88' lang='lat' dir='ltr'><strong>blasphema</strong></span> <span class='ocrx_word' id='word_1_612' title='bbox 3649 2650 3717 2713; x_wconf 91' lang='grc'><strong>16</strong></span> <span class='ocrx_word' id='word_1_613' title='bbox 3764 2647 3983 2711; x_wconf 88' lang='lat' dir='ltr'><strong>Deum</strong></span> <span class='ocrx_word' id='word_1_614' title='bbox 4029 2657 4095 2710; x_wconf 88' lang='lat' dir='ltr'><strong>ct</strong></span> <span class='ocrx_word' id='word_1_615' title='bbox 4140 2647 4556 2730; x_wconf 86' lang='lat' dir='ltr'><strong>unigenitum</strong></span> 
     </span>
     <span class='ocr_line' id='line_1_89' title="bbox 2601 2731 4555 2819; baseline -0.004 -16"><span class='ocrx_word' id='word_1_616' title='bbox 2601 2740 2757 2804; x_wconf 90' lang='grc'><strong>6166.</strong></span> <span class='ocrx_word' id='word_1_617' title='bbox 2845 2738 3129 2803; x_wconf 89' lang='lat' dir='ltr'><strong>Proinde</strong></span> <span class='ocrx_word' id='word_1_618' title='bbox 3168 2758 3340 2819; x_wconf 89' lang='grc'><strong>6666</strong></span> <span class='ocrx_word' id='word_1_619' title='bbox 3384 2736 3463 2801; x_wconf 89' lang='lat' dir='ltr'><strong>de</strong></span> <span class='ocrx_word' id='word_1_620' title='bbox 3506 2755 3661 2818; x_wconf 84' lang='lat' dir='ltr'><strong>rege</strong></span> <span class='ocrx_word' id='word_1_621' title='bbox 3704 2735 3975 2816; x_wconf 86' lang='lat' dir='ltr'><strong>scripta,</strong></span> <span class='ocrx_word' id='word_1_622' title='bbox 4034 2731 4114 2796; x_wconf 92' lang='lat' dir='ltr'><strong>de</strong></span> <span class='ocrx_word' id='word_1_623' title='bbox 4160 2733 4555 2815; x_wconf 85' lang='lat' dir='ltr'><strong>magistratu</strong></span> 
     </span>
     <span class='ocr_line' id='line_1_90' title="bbox 2601 2817 4555 2908; baseline -0.004 -18"><span class='ocrx_word' id='word_1_624' title='bbox 2601 2826 2889 2908; x_wconf 89' lang='lat' dir='ltr'><strong>quolibet</strong></span> <span class='ocrx_word' id='word_1_625' title='bbox 2930 2824 3104 2889; x_wconf 88' lang='lat' dir='ltr'><strong>civili</strong></span> <span class='ocrx_word' id='word_1_626' title='bbox 3151 2823 3477 2906; x_wconf 87' lang='lat' dir='ltr'><strong>intelligas</strong></span> <span class='ocrx_word' id='word_1_627' title='bbox 3511 2828 3784 2904; x_wconf 87' lang='lat' dir='ltr'><strong>oportet,</strong></span> <span class='ocrx_word' id='word_1_628' title='bbox 3832 2833 3903 2884; x_wconf 89' lang='lat' dir='ltr'><strong>ut</strong></span> <span class='ocrx_word' id='word_1_629' title='bbox 3939 2817 4375 2903; x_wconf 86' lang='lat' dir='ltr'><strong>praeallegato</strong></span> <span class='ocrx_word' id='word_1_630' title='bbox 4413 2817 4555 2883; x_wconf 89' lang='lat' dir='ltr'><strong>loco</strong></span> 
     </span>
     <span class='ocr_line' id='line_1_91' title="bbox 2601 2904 4556 2991; baseline -0.005 -15"><span class='ocrx_word' id='word_1_631' title='bbox 2601 2912 2761 2976; x_wconf 88' lang='lat' dir='ltr'><strong>scite</strong></span> <span class='ocrx_word' id='word_1_632' title='bbox 2804 2910 3088 2991; x_wconf 90' lang='lat' dir='ltr'><strong>explicat</strong></span> <span class='ocrx_word' id='word_1_633' title='bbox 3133 2908 3416 2985; x_wconf 87' lang='lat' dir='ltr'><strong>Paulus,</strong></span> <span class='ocrx_word' id='word_1_634' title='bbox 3478 2919 3863 2989; x_wconf 81' lang='lat' dir='ltr'><strong>potestatem</strong></span> <span class='ocrx_word' id='word_1_635' title='bbox 3923 2904 4217 2989; x_wconf 86' lang='lat' dir='ltr'><strong>gladium</strong></span> <span class='ocrx_word' id='word_1_636' title='bbox 4263 2924 4393 2968; x_wconf 87' lang='lat' dir='ltr'><strong>non</strong></span> <span class='ocrx_word' id='word_1_637' title='bbox 4437 2923 4556 2988; x_wconf 82' lang='lat' dir='ltr'><strong>ge-</strong></span> 
     </span>
     <span class='ocr_line' id='line_1_92' title="bbox 2604 2987 4558 3073; baseline -0.004 -12"><span class='ocrx_word' id='word_1_638' title='bbox 2604 3018 2746 3061; x_wconf 89' lang='lat' dir='ltr'><strong>rere</strong></span> <span class='ocrx_word' id='word_1_639' title='bbox 2804 2998 3077 3073; x_wconf 84' lang='lat' dir='ltr'><strong>frustra‚</strong></span> <span class='ocrx_word' id='word_1_640' title='bbox 3131 2993 3246 3059; x_wconf 89' lang='lat' dir='ltr'><strong>sed</strong></span> <span class='ocrx_word' id='word_1_641' title='bbox 3299 2994 3671 3058; x_wconf 89' lang='lat' dir='ltr'><strong>ministrum</strong></span> <span class='ocrx_word' id='word_1_642' title='bbox 3730 3013 3873 3057; x_wconf 91' lang='grc'><strong>6666</strong></span> <span class='ocrx_word' id='word_1_643' title='bbox 3933 2990 4090 3067; x_wconf 91' lang='lat' dir='ltr'><strong>Dei,</strong></span> <span class='ocrx_word' id='word_1_644' title='bbox 4145 2990 4424 3055; x_wconf 91' lang='lat' dir='ltr'><strong>ultorem</strong></span> <span class='ocrx_word' id='word_1_645' title='bbox 4469 2987 4558 3054; x_wconf 86' lang='lat' dir='ltr'><strong>ad</strong></span> 
     </span>
     <span class='ocr_line' id='line_1_93' title="bbox 2600 3074 4556 3166; baseline -0.004 -19"><span class='ocrx_word' id='word_1_646' title='bbox 2600 3083 2768 3147; x_wconf 88' lang='lat' dir='ltr'><strong>iram</strong></span> <span class='ocrx_word' id='word_1_647' title='bbox 2814 3083 2874 3147; x_wconf 89' lang='lat' dir='ltr'><strong>ei</strong></span> <span class='ocrx_word' id='word_1_648' title='bbox 2919 3081 3034 3166; x_wconf 87' lang='grc'><strong>661</strong></span> <span class='ocrx_word' id='word_1_649' title='bbox 3076 3080 3244 3164; x_wconf 89' lang='lat' dir='ltr'><strong>quod</strong></span> <span class='ocrx_word' id='word_1_650' title='bbox 3294 3080 3536 3145; x_wconf 89' lang='lat' dir='ltr'><strong>malum</strong></span> <span class='ocrx_word' id='word_1_651' title='bbox 3575 3094 3674 3144; x_wconf 91' lang='lat' dir='ltr'><strong>est</strong></span> <span class='ocrx_word' id='word_1_652' title='bbox 3707 3077 3933 3144; x_wconf 88' lang='lat' dir='ltr'><strong>fecerit</strong></span> <span class='ocrx_word' id='word_1_653' title='bbox 3969 3088 4088 3143; x_wconf 86' lang='lat' dir='ltr'><strong>etc.</strong></span> <span class='ocrx_word' id='word_1_654' title='bbox 4178 3074 4362 3142; x_wconf 86' lang='lat' dir='ltr'><strong>Nihil</strong></span> <span class='ocrx_word' id='word_1_655' title='bbox 4396 3095 4556 3161; x_wconf 86' lang='lat' dir='ltr'><strong>ergo</strong></span> 
     </span>
     <span class='ocr_line' id='line_1_94' title="bbox 2601 3162 4558 3253; baseline -0.004 -18"><span class='ocrx_word' id='word_1_656' title='bbox 2601 3170 2893 3253; x_wconf 89' lang='lat' dir='ltr'><strong>peccavit</strong></span> <span class='ocrx_word' id='word_1_657' title='bbox 2938 3188 3084 3232; x_wconf 92' lang='grc'><strong>1666</strong></span> <span class='ocrx_word' id='word_1_658' title='bbox 3129 3166 3385 3241; x_wconf 89' lang='lat' dir='ltr'><strong>iudicio,</strong></span> <span class='ocrx_word' id='word_1_659' title='bbox 3444 3165 3843 3240; x_wconf 86' lang='lat' dir='ltr'><strong>adiiciebam,</strong></span> <span class='ocrx_word' id='word_1_660' title='bbox 3889 3163 4288 3229; x_wconf 88' lang='lat' dir='ltr'><strong>christianus</strong></span> <span class='ocrx_word' id='word_1_661' title='bbox 4333 3162 4558 3228; x_wconf 86' lang='lat' dir='ltr'><strong>Gene—</strong></span> 
     </span>
     <span class='ocr_line' id='line_1_95' title="bbox 2603 3247 4557 3337; baseline -0.005 -16"><span class='ocrx_word' id='word_1_662' title='bbox 2603 3256 2824 3321; x_wconf 85' lang='lat' dir='ltr'><strong>vensis</strong></span> <span class='ocrx_word' id='word_1_663' title='bbox 2868 3254 3308 3337; x_wconf 84' lang='lat' dir='ltr'><strong>magistratus,</strong></span> <span class='ocrx_word' id='word_1_664' title='bbox 3356 3252 3622 3332; x_wconf 84' lang='lat' dir='ltr'><strong>indigne</strong></span> <span class='ocrx_word' id='word_1_665' title='bbox 3659 3251 3897 3326; x_wconf 85' lang='lat' dir='ltr'><strong>ferens,</strong></span> <span class='ocrx_word' id='word_1_666' title='bbox 3943 3248 4281 3316; x_wconf 81' lang='lat' dir='ltr'><strong>Christum</strong></span> <span class='ocrx_word' id='word_1_667' title='bbox 4320 3247 4557 3313; x_wconf 89' lang='lat' dir='ltr'><strong>Domi-</strong></span> 
     </span>
     <span class='ocr_line' id='line_1_96' title="bbox 2602 3334 4558 3421; baseline -0.004 -16"><span class='ocrx_word' id='word_1_668' title='bbox 2602 3362 2764 3406; x_wconf 89' lang='lat' dir='ltr'><strong>num</strong></span> <span class='ocrx_word' id='word_1_669' title='bbox 2828 3340 3040 3404; x_wconf 90' lang='lat' dir='ltr'><strong>Deum</strong></span> <span class='ocrx_word' id='word_1_670' title='bbox 3098 3359 3174 3404; x_wconf 88' lang='lat' dir='ltr'><strong>ac</strong></span> <span class='ocrx_word' id='word_1_671' title='bbox 3226 3337 3704 3421; x_wconf 84' lang='lat' dir='ltr'><strong>redemptorem</strong></span> <span class='ocrx_word' id='word_1_672' title='bbox 3771 3357 3963 3402; x_wconf 90' lang='lat' dir='ltr'><strong>suum</strong></span> <span class='ocrx_word' id='word_1_673' title='bbox 4030 3356 4070 3399; x_wconf 91' lang='lat' dir='ltr'><strong>a</strong></span> <span class='ocrx_word' id='word_1_674' title='bbox 4132 3334 4558 3418; x_wconf 85' lang='lat' dir='ltr'><strong>spurcissimo</strong></span> 
     </span>
     <span class='ocr_line' id='line_1_97' title="bbox 2601 3420 4559 3507; baseline -0.005 -14"><span class='ocrx_word' id='word_1_675' title='bbox 2601 3425 2926 3494; x_wconf 84' lang='lat' dir='ltr'><strong>nebulone</strong></span> <span class='ocrx_word' id='word_1_676' title='bbox 2949 3425 3063 3490; x_wconf 93' lang='lat' dir='ltr'><strong>illo</strong></span> <span class='ocrx_word' id='word_1_677' title='bbox 3108 3425 3309 3489; x_wconf 86' lang='lat' dir='ltr'><strong>tantis</strong></span> <span class='ocrx_word' id='word_1_678' title='bbox 3355 3423 3778 3507; x_wconf 83' lang='lat' dir='ltr'><strong>blasphemiis</strong></span> <span class='ocrx_word' id='word_1_679' title='bbox 3820 3421 4010 3500; x_wconf 84' lang='lat' dir='ltr'><strong>affici,</strong></span> <span class='ocrx_word' id='word_1_680' title='bbox 4056 3421 4228 3504; x_wconf 89' lang='lat' dir='ltr'><strong>quod</strong></span> <span class='ocrx_word' id='word_1_681' title='bbox 4273 3420 4559 3485; x_wconf 86' lang='lat' dir='ltr'><strong>eundem</strong></span> 
     </span>
     <span class='ocr_line' id='line_1_98' title="bbox 2600 3505 4556 3596; baseline -0.004 -18"><span class='ocrx_word' id='word_1_682' title='bbox 2600 3512 2945 3596; x_wconf 86' lang='lat' dir='ltr'><strong>scripturis</strong></span> <span class='ocrx_word' id='word_1_683' title='bbox 2987 3514 3189 3577; x_wconf 88' lang='lat' dir='ltr'><strong>sacris</strong></span> <span class='ocrx_word' id='word_1_684' title='bbox 3232 3520 3425 3575; x_wconf 88' lang='lat' dir='ltr'><strong>antea</strong></span> <span class='ocrx_word' id='word_1_685' title='bbox 3468 3512 3858 3582; x_wconf 89' lang='lat' dir='ltr'><strong>convictum,</strong></span> <span class='ocrx_word' id='word_1_686' title='bbox 3904 3515 3974 3572; x_wconf 89' lang='lat' dir='ltr'><strong>et</strong></span> <span class='ocrx_word' id='word_1_687' title='bbox 4017 3505 4447 3572; x_wconf 87' lang='lat' dir='ltr'><strong>nihilominus</strong></span> <span class='ocrx_word' id='word_1_688' title='bbox 4479 3505 4556 3571; x_wconf 83' lang='grc'><strong>16</strong></span> 
     </span>
     <span class='ocr_line' id='line_1_99' title="bbox 2600 3590 4559 3678; baseline -0.004 -14"><span class='ocrx_word' id='word_1_689' title='bbox 2600 3599 2734 3666; x_wconf 84' lang='grc'><strong>11116</strong></span> <span class='ocrx_word' id='word_1_690' title='bbox 2776 3597 3247 3665; x_wconf 88' lang='lat' dir='ltr'><strong>contumaciter</strong></span> <span class='ocrx_word' id='word_1_691' title='bbox 3290 3595 3669 3661; x_wconf 79' lang='lat' dir='ltr'><strong>haerentem</strong></span> <span class='ocrx_word' id='word_1_692' title='bbox 3707 3595 3848 3678; x_wconf 89' lang='lat' dir='ltr'><strong>igni</strong></span> <span class='ocrx_word' id='word_1_693' title='bbox 3884 3591 4374 3660; x_wconf 83' lang='lat' dir='ltr'><strong>adiudicaverit.</strong></span> <span class='ocrx_word' id='word_1_694' title='bbox 4435 3590 4559 3657; x_wconf 86' lang='lat' dir='ltr'><strong>Ni-</strong></span> 
     </span>
     <span class='ocr_line' id='line_1_100' title="bbox 2600 3678 4560 3768; baseline -0.004 -17"><span class='ocrx_word' id='word_1_695' title='bbox 2600 3685 2696 3751; x_wconf 87' lang='lat' dir='ltr'><strong>hil</strong></span> <span class='ocrx_word' id='word_1_696' title='bbox 2740 3687 2939 3750; x_wconf 90' lang='lat' dir='ltr'><strong>etiam</strong></span> <span class='ocrx_word' id='word_1_697' title='bbox 2986 3684 3279 3768; x_wconf 87' lang='lat' dir='ltr'><strong>peccavit</strong></span> <span class='ocrx_word' id='word_1_698' title='bbox 3303 3681 3625 3759; x_wconf 79' lang='lat' dir='ltr'><strong>Calvinus,</strong></span> <span class='ocrx_word' id='word_1_699' title='bbox 3669 3683 3778 3764; x_wconf 89' lang='lat' dir='ltr'><strong>qui</strong></span> <span class='ocrx_word' id='word_1_700' title='bbox 3826 3683 4068 3745; x_wconf 82' lang='lat' dir='ltr'><strong>factum</strong></span> <span class='ocrx_word' id='word_1_701' title='bbox 4113 3681 4232 3744; x_wconf 90' lang='lat' dir='ltr'><strong>hoc</strong></span> <span class='ocrx_word' id='word_1_702' title='bbox 4278 3678 4560 3762; x_wconf 83' lang='lat' dir='ltr'><strong>legitimi</strong></span> 
     </span>
     <span class='ocr_line' id='line_1_101' title="bbox 2600 3765 4560 3855; baseline -0.004 -19"><span class='ocrx_word' id='word_1_703' title='bbox 2600 3772 3026 3855; x_wconf 85' lang='lat' dir='ltr'><strong>magistratus</strong></span> <span class='ocrx_word' id='word_1_704' title='bbox 3055 3791 3173 3854; x_wconf 90' lang='lat' dir='ltr'><strong>pro</strong></span> <span class='ocrx_word' id='word_1_705' title='bbox 3196 3767 3406 3854; x_wconf 88' lang='lat' dir='ltr'><strong>gloria</strong></span> <span class='ocrx_word' id='word_1_706' title='bbox 3430 3767 3674 3833; x_wconf 88' lang='lat' dir='ltr'><strong>Christi</strong></span> <span class='ocrx_word' id='word_1_707' title='bbox 3710 3766 3984 3832; x_wconf 83' lang='lat' dir='ltr'><strong>zelantis</strong></span> <span class='ocrx_word' id='word_1_708' title='bbox 4021 3765 4276 3848; x_wconf 88' lang='lat' dir='ltr'><strong>publico</strong></span> <span class='ocrx_word' id='word_1_709' title='bbox 4309 3765 4560 3848; x_wconf 84' lang='lat' dir='ltr'><strong>scripto</strong></span> 
     </span>
     <span class='ocr_line' id='line_1_102' title="bbox 2599 3849 4562 3939; baseline -0.004 -17"><span class='ocrx_word' id='word_1_710' title='bbox 2599 3857 3033 3923; x_wconf 85' lang='lat' dir='ltr'><strong>excusaverit.</strong></span> <span class='ocrx_word' id='word_1_711' title='bbox 3122 3855 3270 3920; x_wconf 86' lang='lat' dir='ltr'><strong>Non</strong></span> <span class='ocrx_word' id='word_1_712' title='bbox 3316 3864 3493 3920; x_wconf 91' lang='lat' dir='ltr'><strong>certe</strong></span> <span class='ocrx_word' id='word_1_713' title='bbox 3538 3854 3767 3939; x_wconf 88' lang='lat' dir='ltr'><strong>magis,</strong></span> <span class='ocrx_word' id='word_1_714' title='bbox 3807 3873 4002 3935; x_wconf 90' lang='lat' dir='ltr'><strong>quam</strong></span> <span class='ocrx_word' id='word_1_715' title='bbox 4046 3852 4339 3933; x_wconf 82' lang='lat' dir='ltr'><strong>peccavit</strong></span> <span class='ocrx_word' id='word_1_716' title='bbox 4377 3849 4562 3915; x_wconf 82' lang='lat' dir='ltr'><strong>Hae-</strong></span> 
     </span>
     <span class='ocr_line' id='line_1_103' title="bbox 2598 3937 4560 4022; baseline -0.005 -14"><span class='ocrx_word' id='word_1_717' title='bbox 2598 3943 2719 4009; x_wconf 88' lang='lat' dir='ltr'><strong>lias</strong></span> <span class='ocrx_word' id='word_1_718' title='bbox 2742 3944 3093 4008; x_wconf 87' lang='lat' dir='ltr'><strong>Baaliticos</strong></span> <span class='ocrx_word' id='word_1_719' title='bbox 3138 3940 3526 4016; x_wconf 87' lang='lat' dir='ltr'><strong>sacerdotes,</strong></span> <span class='ocrx_word' id='word_1_720' title='bbox 3572 3961 3771 4022; x_wconf 90' lang='lat' dir='ltr'><strong>quum</strong></span> <span class='ocrx_word' id='word_1_721' title='bbox 3816 3951 4233 4004; x_wconf 84' lang='lat' dir='ltr'><strong>cunctaretur</strong></span> <span class='ocrx_word' id='word_1_722' title='bbox 4275 3956 4392 4001; x_wconf 92' lang='lat' dir='ltr'><strong>rex</strong></span> <span class='ocrx_word' id='word_1_723' title='bbox 4428 3937 4560 4000; x_wconf 87' lang='lat' dir='ltr'><strong>im-</strong></span> 
     </span>
     <span class='ocr_line' id='line_1_104' title="bbox 2600 4022 4563 4113; baseline -0.004 -19"><span class='ocrx_word' id='word_1_724' title='bbox 2600 4030 2764 4112; x_wconf 89' lang='lat' dir='ltr'><strong>pius,</strong></span> <span class='ocrx_word' id='word_1_725' title='bbox 2803 4028 3110 4113; x_wconf 88' lang='lat' dir='ltr'><strong>iugulans</strong></span> <span class='ocrx_word' id='word_1_726' title='bbox 3155 4028 3260 4093; x_wconf 89' lang='lat' dir='ltr'><strong>vel</strong></span> <span class='ocrx_word' id='word_1_727' title='bbox 3307 4047 3505 4091; x_wconf 88' lang='lat' dir='ltr'><strong>manu</strong></span> <span class='ocrx_word' id='word_1_728' title='bbox 3552 4047 3687 4091; x_wconf 85' lang='lat' dir='ltr'><strong>sua.</strong></span> <span class='ocrx_word' id='word_1_729' title='bbox 3775 4023 3884 4089; x_wconf 90' lang='lat' dir='ltr'><strong>Ita</strong></span> <span class='ocrx_word' id='word_1_730' title='bbox 3926 4022 4319 4104; x_wconf 88' lang='lat' dir='ltr'><strong>increpitum</strong></span> <span class='ocrx_word' id='word_1_731' title='bbox 4366 4043 4407 4086; x_wconf 92' lang='lat' dir='ltr'><strong>a</strong></span> <span class='ocrx_word' id='word_1_732' title='bbox 4451 4043 4563 4087; x_wconf 85' lang='lat' dir='ltr'><strong>me</strong></span> 
     </span>
     <span class='ocr_line' id='line_1_105' title="bbox 2603 4107 4561 4192; baseline -0.004 -11"><span class='ocrx_word' id='word_1_733' title='bbox 2603 4116 2934 4181; x_wconf 86' lang='lat' dir='ltr'><strong>hominem</strong></span> <span class='ocrx_word' id='word_1_734' title='bbox 2992 4114 3245 4192; x_wconf 88' lang='lat' dir='ltr'><strong>dimisi,</strong></span> <span class='ocrx_word' id='word_1_735' title='bbox 3316 4111 3398 4177; x_wconf 91' lang='lat' dir='ltr'><strong>de</strong></span> <span class='ocrx_word' id='word_1_736' title='bbox 3455 4111 3812 4178; x_wconf 89' lang='lat' dir='ltr'><strong>collusione</strong></span> <span class='ocrx_word' id='word_1_737' title='bbox 3883 4131 4033 4177; x_wconf 86' lang='lat' dir='ltr'><strong>cum</strong></span> <span class='ocrx_word' id='word_1_738' title='bbox 4083 4107 4561 4191; x_wconf 85' lang='lat' dir='ltr'><strong>Catabaptistis</strong></span> 
     </span>
     <span class='ocr_line' id='line_1_106' title="bbox 2604 4197 3871 4286; baseline -0.004 -19"><span class='ocrx_word' id='word_1_739' title='bbox 2604 4223 2795 4286; x_wconf 89' lang='lat' dir='ltr'><strong>porro</strong></span> <span class='ocrx_word' id='word_1_740' title='bbox 2838 4200 3302 4284; x_wconf 87' lang='lat' dir='ltr'><strong>suspectiorem</strong></span> <span class='ocrx_word' id='word_1_741' title='bbox 3348 4199 3642 4262; x_wconf 82' lang='lat' dir='ltr'><strong>futurum</strong></span> <span class='ocrx_word' id='word_1_742' title='bbox 3690 4197 3871 4262; x_wconf 90' lang='lat' dir='ltr'><strong>mihi.</strong></span> 
     </span>
    </p>

    <p class='ocr_par' dir='ltr' id='par_1_17' title="bbox 2601 4278 4566 4978">
     <span class='ocr_line' id='line_1_107' title="bbox 2771 4278 4558 4366; baseline -0.004 -13"><span class='ocrx_word' id='word_1_743' title='bbox 2771 4287 2958 4353; x_wconf 88' lang='lat' dir='ltr'><strong>Haec</strong></span> <span class='ocrx_word' id='word_1_744' title='bbox 3001 4286 3083 4352; x_wconf 91' lang='lat' dir='ltr'><strong>ad</strong></span> <span class='ocrx_word' id='word_1_745' title='bbox 3130 4297 3223 4361; x_wconf 89' lang='lat' dir='ltr'><strong>te,</strong></span> <span class='ocrx_word' id='word_1_746' title='bbox 3281 4282 3677 4366; x_wconf 72' lang='lat' dir='ltr'><strong>Ballinyere,</strong></span> <span class='ocrx_word' id='word_1_747' title='bbox 3732 4282 4068 4348; x_wconf 86' lang='lat' dir='ltr'><strong>verbosius</strong></span> <span class='ocrx_word' id='word_1_748' title='bbox 4111 4301 4230 4365; x_wconf 87' lang='lat' dir='ltr'><strong>pro</strong></span> <span class='ocrx_word' id='word_1_749' title='bbox 4271 4278 4558 4362; x_wconf 85' lang='lat' dir='ltr'><strong>simplici</strong></span> 
     </span>
     <span class='ocr_line' id='line_1_108' title="bbox 2605 4365 4559 4451; baseline -0.005 -10"><span class='ocrx_word' id='word_1_750' title='bbox 2605 4375 3050 4441; x_wconf 88' lang='lat' dir='ltr'><strong>mediocritate</strong></span> <span class='ocrx_word' id='word_1_751' title='bbox 3092 4391 3271 4449; x_wconf 87' lang='lat' dir='ltr'><strong>mea,</strong></span> <span class='ocrx_word' id='word_1_752' title='bbox 3333 4382 3405 4435; x_wconf 90' lang='lat' dir='ltr'><strong>ut</strong></span> <span class='ocrx_word' id='word_1_753' title='bbox 3459 4369 3629 4435; x_wconf 90' lang='lat' dir='ltr'><strong>scias</strong></span> <span class='ocrx_word' id='word_1_754' title='bbox 3687 4368 3884 4434; x_wconf 89' lang='lat' dir='ltr'><strong>etiam</strong></span> <span class='ocrx_word' id='word_1_755' title='bbox 3932 4365 4105 4451; x_wconf 89' lang='lat' dir='ltr'><strong>apud</strong></span> <span class='ocrx_word' id='word_1_756' title='bbox 4162 4389 4279 4432; x_wconf 91' lang='lat' dir='ltr'><strong>nos</strong></span> <span class='ocrx_word' id='word_1_757' title='bbox 4321 4365 4559 4432; x_wconf 79' lang='lat' dir='ltr'><strong>multo-</strong></span> 
     </span>
     <span class='ocr_line' id='line_1_109' title="bbox 2602 4450 4566 4540; baseline -0.004 -14"><span class='ocrx_word' id='word_1_758' title='bbox 2602 4482 2752 4526; x_wconf 91' lang='lat' dir='ltr'><strong>rum</strong></span> <span class='ocrx_word' id='word_1_759' title='bbox 2795 4458 2877 4526; x_wconf 90' lang='lat' dir='ltr'><strong>de</strong></span> <span class='ocrx_word' id='word_1_760' title='bbox 2924 4459 3174 4526; x_wconf 67' lang='lat' dir='ltr'><strong>Caluini</strong></span> <span class='ocrx_word' id='word_1_761' title='bbox 3217 4456 3433 4523; x_wconf 90' lang='lat' dir='ltr'><strong>libello</strong></span> <span class='ocrx_word' id='word_1_762' title='bbox 3480 4456 3601 4523; x_wconf 89' lang='lat' dir='ltr'><strong>hoc</strong></span> <span class='ocrx_word' id='word_1_763' title='bbox 3645 4465 4060 4540; x_wconf 86' lang='lat' dir='ltr'><strong>praepostera</strong></span> <span class='ocrx_word' id='word_1_764' title='bbox 4114 4474 4258 4519; x_wconf 86' lang='lat' dir='ltr'><strong>esse</strong></span> <span class='ocrx_word' id='word_1_765' title='bbox 4314 4450 4566 4519; x_wconf 74' lang='lat' dir='ltr'><strong>iudicia</strong></span> 
     </span>
     <span class='ocr_line' id='line_1_110' title="bbox 2603 4536 4561 4632; baseline -0.005 -19"><span class='ocrx_word' id='word_1_766' title='bbox 2603 4557 2669 4613; x_wconf 90' lang='lat' dir='ltr'><strong>et</strong></span> <span class='ocrx_word' id='word_1_767' title='bbox 2712 4546 2915 4632; x_wconf 89' lang='lat' dir='ltr'><strong>(quod</strong></span> <span class='ocrx_word' id='word_1_768' title='bbox 2959 4547 3168 4629; x_wconf 89' lang='lat' dir='ltr'><strong>magis</strong></span> <span class='ocrx_word' id='word_1_769' title='bbox 3213 4565 3317 4608; x_wconf 92' lang='lat' dir='ltr'><strong>me</strong></span> <span class='ocrx_word' id='word_1_770' title='bbox 3362 4544 3523 4620; x_wconf 89' lang='lat' dir='ltr'><strong>urit)</strong></span> <span class='ocrx_word' id='word_1_771' title='bbox 3582 4563 3806 4607; x_wconf 89' lang='lat' dir='ltr'><strong>eorum</strong></span> <span class='ocrx_word' id='word_1_772' title='bbox 3864 4541 3976 4624; x_wconf 90' lang='lat' dir='ltr'><strong>qui</strong></span> <span class='ocrx_word' id='word_1_773' title='bbox 4033 4537 4303 4622; x_wconf 88' lang='lat' dir='ltr'><strong>parochi</strong></span> <span class='ocrx_word' id='word_1_774' title='bbox 4347 4536 4561 4604; x_wconf 88' lang='lat' dir='ltr'><strong>eccle—</strong></span> 
     </span>
     <span class='ocr_line' id='line_1_111' title="bbox 2603 4622 4560 4711; baseline -0.005 -13"><span class='ocrx_word' id='word_1_775' title='bbox 2603 4632 2843 4699; x_wconf 87' lang='lat' dir='ltr'><strong>siastae</strong></span> <span class='ocrx_word' id='word_1_776' title='bbox 2887 4639 2955 4698; x_wconf 91' lang='grc' dir='ltr'><strong>6ι</strong></span> <span class='ocrx_word' id='word_1_777' title='bbox 2996 4632 3488 4699; x_wconf 89' lang='lat' dir='ltr'><strong>concionatores</strong></span> <span class='ocrx_word' id='word_1_778' title='bbox 3532 4626 3896 4711; x_wconf 87' lang='lat' dir='ltr'><strong>evangelici</strong></span> <span class='ocrx_word' id='word_1_779' title='bbox 3940 4637 4006 4692; x_wconf 91' lang='lat' dir='ltr'><strong>et</strong></span> <span class='ocrx_word' id='word_1_780' title='bbox 4039 4646 4182 4691; x_wconf 88' lang='grc'><strong>6666</strong></span> <span class='ocrx_word' id='word_1_781' title='bbox 4216 4638 4282 4689; x_wconf 92' lang='lat' dir='ltr'><strong>et</strong></span> <span class='ocrx_word' id='word_1_782' title='bbox 4326 4622 4560 4689; x_wconf 88' lang='lat' dir='ltr'><strong>haberi</strong></span> 
     </span>
     <span class='ocr_line' id='line_1_112' title="bbox 2603 4708 4560 4796; baseline -0.006 -11"><span class='ocrx_word' id='word_1_783' title='bbox 2603 4720 2853 4792; x_wconf 81' lang='lat' dir='ltr'><strong>volunt,</strong></span> <span class='ocrx_word' id='word_1_784' title='bbox 2900 4716 3073 4784; x_wconf 88' lang='lat' dir='ltr'><strong>unde</strong></span> <span class='ocrx_word' id='word_1_785' title='bbox 3117 4738 3195 4782; x_wconf 86' lang='lat' dir='ltr'><strong>ex</strong></span> <span class='ocrx_word' id='word_1_786' title='bbox 3244 4716 3445 4781; x_wconf 89' lang='lat' dir='ltr'><strong>animi</strong></span> <span class='ocrx_word' id='word_1_787' title='bbox 3510 4713 3834 4779; x_wconf 81' lang='lat' dir='ltr'><strong>sententia</strong></span> <span class='ocrx_word' id='word_1_788' title='bbox 3877 4709 4150 4796; x_wconf 86' lang='lat' dir='ltr'><strong>gaudee,</strong></span> <span class='ocrx_word' id='word_1_789' title='bbox 4207 4709 4292 4774; x_wconf 88' lang='lat' dir='ltr'><strong>D.</strong></span> <span class='ocrx_word' id='word_1_790' title='bbox 4335 4708 4560 4774; x_wconf 80' lang='lat' dir='ltr'><strong>Theo-</strong></span> 
     </span>
     <span class='ocr_line' id='line_1_113' title="bbox 2604 4797 4562 4925; baseline -0.007 -53"><span class='ocrx_word' id='word_1_791' title='bbox 2604 4805 2832 4872; x_wconf 78' lang='lat' dir='ltr'><strong>dorum</strong></span> <span class='ocrx_word' id='word_1_792' title='bbox 2887 4805 3120 4870; x_wconf 53' lang='lat' dir='ltr'><strong>Bagam</strong></span> <span class='ocrx_word' id='word_1_793' title='bbox 3172 4805 3241 4867; x_wconf 94' lang='lat' dir='ltr'><strong>in</strong></span> <span class='ocrx_word' id='word_1_794' title='bbox 3286 4799 3718 4925; x_wconf 57' lang='lat' dir='ltr'><strong>patrociniu2m</strong></span> <span class='ocrx_word' id='word_1_795' title='bbox 3769 4797 4016 4864; x_wconf 73' lang='lat' dir='ltr'><strong>Caluini</strong></span> <span class='ocrx_word' id='word_1_796' title='bbox 4071 4816 4352 4888; x_wconf 37' lang='lat' dir='ltr'><strong>parasse·</strong></span> <span class='ocrx_word' id='word_1_797' title='bbox 4382 4799 4562 4879; x_wconf 83' lang='lat' dir='ltr'><strong>Apo·</strong></span> 
     </span>
     <span class='ocr_line' id='line_1_114' title="bbox 2601 4892 3690 4978; baseline 0.001 -21"><span class='ocrx_word' id='word_1_798' title='bbox 2601 4892 2967 4978; x_wconf 48' lang='lat' dir='ltr'><strong>lugeat-um.</strong></span> <span class='ocrx_word' id='word_1_799' title='bbox 3025 4929 3088 4936; x_wconf 83' lang='lat'><strong>—·-</strong></span> <span class='ocrx_word' id='word_1_800' title='bbox 3144 4923 3225 4937; x_wconf 88' lang='lat'><strong>·-</strong></span> <span class='ocrx_word' id='word_1_801' title='bbox 3273 4927 3353 4934; x_wconf 89' lang='lat'><strong>·-</strong></span> <span class='ocrx_word' id='word_1_802' title='bbox 3402 4923 3480 4934; x_wconf 93' lang='lat'>-</span> <span class='ocrx_word' id='word_1_803' title='bbox 3528 4921 3610 4930; x_wconf 78' lang='lat'><strong>--</strong></span> <span class='ocrx_word' id='word_1_804' title='bbox 3667 4894 3690 4958; x_wconf 89' lang='lat'>)</span> 
     </span>
    </p>
   </div>
   <div class='ocr_carea' id='block_1_16' title="bbox 2609 5015 3004 5027">
    <p class='ocr_par' dir='ltr' id='par_1_18' title="bbox 2609 5015 3004 5027">
     <span class='ocr_line' id='line_1_115' title="bbox 2609 5015 3004 5027; baseline -0.015 0"><span class='ocrx_word' id='word_1_805' title='bbox 2609 5020 2740 5027; x_wconf 57' lang='lat'><strong>——---0</strong></span> <span class='ocrx_word' id='word_1_806' title='bbox 2755 5019 2776 5025; x_wconf 85' lang='lat'><strong>-.</strong></span> <span class='ocrx_word' id='word_1_807' title='bbox 2801 5015 3004 5023; x_wconf 78' lang='lat'>—-—-..-.-</span> 
     </span>
    </p>
   </div>
   <div class='ocr_carea' id='block_1_17' title="bbox 2805 5053 4311 5129">
    <p class='ocr_par' dir='ltr' id='par_1_19' title="bbox 2805 5053 4311 5129">
     <span class='ocr_line' id='line_1_116' title="bbox 2805 5053 4311 5129; baseline -0.007 -11"><span class='ocrx_word' id='word_1_808' title='bbox 2805 5064 2865 5126; x_wconf 72' lang='lat'><strong>2)</strong></span> <span class='ocrx_word' id='word_1_809' title='bbox 2913 5060 3247 5129; x_wconf 71' lang='lat' dir='ltr'><strong>Subscriptio</strong></span> <span class='ocrx_word' id='word_1_810' title='bbox 3282 5057 3440 5113; x_wconf 70' lang='lat' dir='ltr'><strong>hodie</strong></span> <span class='ocrx_word' id='word_1_811' title='bbox 3478 5056 3539 5109; x_wconf 71' lang='lat' dir='ltr'><strong>in</strong></span> <span class='ocrx_word' id='word_1_812' title='bbox 3574 5054 3916 5124; x_wconf 69' lang='lat' dir='ltr'><strong>autoyrapho</strong></span> <span class='ocrx_word' id='word_1_813' title='bbox 3950 5053 4311 5108; x_wconf 61' lang='lat' dir='ltr'><strong>amedeo-m.</strong></span> 
     </span>
    </p>
   </div>
   <div class='ocr_carea' id='block_1_18' title="bbox 3393 5263 3734 5273">
    <p class='ocr_par' dir='ltr' id='par_1_20' title="bbox 3393 5263 3734 5273">
     <span class='ocr_line' id='line_1_117' title="bbox 3393 5263 3734 5273; baseline 0 -1"><span class='ocrx_word' id='word_1_814' title='bbox 3393 5265 3524 5273; x_wconf 71' lang='grc'><strong>--.-.</strong></span> <span class='ocrx_word' id='word_1_815' title='bbox 3551 5263 3734 5272; x_wconf 50' lang='grc' dir='ltr'><strong>..ᾳ--υ</strong></span> 
     </span>
    </p>
   </div>
  </div>
 </body>
</html>
