4850 6200
342 464 465 524 649

1230 649 1434 719 2225.

399 803 763 872 LASOUS
807 803 1428 872 BULLINGERO
1474 805 1592 869 ET
1636 801 2244 870 BIBLIANDRO.

521 977 769 1043 Narrat
809 998 928 1060 quo
959 983 1147 1059 pado
1180 977 1251 1040 in
1286 975 1560 1042 ecclesiis
1594 975 1856 1041 Mae
1887 977 2029 1057 ipso
2062 976 2304 1041 absente

344 1069 551 1129 motus
591 1065 670 1128 de
689 1085 761 1128 re
782 1065 1283 1129 sacramentaria
1303 1064 1510 1136 fadus
1550 1064 1634 1126 sit
1665 1067 1722 1127 et
1753 1062 2082 1144 reooqnibio
2113 1082 2303 1144 quae-

345 1152 492 1215 dam
554 1147 947 1230 Catechismi,
1011 1149 1121 1215 hoc
1184 1154 1290 1226 est,
1347 1149 1608 1214 modesto
1671 1149 1989 1214 amn-inae
2050 1152 2299 1212 matuta.

354 1237 524 1318 Quae
585 1237 839 1319 quidem
894 1241 1040 1318 pos-t
1106 1255 1294 1301 suum
1357 1234 1633 1299 reditum
1687 1254 1836 1299 mox
1879 1233 2150 1299 inhibita
2193 1239 2301 1310 est,

340 1324 437 1388 ita
477 1327 688 1387 tam
728 1327 800 1386 ut
837 1323 972 1404 ipse
1015 1322 1262 1387 diutius
1294 1322 1364 1385 in
1400 1320 1536 1386 alis
1577 1322 1764 1386 tonis
1804 1326 1972 1386 stare
2014 1317 2300 1385 noluerit.

566 1493 843 1557 (Gordeeii
879 1493 1031 1548 lise.
1068 1493 1169 1547 1V.
1206 1511 1253 1545 a.
1293 1509 1343 1562 p.
1379 1490 1499 1546 485.
1570 1493 1799 1562 Kuyper
1836 1491 1900 1545 11.
1939 1489 2087 1557 710.)

519 1665 744 1745 Quum
783 1666 1015 1732 relicta
1034 1666 1255 1731 Frisia
1274 1666 1405 1730 iter
1442 1666 1570 1729 huc
1603 1685 1826 1729 meum
1850 1664 2304 1739 instituissem,

340 1753 586 1816 stati-es
645 1754 717 1817 in
769 1753 1060 1817 Domino
1115 1750 1715 1827 observandissimi,
1761 1751 1886 1814 fuit
1927 1749 2091 1813 mihi
2139 1749 2305 1814 forte

344 1837 609 1902 fortuna
631 1838 946 1905 Coloniae
989 1840 1057 1903 in
1088 1839 1327 1902 itinere
1348 1858 1495 1902 meo
1537 1838 1772 1903 obvius
1808 1835 2074 1901 Iacobus
2098 1839 2149 1913 ¹)
2193 1835 2304 1916 qui

345 1945 493 1990 cum
560 1926 804 1990 vestris
867 1924 952 1989 ad
1015 1946 1121 1989 me
1185 1925 1395 1989 literis
1462 1923 1784 1988 Aemdam
1834 1922 2155 1987 veniebat.
2236 1920 2307 1984 Is

345 2011 550 2095 igitur
592 2011 814 2075 literas
851 2020 1106 2076 vestras
1143 2011 1310 2075 mihi
1354 2008 1655 2081 reddidit,
1701 2019 1806 2074 ast
1847 2008 2102 2073 libellos
2144 2027 2306 2089 quos

345 2097 703 2161 mittebatis
748 2096 1021 2162 reddere
1056 2116 1190 2161 non
1227 2097 1463 2180 potuit:
1511 2114 1665 2160 nam
1709 2096 1779 2159 in
1823 2096 1978 2159 navi
2024 2093 2307 2175 quadam

346 2182 615 2266 repositi
658 2185 788 2248 iam
834 2183 1096 2247 fuerant
1140 2204 1287 2248 cum
1334 2182 1481 2246 aliis
1526 2182 1800 2246 sarcinis
1826 2180 2147 2246 Aemdam
2194 2178 2305 2243 de-

348 2268 652 2347 vehendi,
718 2271 1099 2353 priusquam
1166 2290 1272 2333 me
1342 2268 1608 2333 Iacobus
1652 2269 2084 2341 convenisset,
2134 2263 2306 2330 unde

346 2365 571 2438 postea
612 2375 747 2420 non
806 2356 993 2421 facile
1049 2356 1250 2420 eximi
1295 2364 1615 2438 poterant.
1707 2353 1940 2436 Itaque
1984 2352 2131 2416 illos
2174 2372 2306 2416 non

344 2440 503 2519 vidi,
563 2441 675 2507 sed
720 2441 1035 2507 Mieronio
1091 2454 1314 2506 nostro
1357 2451 1424 2506 et
1469 2439 1767 2506 Gerardo
1819 2438 2079 2520 Campio
2134 2436 2306 2501 tradi

345 2528 523 2592 iussi.
615 2528 877 2593 Literas
923 2537 1141 2592 autem
1187 2538 1442 2593 vestras
1489 2546 1733 2609 magna
1775 2547 1925 2591 cum
1966 2525 2304 2605 voluptate

344 2612 495 2697 legi,
541 2614 672 2679 nisi
715 2614 886 2697 quod
931 2634 1038 2677 me
1083 2635 1347 2697 eaquae
1386 2626 1478 2689 tu,
1502 2613 1592 2677 mi
1640 2611 2023 2694 Bullinyere,
2070 2608 2303 2675 scribis

345 2697 424 2763 de
468 2699 951 2765 foederatorum
978 2711 1345 2765 vestrorum
1384 2698 1672 2764 consiliis
1732 2717 2063 2780 papaeque
2108 2715 2302 2760 cona-

346 2785 518 2851 tibus
576 2794 644 2851 et
700 2796 817 2851 tua
886 2786 1264 2852 valetudine
1337 2807 1469 2851 non
1529 2786 1765 2849 leviter
1817 2781 2303 2865 perturbarunt.

344 2871 564 2956 Cogor
604 2884 825 2938 autem
878 2894 1058 2937 nunc
1116 2872 1382 2955 utrique
1427 2886 1716 2935 vestrum
1766 2871 1912 2934 unis
1957 2880 2150 2950 atque
2191 2868 2304 2932 iis-

345 2956 494 3021 dem
552 2958 765 3023 literis
822 2958 1239 3041 respondere,
1297 2960 1430 3022 imo
1478 2979 1632 3021 vero
1676 2978 1807 3020 non
1853 2964 1987 3019 tam
2034 2974 2304 3036 respon-

345 3042 528 3120 dere,
589 3066 785 3128 quam
842 3045 1060 3129 potius
1117 3066 1237 3110 vos
1293 3043 1373 3109 de
1418 3043 1612 3109 rebus
1677 3043 1843 3107 meis
1907 3041 2121 3107 facere
2164 3060 2303 3106 oer-

342 3131 561 3195 tiores.
650 3132 758 3195 Ita
800 3151 960 3196 vero
1005 3153 1145 3196 rem
1188 3132 1412 3214 paucis
1455 3131 1739 3212 accipite.

515 3217 732 3282 Meliti
798 3219 920 3283 hoe
985 3229 1142 3282 sunt
1204 3216 1597 3300 iampridem
1662 3213 1925 3299 quidam
2004 3214 2073 3278 in
2159 3231 2305 3277 mea

344 3302 582 3378 Frisia‚
640 3304 1023 3387 priusquam
1068 3324 1144 3368 eo
1203 3324 1281 3368 ex
1344 3303 1587 3387 Anglia
1644 3303 1988 3374 venissem,
2035 3313 2112 3363 ut
2154 3296 2304 3363 doc-

346 3389 591 3453 trinam
656 3388 1054 3456 Saxonicam
1121 3389 1243 3454 sub
1308 3410 1454 3454 mea
1507 3389 1806 3454 absentia
1896 3388 2303 3451 inducerent.

346 3475 423 3539 Id
460 3496 621 3540 vero
645 3487 867 3559 aperte
912 3476 1183 3559 professi
1222 3494 1354 3540 non
1392 3484 1565 3547 sunt.
1612 3474 1725 3540 sed
1766 3475 1944 3538 viam
1991 3493 2063 3537 se
2107 3492 2305 3554 quae-

348 3582 494 3626 rere
557 3562 958 3626 simularunt
1015 3561 1500 3645 componendae
1561 3561 2052 3628 controversiae
2096 3578 2307 3624 saera-

347 3650 727 3712 mentariae.
802 3647 976 3729 Quia
1024 3668 1178 3713 vero
1224 3649 1590 3730 praetextui
1634 3647 1786 3711 huic
1829 3646 2078 3711 occasio
2124 3644 2306 3708 nulla

347 3733 644 3810 dabatur,
690 3755 767 3798 eo
812 3735 979 3817 quod
1007 3735 1297 3799 maxima
1333 3735 1787 3799 ministrorum
1812 3733 2013 3796 totius
2056 3730 2307 3813 patriae

346 3840 497 3902 pars
513 3820 847 3886 doctrinae
859 3832 1122 3885 nostrae
1146 3822 1547 3885 unanimiter
1571 3819 2077 3902 subscripsisset,
2096 3836 2308 3897 neque

347 3904 427 3970 ab
473 3928 552 3971 ea
598 3907 699 3970 vel
758 3907 970 3971 latum
1029 3928 1315 3990 unguem
1377 3903 1708 3970 discedere
1752 3905 1972 3980 vellet,
2015 3902 2310 3985 quaesita

344 4005 442 4056 est
466 3994 635 4056 ratio
650 3992 924 4057 vocandi
937 4014 1043 4057 me
1060 3994 1129 4056 in
1155 3993 1611 4074 suspicionem,
1629 3991 1816 4073 quasi
1836 4010 1957 4074 ego
1973 3987 2308 4053 doctrinae

343 4098 527 4143 meae
550 4099 757 4162 genus
783 4078 862 4143 de
899 4101 969 4144 re
1006 4080 1518 4144 sacramentaria
1561 4077 1627 4141 in
1656 4078 1903 4159 Anglia
1926 4086 2304 4139 mutassem.

341 4162 431 4228 Et
473 4175 630 4229 sunt
670 4166 911 4247 reperti
957 4164 1238 4247 quidam,
1283 4175 1349 4228 et
1391 4164 1650 4246 quidem
1696 4171 2100 4247 symmystae
2157 4161 2306 4236 mei,

342 4252 447 4333 qui
513 4249 586 4314 id
647 4250 967 4334 paulatim
1035 4249 1306 4316 auribus
1371 4250 1659 4333 plurium
1725 4249 2151 4323 instillarent,
2201 4268 2305 4311 me

342 4336 610 4401 interim
654 4358 739 4401 ne
784 4336 985 4402 verbo
1007 4336 1268 4419 quidem
1293 4336 1626 4401 admonito
1662 4356 1856 4417 quem
1916 4344 2137 4398 tamen
2184 4353 2303 4415 pro

342 4439 604 4506 pastore
781 4424 1104 4489 oscebant.
1194 4423 1353 4487 Mox
1412 4432 1601 4487 erant
1659 4422 1767 4504 qui
1826 4421 2046 4486 nescio
2106 4439 2301 4503 quam

344 4508 636 4592 Philippi
797 4509 1180 4575 lanchthonis
1238 4507 1752 4573 moderationem
1811 4508 2182 4590 proferrent
2226 4515 2301 4568 ut

344 4615 417 4659 ea
478 4595 775 4662 ecclesiis
839 4604 1332 4679 proponeretur.
1426 4594 1561 4659 Alii
1608 4615 1691 4658 ex
1763 4592 1939 4658 Petri
1982 4590 2301 4675 Martyris

344 4681 736 4749 tractatione
780 4682 851 4746 in
910 4702 1093 4746 suam
1165 4681 1560 4745 sententiam
1627 4681 2042 4745 detorserant
2098 4676 2300 4742 verba

342 4767 679 4850 quaedam,
724 4768 1045 4849 quaedam
1092 4768 1248 4831 item
1294 4788 1374 4830 ex
1402 4776 1622 4832 vestra
1644 4787 1789 4831 cum
1841 4763 2102 4830 Calvino
2145 4785 2299 4828 con·

344 4855 665 4930 sensione,
713 4873 841 4936 qua
886 4854 965 4918 de
1010 4874 1084 4919 re
1127 4852 1208 4917 ad
1254 4850 1588 4919 Calvinum
1623 4852 1820 4917 etiam
1865 4851 2116 4933 scripsi.
2209 4850 2300 4914 Et

342 4942 648 5022 quoniam
714 4960 836 5025 ego
903 4940 1049 5005 aliis
1093 4938 1478 5022 quibusdam
1545 4937 1760 5003 verbis
1826 4947 1994 5014 utor,
2041 4935 2299 5001 etiamsi

347 5195 526 5252 2825.
551 5196 612 5263 1)
653 5195 788 5251 Sine
831 5196 946 5251 ulla
988 5212 1159 5252 eausa
1207 5195 1505 5267 Kuyperus
1549 5196 1650 5251 hoc
1695 5212 1888 5250 nonen
1943 5194 2202 5250 sollicitat
2247 5199 2300 5248 et

348 5264 612 5322 Ioanne-⁸
663 5266 741 5320 ah·
889 5335 899 5347 ·
950 5267 1069 5320 eius
1118 5267 1235 5348 loeo
1262 5281 1547 5349 ‚repon-ere
1600 5265 1728 5346 vult.
1803 5263 2063 5320 Iacobum
2111 5264 2296 5330 imm,

345 5335 717 5475 rmffltilze
755 5448 769 5462 ⁶
802 5336 1117 5471 2194)m.
1117 5338 1218 5390 uti
1249 5352 1309 5389 m
1344 5350 1409 5389 ea
1445 5350 1571 5404 ipsa
1604 5334 1839 5404 epmola
1860 5333 1937 5388 ad
1970 5348 2129 5403 quam
2165 5333 2298 5387 haec

2172 465 2330 525 1555
2377 456 2565 529 IUN.

4241 466 4366 525 650

2396 648 2634 714 eodem
2700 655 3016 733 spectent,
3083 647 3628 731 quemadmodum
3696 670 3815 714 vos
3883 669 4136 732 quoque
4190 662 4368 717 recte

2404 734 2730 812 iudicatis,
2779 755 3089 819 spargere
3126 746 3484 817 coeperunt
3526 757 3632 800 me
3678 751 3744 799 et
3788 756 3827 799 a
3872 734 4058 800 Petro
4082 732 4368 820 Manyre

2401 834 2470 886 et
2534 841 2575 885 a
2616 821 2802 886 vobis
2844 821 3147 884 omnibus
3192 819 3554 899 dissentire,
3616 821 3729 904 qui
3775 822 3957 904 prius
3999 843 4106 887 me
4151 821 4368 887 vobis-

2403 930 2554 974 cum
2606 909 2975 973 consentire
3034 906 3402 989 profitebar.
3491 907 3584 972 Et
3643 929 3720 972 eo
3781 928 3888 972 res
3935 906 4216 984 tandem,
4265 931 4368 975 me

2403 993 2574 1058 nibil
2618 992 2969 1076 quidquam
3019 993 3122 1056 vel
3172 995 3416 1057 sciente
3442 993 3542 1058 vel
3589 994 3786 1058 etiam
3828 994 4223 1076 suspicante,
4268 1005 4370 1060 est

2405 1079 2688 1144 deducta
2732 1090 2806 1144 ut
2851 1078 3150 1142 doctrina
3172 1080 3699 1157 sacramentaria,
3736 1080 3840 1145 cui
3866 1098 4091 1145 omnes
4128 1080 4369 1163 alioqui

2404 1176 2811 1251 symmystae
2837 1166 2969 1229 mei
3004 1164 3546 1246 subscripserant,
3571 1167 3810 1249 corrigi
3833 1167 4134 1250 eoeperit,
4182 1190 4257 1232 ac
4283 1190 4367 1232 ne

2406 1275 2484 1316 ea
2528 1252 2668 1317 sola
2689 1251 2931 1334 corrigi
2957 1249 3297 1314 videretur
3331 1252 3531 1316 totius
3566 1251 3970 1317 Cateehismi
4011 1254 4367 1337 recognitio

2405 1339 2710 1403 instituta
2758 1348 2877 1401 est.

2579 1424 2767 1489 Haec
2812 1446 2966 1488 vero
3012 1423 3175 1487 mihi
3222 1421 3486 1488 demum
3533 1425 3600 1488 in
3645 1422 3894 1508 Anglia
3937 1425 4228 1490 versanti
4267 1426 4366 1490 in-

2407 1508 2622 1576 dicata
2665 1522 2783 1585 est,
2828 1507 2943 1574 sed
2999 1530 3126 1573 non
3174 1507 3347 1574 facta
3405 1509 3539 1573 ulla
3598 1512 3952 1574 mutandae
3996 1510 4131 1575 ullo
4175 1510 4368 1576 modo

2404 1595 2738 1661 doctrinae
2801 1596 3297 1679 significatione,
3379 1595 3458 1659 de
3534 1617 3665 1678 qua
3742 1596 3983 1679 alioqui
4049 1597 4270 1662 nullus
4331 1618 4369 1662 e

2407 1683 2811 1767 symmystis,
2838 1703 2966 1745 uno
2990 1694 3106 1746 aut
3128 1681 3332 1747 altero
3376 1692 3666 1764 excepto,
3713 1683 4059 1766 cogitabat.
4140 1682 4371 1766 Itaque

2408 1790 2529 1834 nee
2572 1789 2695 1852 ego
2737 1768 3118 1833 recusabam
3160 1767 3507 1848 quominus
3531 1767 3986 1833 Oatochismus
4025 1788 4369 1854 recognos-

2407 1865 2685 1921 ceretur.
2747 1854 2848 1918 Eo
2881 1874 3074 1937 porro
3100 1854 3431 1937 recognito
3464 1853 3753 1919 suboluit
3793 1855 4123 1938 plerisque
4164 1856 4368 1933 fucus,

2409 1949 2602 2023 atque
2667 1941 2765 2005 ita
2820 1940 3119 2004 unanimi
3163 1948 3684 2023 symmystarum
3728 1943 4022 2005 omnium
4066 1941 4138 2005 in
4181 1953 4370 2007 coetu

2408 2027 2668 2109 publico
2734 2026 3002 2092 consilio
3080 2026 3599 2092 constituebatur
3665 2048 3750 2091 ne
3817 2028 4192 2111 recognitus
4257 2027 4368 2092 ille

2409 2113 2868 2178 Oatechismus
2921 2112 3397 2196 invulgaretur,
3441 2113 3823 2195 priusquam
3870 2113 3951 2177 ad
3997 2134 4105 2176 me
4147 2114 4368 2178 mitte-

2408 2210 2592 2263 retur
2636 2218 2909 2282 meaque
2954 2198 3033 2262 de
3077 2198 3189 2262 illo
3235 2197 3566 2262 sententia
3604 2198 3973 2262 haberetur.
4063 2200 4164 2265 Ibi
4210 2221 4368 2264 vero

2409 2286 2781 2369 recognitor
2826 2284 2936 2348 ille
2979 2305 3195 2348 moras
3241 2295 3501 2349 nectere
3545 2285 3892 2366 quominus
3938 2285 4020 2349 ad
4066 2306 4170 2350 me
4216 2287 4366 2350 mit-

2408 2382 2677 2443 teretur,
2704 2384 2770 2435 et
2791 2369 2987 2452 paulo
3011 2380 3158 2453 post-
3181 2392 3443 2434 rursum
3484 2390 3738 2434 moram
3775 2370 4055 2434 nimium
4103 2373 4366 2454 longam

2409 2477 2732 2527 accusare.
2779 2458 2837 2521 si
2883 2476 3029 2521 mea
3073 2458 3400 2521 sententia
3446 2456 3887 2540 exspectanda
3930 2466 4120 2522 esset.
4213 2459 4367 2522 Bre-

2408 2545 2599 2621 viter,
2645 2541 2895 2606 editum
2925 2541 3184 2607 volebat
3215 2542 3619 2625 recognitum
3646 2541 4137 2607 Catechismum
4176 2543 4365 2608 illum

2407 2650 2542 2694 non
2587 2638 2965 2711 exspectata
3006 2648 3153 2692 mea
3196 2629 3548 2692 sententia:
3594 2627 3873 2711 denique
3917 2630 4046 2693 iam
4090 2652 4366 2695 curave-

2410 2726 2516 2779 rat
2581 2726 2655 2780 ut
2720 2715 2897 2798 typis
2962 2713 3407 2778 mandaretur.
3499 2715 3715 2797 Atque
3782 2714 3996 2778 aulam
4068 2716 4174 2779 hic
4240 2715 4364 2780 sibi

2408 2802 2737 2866 faventem
2785 2800 3083 2873 habebat,
3145 2821 3308 2882 quae
3352 2799 3529 2864 aliud
3576 2799 3742 2864 nihil
3789 2822 3985 2883 quam
4035 2800 4365 2866 doctrinae

2406 2887 2842 2952 mutationem
2885 2885 3340 2951 meditabatur.

2582 2973 2848 3038 Interea
2907 2993 3063 3037 vero
3114 2993 3235 3056 ego
3291 2994 3373 3036 ex
3419 2973 3664 3056 Anglia
3707 2974 3898 3036 venio
3939 2975 4230 3038 omnium
4278 2975 4364 3038 is-

2409 3072 2623 3125 torum
2669 3058 2863 3142 plane
2907 3059 3197 3142 ignarus,
3245 3068 3312 3124 et
3343 3058 3723 3143 priusquam
3771 3059 3838 3122 in
3885 3059 4169 3125 Frisiam
4216 3081 4364 3145 per-

2412 3147 2756 3220 venissem,
2824 3145 3181 3210 admoneor
3247 3145 3326 3210 de
3393 3167 3620 3228 sparsa
3684 3146 3764 3210 de
3822 3167 3927 3209 me
3972 3146 4363 3231 suspicione,

2409 3234 2592 3315 quasi
2640 3232 3006 3298 doctrinam
3050 3252 3265 3295 meam
3321 3245 3718 3296 mutassem:
3781 3253 3860 3296 ea
3916 3253 3985 3296 re
4027 3233 4367 3315 plerosque

2409 3319 2691 3383 offensos
2757 3340 2919 3392 esse,
2975 3339 3187 3399 neque
3252 3319 3343 3381 ita
3408 3319 3540 3382 iam
3588 3331 3663 3381 ut
3705 3331 3898 3383 antea
3941 3340 4098 3402 erga
4152 3340 4365 3383 meam

2409 3404 2773 3470 doctrinam
2798 3426 2938 3469 esse
2962 3404 3246 3481 affectos,
3273 3405 3403 3467 imo
3428 3425 3580 3467 vero
3618 3424 3861 3468 novum
3874 3403 4364 3470 Oatechismum

2408 3490 2533 3557 sub
2579 3490 2759 3575 prelo
2803 3511 2946 3555 esse
2990 3492 3101 3571 qui
3145 3489 3470 3554 diversam
3530 3486 3893 3554 doctrinam
3941 3512 3978 3554 a
4023 3511 4170 3556 mea
4211 3511 4366 3555 con-

2410 3579 2662 3642 tineret.
2756 3576 3103 3659 Ingressus
3163 3576 3449 3639 Frisiam
3508 3576 3806 3639 sciscitor
3870 3595 3909 3638 a
3974 3575 4366 3658 quibusdam

2406 3664 2725 3729 fratribus
2790 3672 2866 3727 ut
2907 3684 2977 3726 se
3043 3682 3121 3725 ea
3201 3682 3306 3725 res
3386 3660 3671 3725 haberet.
3783 3660 4094 3745 Intelligo
4159 3663 4367 3727 latere

2408 3748 2740 3832 quiddam.
2810 3749 3018 3813 Posco
3059 3771 3098 3811 a
3132 3747 3539 3831 recognitore
3558 3751 3613 3820 ²)
3658 3745 4148 3812 Cateehismum
4183 3751 4368 3815 cuius

2411 3857 2563 3918 pars
2609 3837 2738 3899 iam
2801 3834 3039 3899 excudi
3098 3844 3418 3914 coeperat.
3511 3833 3776 3897 Adnoto
3811 3856 3976 3915 quae
4022 3834 4185 3898 mihi
4233 3856 4365 3899 non

2408 3921 2874 4004 probabantur.
2963 3921 3204 3985 Postea
3263 3921 3635 3984 convocatis
3679 3919 3948 4004 collegis
3991 3920 4070 3984 de
4117 3933 4370 3985 mutata

2409 4008 2706 4073 doctrina
2763 4028 2912 4072 cum
2973 4005 3375 4089 recognitore
3429 4006 3786 4087 expostulo,
3875 4007 4113 4072 Moneo
4169 4028 4253 4071 ne
4296 4007 4369 4070 in

2408 4094 2693 4159 editione
2737 4101 2987 4176 pergat,
3046 4093 3288 4174 alioqui
3331 4112 3436 4155 me
3492 4101 3722 4156 contra
3763 4095 4156 4174 scripturum
4201 4113 4361 4157 esse.

2408 4180 2667 4245 Protuli
2724 4200 2891 4261 quae
2948 4200 3053 4243 me
3098 4175 3518 4241 offendebant
3577 4187 3644 4241 et
3701 4177 3993 4242 volebam
4041 4191 4117 4241 ut
4160 4176 4242 4242 ad
4285 4197 4364 4240 ea

2406 4266 2570 4330 mihi
2618 4265 3039 4348 responderet
3062 4275 3129 4328 et
3164 4263 3511 4328 editionem
3540 4264 3790 4328 interea
3831 4263 4141 4328 differret.
4208 4263 4363 4328 Pla·

2406 4354 2543 4418 cuit
2590 4352 2652 4416 id
2699 4352 2966 4432 reliquis
3010 4350 3293 4433 collegis.
3359 4351 3761 4434 Recognitor
3805 4348 4202 4415 Catechismi
4250 4349 4362 4412 de-

2404 4439 2765 4503 fensionem
2811 4438 2879 4501 in
2928 4459 2999 4502 se
3047 4436 3289 4518 recepit
3323 4456 3672 4519 suppresso
3719 4435 4150 4500 Catechismo.
4217 4435 4361 4518 Ego

2404 4525 2847 4589 defensionem
2893 4523 3175 4588 refutavi
3232 4535 3307 4586 ut
3360 4522 3662 4619 amplius·
3701 4519 4094 4604 respondere
4137 4520 4359 4596 nollet,

2401 4623 2469 4675 et
2512 4623 2912 4676 conventum
2966 4622 3065 4674 est
3111 4624 3184 4672 ut
3239 4630 3310 4672 se
3363 4629 3592 4672 omnes
3646 4620 3823 4671 intra
3865 4628 4059 4673 voees
4106 4619 4361 4671 vestrae

2400 4697 2849 4761 consensionis
2895 4696 3203 4777 deinceps
3247 4716 3395 4759 cum
3442 4698 3613 4759 iusta
3656 4714 3880 4757 earum
3927 4694 4360 4776 explicatione

2400 4783 2833 4849 continerent.

2574 4868 2682 4933 Ita
2720 4868 3099 4950 conquievit
3134 4865 3484 4947 tragoedia.
3579 4865 3718 4947 Ego
3745 4885 3902 4930 vero
3939 4874 4166 4949 postea
4205 4886 4357 4930 eon-

2398 4954 2862 5020 fessiunculam
2919 4974 3134 5017 meam
3193 4952 3366 5016 edidi
3386 4954 3444 5029 ³)
3503 4964 3579 5015 ut
3634 4971 3894 5032 sparsae
3940 4950 4021 5015 de
4064 4972 4170 5015 me
4215 4975 4358 5018 sus-

2397 5041 2640 5124 picioni
2685 5059 3113 5116 occurrerem,
3138 5038 3206 5102 in
3243 5059 3371 5119 qua
3415 5037 3574 5100 mihi
3616 5037 3886 5101 minime
3931 5036 4353 5116 haerendum,

2604 5332 2666 5398 2)
2703 5333 2796 5387 cui
2829 5347 3022 5384 nomen
3059 5337 3179 5384 erat
3214 5328 3391 5384 Gellio
3428 5330 3636 5394 Fabro,
3675 5336 3804 5385 teste
3841 5328 4123 5400 Kuypero.

2605 5400 2668 5468 3)
2703 5401 2783 5454 De
2819 5400 3193 5454 commuuione
3231 5399 3448 5453 Christi.
3516 5395 3654 5467 Opp.
3693 5400 3776 5454 ed.
3814 5397 4047 5469 Kuyper
4081 5401 4125 5453 1.
4161 5398 4280 5453 235.
