4850 6200
479 402 600 463 791

685 581 2196 654 Pourtonnoenbiemtuvoynmonungeapmdr·

686 654 818 709 uon
855 654 984 708 chef
1008 655 1124 707 eloe
1159 660 1216 705 et
1249 668 1374 705 mon
1602 668 1668 706 en
1703 652 1787 704 lor
1819 651 2024 720 pendre

689 724 806 779 Indi
884 740 916 776 e
951 723 1100 775 bela·
1135 721 1203 774 de
1238 728 1354 773 cett
1387 728 1484 774 ont
1583 738 1685 774 cnx
1721 721 1928 774 blasme

846 792 1071 845 dntien
1106 797 1502 860 toysenrqne
1575 804 1800 843 ececo
1931 794 2185 842 nonunt

793 862 908 927 Que
942 868 1128 929 maynt
1161 874 1313 928 amys
1349 875 1418 911 va
1452 858 1762 911 tristement
1794 875 1831 928 p
1853 863 2015 911 orant

689 930 768 985 Le
802 930 904 984 0101
929 930 1132 1000 joyeux
1169 946 1204 981 a
1239 943 1395 980 recen
1431 944 1464 979 a
1497 943 1595 997 noy
1631 927 1816 980 laume-

1345 1470 1548 1541 2303.

1086 1627 1326 1692 BEZA
1373 1622 1807 1691 GALVINO.

652 1797 986 1864 Certiorem
1038 1818 1178 1863 eum
1231 1798 1385 1880 facit
1424 1797 1503 1863 de
1555 1797 1761 1860 variis
1802 1797 1917 1877 qui
1970 1796 2414 1877 ciramferun-

475 1890 580 1949 ὑκο-
619 1885 975 1949 rumoribus
1016 1887 1181 1951 circa
1220 1887 1434 1965 partes
1474 1905 1518 1949 a
1566 1879 1827 1946 Calvino
1877 1882 1949 1946 in
1990 1883 2173 1946 rebus
2221 1882 2417 1947 Gene-

469 1971 756 2035 ventibus
799 1976 989 2043 actas,
1037 1970 1312 2051 iubetque
1353 1989 1494 2034 eum
1527 1972 1872 2033 consumier
1905 1973 1961 2032 et
1999 1968 2246 2050 fortiter
2286 1989 2416 2050 qua

469 2058 664 2138 coepit
694 2056 1013 2139 proyredi.

472 2226 581 2293 (Ex
636 2225 969 2295 autographo
1022 2225 1147 2279 Cod.
1203 2224 1440 2279 Gothani
1489 2223 1608 2287 ⁴04,
1662 2224 1750 2278 fol.
1807 2222 1924 2279 723.
2015 2224 2203 2278 Edidit
2255 2224 2411 2278 Bret-

1158 2294 1444 2347 schneider
1479 2310 1528 2364 p.
1571 2292 1717 2359 118.)

643 2466 903 2530 Eximio
941 2487 1132 2531 servo
1171 2464 1294 2530 Dei
1333 2466 1412 2529 D.
1451 2465 1683 2530 Ioanni
1722 2464 1999 2530 Calvino
2035 2465 2207 2548 patri
2240 2464 2407 2528 mihi

468 2551 770 2636 inprimis
815 2549 1216 2617 observando
1262 2560 1329 2617 et
1365 2551 1778 2617 Genevensis
1822 2550 2129 2616 ecclesiae
2166 2549 2407 2614 fidelis-

469 2637 634 2702 simo
678 2638 941 2722 pastori.

1905 2720 2232 2787 Genevae.

638 2892 707 2960 S.
799 2894 1002 2960 Recte
1081 2893 1317 2959 alicubi
1405 2892 1719 2976 scripsisti
1805 2892 2188 2958 afflictiones
2266 2914 2406 2958 esse

516 2979 830 3064 'gnendae
888 2980 1235 3062 patientiae
1289 2981 1738 3044 instrumenta.
1827 2978 1998 3043 Nam
2053 2978 2175 3043 1100
2218 2999 2258 3042 a
2301 3000 2406 3044 me

465 3067 845 3149 impetravit
887 3068 1160 3131 istorum
1198 3087 1433 3131 canum
1470 3066 1699 3144 rabies,
1747 3075 1818 3129 ut
1860 3065 1999 3148 ipse
2036 3066 2257 3131 mirari
2302 3065 2404 3129 in-

465 3153 698 3235 cipiam
746 3173 871 3235 quo
917 3153 1107 3215 modo
1160 3165 1293 3216 tam
1344 3151 1550 3216 multa
1595 3173 1768 3216 nunc
1810 3151 2138 3234 patienter
2180 3152 2404 3216 audire

465 3239 847 3314 sustineam,
912 3258 1077 3320 quae
1139 3237 1329 3320 paulo
1395 3247 1548 3302 ante
1606 3259 1689 3301 ne
1755 3236 2075 3320 suspicari
2142 3234 2403 3319 quidem

464 3323 852 3407 potuissem,
918 3323 1075 3405 quin
1140 3323 1380 3387 mirum
1458 3322 1528 3387 in
1594 3320 1858 3387 modum
1938 3343 2399 3389 commoverer.

467 3408 660 3474 Absit
716 3409 890 3472 enim
939 3418 1012 3472 ut
1064 3409 1172 3473 isti
1231 3429 1425 3474 canes
1469 3430 1583 3474 suo
1642 3409 1885 3473 latratu
1931 3429 2052 3473 nos
2095 3430 2133 3471 a
2173 3418 2400 3473 nostro

464 3495 674 3560 officio
719 3494 823 3560 vel
871 3493 1214 3558 minimum
1259 3493 1608 3560 abducant:
1668 3494 1836 3578 quod
1881 3515 2089 3559 unum
2147 3503 2402 3559 certum

466 3588 568 3645 est
625 3579 693 3643 in
749 3579 852 3644 his
909 3580 1376 3646 certaminibus
1435 3603 1575 3646 esse
1633 3578 1918 3647 Satanae
1977 3579 2400 3663 propositum,

465 3664 652 3732 euius
708 3663 897 3730 furiis
952 3665 1059 3729 isti
1119 3666 1342 3748 perciti
1397 3665 1756 3731 insaniunt.
1838 3664 2136 3731 Narrabo
2180 3675 2399 3730 tamen

464 3751 583 3816 tibi
629 3749 794 3833 quod
844 3750 1353 3833 nudiusquartus
1408 3752 1659 3817 accidit.
1746 3750 1988 3816 Vester
2036 3750 2400 3816 Pseudalci-

462 3835 691 3912 biadeS,
724 3839 767 3908 ¹)
814 3857 926 3901 seu
972 3837 1182 3902 mavis
1221 3836 1564 3901 Plautinus
1600 3836 2150 3923 PyrgopoliniceS,
2197 3857 2400 3918 quum

463 3921 588 3987 hac
624 3923 1025 4003 praeteriret,
1063 3922 1129 3986 in
1168 3921 1350 3987 albae
1394 3923 1605 3988 crucis
1639 3923 1920 4006 hospitio
1957 3943 2112 3986 suas
2155 3922 2402 3987 scilicet

459 4007 766 4073 victorias
810 4007 1095 4073 iactavit.
1164 4007 1410 4090 Quidni
1447 4011 1622 4074 enim
1662 4010 1951 4074 vinceret
1994 4007 2105 4073 ubi
2149 4007 2399 4073 nullum

457 4094 712 4159 hostem
759 4092 999 4157 habet?
1065 4093 1199 4158 Sed
1244 4094 1396 4159 audi
1440 4117 1567 4178 quo
1613 4095 1701 4161 sit
1743 4103 2106 4178 provectus.
2189 4094 2289 4158 Do
2334 4102 2399 4158 te

459 4178 629 4244 dixit
663 4201 828 4262 quae
864 4180 944 4244 ab
983 4179 1245 4245 homine
1287 4180 1751 4265 impurissime,
1797 4191 1864 4244 et
1898 4180 2106 4263 qualis
2139 4200 2399 4262 semper

458 4263 613 4343 fuit,
672 4265 991 4348 proficisci
1047 4275 1339 4348 possunt.
1431 4267 1685 4331 Deinde
1738 4287 1937 4349 quum
1982 4263 2065 4331 ad
2124 4265 2400 4330 Vir-etum

459 4361 754 4416 nostrum
806 4359 1067 4415 ventum
1129 4361 1319 4429 esset,
1382 4353 1522 4428 iste,
1592 4353 1818 4435 inquit,
1886 4352 2042 4436 quia
2099 4349 2399 4417 blandior

459 4443 579 4514 est,
636 4436 1028 4502 subornatus
1084 4437 1208 4501 fuit
1261 4438 1371 4520 qui
1417 4437 1691 4503 nothum
1752 4439 1938 4503 illum
1977 4437 2284 4514 alliceret,
2332 4445 2400 4501 et

456 4522 789 4606 proposita
826 4524 996 4587 vitae
1033 4543 1147 4605 spe
1193 4522 1274 4587 ab
1310 4544 1384 4588 eo
1429 4524 1827 4606 impetraret,
1870 4531 1945 4588 ut
1978 4544 2097 4588 nos
2132 4523 2395 4606 quibus-

459 4607 564 4674 vis
627 4606 1011 4674 criminibus
1076 4616 1397 4673 oneraret.
1505 4609 1648 4675 Hoc
1712 4630 1850 4694 ego,
1913 4609 2147 4693 inquit,
2213 4608 2398 4673 illum

457 4701 745 4759 tentasse
790 4703 1014 4776 aperte
1059 4693 1221 4772 dico,
1268 4702 1333 4759 et
1375 4695 1428 4760 si
1474 4695 1732 4779 negarit
1775 4695 2231 4779 comprobabo:
2280 4694 2396 4759 ha-

458 4779 618 4845 bent
681 4779 854 4844 enim
921 4780 1244 4862 principes
1309 4781 1377 4844 in
1438 4780 1739 4846 manibus
1802 4792 1982 4848 certa
2046 4783 2245 4846 totius
2301 4779 2397 4845 rei

460 4873 641 4930 actae
685 4865 1076 4930 testimonia.
1161 4865 1342 4931 Haec
1385 4865 1511 4931 ille.
1603 4867 1703 4932 Ne
1747 4888 1902 4933 vero
1947 4876 2136 4951 putes
2178 4865 2400 4930 omnia

461 4947 626 5016 haee
670 4949 750 5014 ab
795 4952 934 5034 ipso
979 4971 1119 5016 esse
1164 4953 1453 5029 conficta,
1512 4973 1587 5018 eo
1639 4953 1782 5036 ipso
1825 4953 1930 5019 die
1973 4953 2399 5038 cognovimus

461 5053 548 5100 ex
590 5034 824 5101 idoneo
869 5045 1050 5116 teste,
1101 5039 1356 5103 Bernae
1396 5037 1794 5105 circumferri
1828 5059 1960 5104 non
1996 5037 2186 5103 modo
2228 5036 2400 5102 hanc

466 5239 658 5298 2808.
681 5239 738 5302 1)
775 5241 867 5296 An
905 5241 1218 5297 Pet-rinus?
1287 5241 1374 5296 Do
1417 5244 1912 5300 machinativa-ntus
1945 5244 2088 5297 enim
2128 5241 2398 5298 Gemmeu-

461 5311 607 5368 n'm
639 5309 884 5364 casulum
920 5316 1032 5366 tota
1066 5311 1197 5366 haec
1231 5311 1459 5381 epistola
1493 5315 1624 5383 agit.

1977 388 2505 457 EPISTOLAE
2548 386 2975 450 2302—2305

4346 389 4473 450 792

2526 580 2787 655 famam,
2830 578 2946 645 sed
2982 578 3180 644 etiam
3214 598 3437 642 rerum
3471 580 3806 658 gestarum
3840 576 4358 652 commentarios,
4402 578 4475 643 in

2528 666 2761 748 quibus
2824 664 2949 731 1100
3011 664 3256 729 diserte
3319 663 3405 728 sit
3469 661 3783 744 scriptum
3846 659 4000 743 quid
4067 681 4151 724 ex
4215 682 4473 744 quoque

2527 753 2916 834 quaesitum,
2960 771 3088 832 quo
3122 748 3333 827 modo,
3368 769 3496 831 quo
3530 756 3841 829 tempore,
3886 744 4045 826 quid
4078 767 4472 828 responsum

2528 840 2633 902 sit.
2723 837 3025 920 Denique
3068 845 3147 900 ut
3202 836 3368 900 scias
3410 854 3607 916 quam
3659 834 3791 897 sint
3842 829 4187 914 diligentes
4230 831 4471 899 harum

2526 945 2745 988 rerum
2798 923 3174 1005 scriptores,
3240 942 3371 984 000
3423 918 3614 983 modo
3671 928 3947 980 narrant
4000 917 4155 999 quid
4210 930 4470 1000 gestum

2527 1009 2631 1086 sit,
2676 1008 2793 1075 sed
2835 1011 3033 1073 etiam
3076 1007 3463 1089 confingunt
3496 1002 3808 1087 quidquid
3852 1002 4026 1066 libet.
4092 1003 4273 1069 Hinc
4314 1024 4469 1069 000-

2526 1094 2666 1169 1100,
2731 1099 2804 1159 10
2870 1095 3011 1176 ipso
3076 1093 3225 1157 sinu
3287 1090 3679 1173 reipublicae
3738 1100 3995 1153 vestrae
4054 1089 4268 1154 adhuc
4332 1111 4469 1154 000

2527 1178 2715 1243 100ᾶο
2768 1180 3216 1262 exploratores
3275 1175 3390 1241 sed
3445 1177 3643 1240 etiam
3699 1174 3921 1238 hostes
3970 1175 4237 1251 versari,
4291 1175 4469 1257 quod

2525 1265 2786 1346 quidem
2829 1286 2961 1329 non
3007 1263 3231 1328 dubito
3275 1264 3431 1346 quin
3484 1261 3741 1326 facilius
3796 1260 4225 1324 animadverti
4268 1280 4468 1341 quam

2524 1352 2759 1434 corrigi
2814 1351 3038 1433 possit.
3119 1348 3254 1415 Sed
3308 1362 3527 1412 tamen
3582 1369 3711 1410 non
3769 1346 3949 1429 potui
4002 1367 4134 1408 non
4186 1347 4467 1412 istorum

2526 1448 2588 1500 te
2631 1456 2917 1515 monere,
2976 1447 3049 1500 ut
3089 1434 3298 1517 quoad
3344 1433 3484 1498 eius
3526 1432 3669 1497 fieri
3725 1433 3967 1515 poterit
4012 1430 4164 1497 huic
4207 1452 4464 1515 quoque

2524 1521 2696 1587 malo
2738 1534 3129 1586 occurratur.
3222 1520 3449 1602 Neque
3491 1540 3629 1583 rem
3686 1528 3931 1582 temere
3984 1526 4313 1599 acceptam
4359 1539 4464 1583 re·

2522 1606 2691 1685 fero,
2750 1606 2864 1672 sed
2919 1629 3002 1672 ex
3059 1629 3135 1671 eo
3190 1604 3482 1671 auditam
3526 1605 3637 1687 qui
3682 1625 3890 1686 neque
3947 1602 4465 1669 contemnendus

2522 1704 2623 1757 est
2665 1704 2857 1757 autor
2899 1714 3110 1775 neque
3157 1691 3337 1757 001118
3380 1690 3758 1755 malevolus.

2692 1779 2827 1844 Sed
2868 1780 3022 1861 quid
3064 1779 3332 1842 interim
3375 1785 3598 1841 noster
3656 1773 3950 1839 Viretus?
3992 1795 4228 1856 nempe
4270 1795 4465 1857 prae-

2520 1862 2763 1929 claram
2820 1865 3007 1929 nobis
3061 1864 3461 1928 occasionem
3526 1861 3807 1927 oblatam
3873 1870 4198 1942 putamus,
4265 1882 4505 1941 quam,

2522 1971 2602 2014 ne
2639 1971 2756 2033 per
2790 1951 3119 2016 somnium
3156 1947 3419 2032 quidem
3454 1950 3594 2013 ausi
3633 1969 3893 2012 eramus
3936 1968 4215 2029 sperare.
4290 1946 4465 2013 Eam

2520 2057 2674 2101 vero
2719 2058 2848 2100 non
2893 2037 3354 2101 constituimus
3397 2034 3750 2117 negligere,
3794 2055 3919 2115 quo
3964 2034 4245 2113 primum
4292 2041 4461 2096 tem-

2518 2142 2672 2204 pore
2725 2122 2837 2186 ille
2894 2143 3042 2187 cum
3108 2123 3243 2186 suis
3311 2122 3471 2186 istac
3538 2119 3902 2184 transierit:
3970 2133 4037 2181 et
4078 2140 4162 2181 ex
4217 2119 4462 2184 nostris

2517 2206 2769 2274 civibus
2813 2206 3107 2289 plerique
3166 2208 3257 2271 ita
3296 2206 3604 2271 videntur
3649 2205 3769 2269 1100
3827 2204 4150 2287 accepisse
4195 2212 4270 2268 ut
4312 2226 4461 2286 spe-

2516 2313 2656 2356 rem
2714 2313 2825 2357 008
2867 2293 3149 2358 officium
3195 2292 3493 2356 facturos.
3585 2288 3764 2370 Quid
3807 2292 4012 2367 enim,
4071 2290 4277 2368 aiunt,
4332 2291 4460 2357 iste

2515 2399 2648 2442 000
2701 2377 2939 2443 audeat
2995 2379 3108 2462 qui
3162 2380 3488 2443 hominem
3540 2388 3677 2439 tam
3721 2383 4095 2459 perspectae
4148 2376 4461 2441 innocen-

2517 2464 2644 2527 tiae
2689 2467 2852 2529 tanti
2896 2464 3159 2530 sceleris
3202 2462 3502 2529 accuset?
3571 2461 3703 2527 Sed
3745 2461 3896 2526 alibi
3935 2461 4278 2527 collocatas
4313 2481 4456 2528 esse

2514 2570 2663 2632 spes
2731 2564 2987 2615 nostras
3048 2560 3318 2632 oportet.
3405 2550 3576 2613 Nam
3642 2546 3903 2612 videtur
3968 2546 4283 2623 mundus,
4342 2550 4458 2631 qui

2513 2646 2704 2700 antea
2765 2635 3155 2719 desipiebat,
3235 2656 3410 2700 nunc
3478 2634 3740 2697 demum
3818 2635 4035 2698 furere
4113 2632 4451 2716 incepisse.

2511 2721 2784 2798 Verum,
2850 2723 2942 2786 mi
2998 2732 3210 2804 pater,
3280 2731 3353 2785 ut
3411 2723 3527 2803 (ne
3571 2719 3841 2784 meliora
3897 2741 4071 2784 nunc
4126 2720 4456 2802 proferam

2512 2807 2837 2889 exempla)
2882 2808 3115 2872 saltem
3158 2806 3520 2872 Democriti
3580 2805 3649 2869 in
3700 2827 3773 2870 re
3816 2827 4080 2887 prorsus
4123 2806 4456 2873 contraria

2512 2895 2942 2958 constantiam
2986 2895 3335 2969 imitemur,
3381 2894 3491 2974 qui
3537 2890 3644 2976 (ut
3684 2893 3930 2966 ferunt)
3975 2913 4172 2974 quum
4211 2890 4456 2957 rideret

2511 2998 2674 3059 quae
2720 2978 2800 3042 de
2844 2979 3177 3060 spiritibus
3213 2977 3320 3042 alii
3356 2979 3545 3042 multi
3586 2978 3952 3060 philosophi
3988 2975 4452 3059 disseruerant,

2510 3072 2577 3130 et
2618 3065 2825 3147 ipsius
2862 3064 3160 3147 discipuli
3204 3066 3371 3130 forte
3415 3067 3481 3129 in
3519 3064 3804 3129 tenebris
3826 3083 4100 3148 magnos
4135 3065 4453 3145 quosdam

2511 3152 2829 3216 tumultus
2874 3160 3140 3234 repente
3184 3154 3597 3226 excitassent,
3655 3152 3887 3233 quibus
3931 3151 4261 3215 hominem
4305 3173 4453 3233 per-

2509 3237 2929 3302 terrefactum
2988 3236 3308 3320 putabant
3351 3260 3389 3301 a
3432 3239 3760 3301 sententia
3803 3237 4272 3314 discessurum,
4333 3238 4446 3302 de-

2507 3323 2719 3398 sinite,
2765 3328 2834 3387 in
2881 3323 2995 3397 uit,
3040 3323 3228 3406 pueri
3267 3325 3564 3406 ineptire.
3635 3323 3769 3389 Nos
3807 3346 3979 3401 vero,
4021 3323 4320 3406 quamvis
4362 3326 4444 3390 ab

2505 3407 2633 3472 ista
2692 3408 2840 3472 stoli
2889 3435 2901 3448 ·
2983 3409 3331 3473 securitate
3384 3419 3450 3472 et
3507 3410 3776 3491 profana
3839 3411 4164 3492 imperitia
4221 3410 4444 3492 procul

2505 3494 2835 3571 absumus,
2880 3495 3008 3559 Dei
3049 3496 3277 3578 gratia,
3322 3494 3457 3560 imo
3495 3516 3648 3559 vero
3681 3497 3982 3562 novimus
4024 3517 4219 3579 quam
4263 3497 4445 3562 saevi

2505 3587 2573 3643 et
2618 3579 2860 3645 feroces
2905 3578 3091 3645 nobis
3150 3581 3371 3646 hostes
3414 3581 3819 3658 immineant,
3881 3595 4119 3658 tamen,
4167 3603 4306 3666 age,
4349 3583 4447 3647 ita

2503 3666 2708 3731 simus
2764 3665 2844 3730 de
2899 3666 3172 3731 victoria
3227 3666 3471 3743 securi,
3534 3679 3609 3731 ut
3662 3668 3845 3732 nulla
3897 3691 4015 3733 nos
4075 3668 4445 3733 sollicitudo

2500 3749 2815 3835 impediat
2856 3753 3202 3834 quominus
3246 3754 3311 3817 in
3351 3752 3562 3817 medio
3598 3754 3955 3819 certamine
4001 3764 4065 3819 et
4108 3755 4177 3817 in
4215 3755 4447 3821 mediis

2502 3838 2662 3919 ipsis
2707 3838 2882 3903 curis
2925 3838 3216 3921 ipsorum
3261 3849 3530 3903 conatus
3585 3839 3874 3903 suaviter
3918 3839 4260 3917 rideamus,
4306 3840 4446 3905 Do-

2503 3923 2680 3988 mino
2725 3923 2843 3989 deo
2888 3936 3110 3989 nostro
3154 3926 3332 4002 freti,
3392 3926 3504 4006 qui
3560 3945 3760 4007 quum
3806 3946 3922 4007 pro
3965 3925 4149 3990 nobis
4194 3933 4446 4009 pugnet

2502 4007 2686 4093 digni
2730 4018 2886 4074 sunt
2941 4011 3162 4075 hostes
3215 4013 3422 4075 nostri
3466 4031 3740 4094 quorum
3786 4011 4001 4094 potius
4046 4011 4445 4076 dementiam

2501 4096 3031 4160 commiseremur
3094 4117 3283 4179 quam
3354 4105 3424 4160 ut
3486 4098 3779 4180 ipsorum
3833 4098 4030 4162 minis
4088 4096 4168 4161 de
4233 4097 4445 4180 gradu

2499 4178 2895 4246 deiiciamur.

2673 4265 2807 4331 Sed
2851 4285 2977 4331 nae
3022 4288 3141 4350 ego
3196 4267 3543 4350 insigniter
3600 4268 3847 4351 desipio
3889 4270 4000 4351 qui
4046 4268 4207 4334 haec
4251 4269 4333 4334 ad
4377 4278 4446 4336 te

2501 4353 2914 4435 perscribam.
2997 4350 3285 4418 Omnino
3325 4364 3546 4419 tamen
3592 4355 3751 4420 haec
3790 4375 3911 4439 ego
3957 4353 4130 4419 volui
4173 4374 4447 4420 exarare

2502 4445 2576 4501 ut
2628 4437 3032 4523 intelligeres
3074 4459 3180 4502 me
3236 4459 3504 4521 corpore
3559 4438 3816 4523 quidem
3863 4440 4273 4506 convaluisse
4317 4441 4448 4505 Dei

2500 4523 2716 4606 gratia
2760 4523 3031 4599 (audisti
3071 4525 3266 4602 enim,
3310 4525 3559 4607 opinor,
3595 4547 3701 4590 me
3738 4527 4179 4611 superioribus
4215 4525 4447 4592 diebus

2502 4617 2933 4693 aegrotasse),
2991 4610 3104 4675 sed
3161 4611 3378 4675 animo
3438 4610 3644 4676 nihilo
3700 4613 3909 4696 magis
3967 4613 4185 4678 valere
4245 4633 4447 4695 quam

2501 4707 2712 4760 antea.
2790 4694 2998 4761 Cuius
3035 4697 3130 4760 rei
3174 4697 3412 4762 certius
3454 4696 3815 4778 periculum
3860 4697 4054 4763 facies
4095 4699 4203 4764 ubi
4251 4697 4334 4763 ad
4380 4709 4447 4763 te

2499 4799 2759 4845 venere.
2850 4781 3018 4846 Nam
3075 4783 3386 4847 constitui
3444 4783 3559 4846 tibi
3621 4793 3791 4848 totos
3834 4784 4205 4866 quindecim
4246 4784 4445 4848 mini-

2503 4887 2685 4931 mum
2730 4865 2868 4932 dies
2910 4867 3005 4932 ita
3046 4889 3191 4933 esse
3230 4867 3543 4934 molestus
3578 4875 3652 4931 ut
3694 4869 3963 4951 posthac
4004 4871 4448 4951 praesentiam

2500 4971 2713 5017 meam
2750 4972 2882 5017 non
2928 4954 3016 5018 sis
3052 4953 3501 5037 requisiturus.
3567 4952 3954 5019 Indicentur
3987 4965 4204 5020 autem
4241 4955 4447 5021 feriae

2502 5048 2799 5103 extrema
2855 5037 3258 5105 hebdomade
3301 5060 3466 5122 quae
3522 5041 3717 5105 istam
3761 5050 4209 5123 consequetur,
4265 5040 4445 5124 quod

2503 5123 2620 5188 tibi
2664 5124 3044 5208 significabo
3089 5135 3166 5190 ut
3206 5146 3412 5209 equus
3456 5125 3538 5190 ad
3582 5147 3687 5190 me
3729 5127 4044 5190 mittatur.
4135 5127 4305 5191 Nam
4350 5129 4445 5192 ita

2503 5230 2609 5275 me
2674 5211 2912 5275 afflixit
2974 5210 3172 5276 tridui
3237 5212 3591 5295 aegrotatio
3654 5219 3728 5276 ut
3789 5232 3873 5277 ne
3936 5211 4444 5278 deambulationi

2504 5295 2766 5378 quidem
2817 5297 3152 5364 sufficiam.
3241 5295 3576 5381 Quidquid
3632 5298 3943 5381 temporis
4001 5318 4268 5381 possum
4326 5319 4448 5382 per
