4850 6200
489 412 615 475 691

494 610 571 665 ut
610 606 713 665 est
753 598 1049 665 omnium
1093 599 1288 683 longe
1330 598 1867 681 pulcherrimum,
1923 599 2019 664 ita
2057 599 2261 664 etiam
2303 620 2445 665 om-

493 685 683 751 nium
727 684 1185 752 difficillimum
1229 706 1373 750 esse
1426 685 1752 750 fateamur
1804 704 2069 751 necesse
2110 696 2241 764 est,
2301 686 2446 768 qui-

495 791 751 855 cunque
794 771 865 836 in
903 772 1192 836 Domino
1243 771 1457 836 indies
1499 771 1712 854 magis
1764 791 1840 838 ac
1882 771 2094 855 magis
2137 771 2446 837 renovari

494 879 578 923 ex
623 857 843 923 animo
885 870 1206 941 optamus.

667 943 812 1026 Ego
856 963 1012 1009 sane
1049 940 1129 1008 de
1164 963 1269 1007 me
1311 941 1454 1025 ipso
1497 941 1782 1008 libenter
1803 943 2096 1021 ‚fatebor,
2140 963 2247 1007 me
2281 940 2445 1007 adeo

495 1048 632 1094 non
676 1030 921 1094 sentire
955 1050 1229 1113 magnos
1261 1049 1649 1112 progressus
1693 1031 1762 1094 in
1799 1029 1928 1094 mei
1972 1029 2085 1093 illa
2120 1027 2202 1093 ad
2246 1048 2443 1112 quam

495 1115 714 1199 aspiro
757 1116 1211 1192 renovatione,
1272 1123 1350 1179 ut
1390 1114 1551 1178 mihi
1598 1116 1816 1182 nescio
1870 1114 2191 1199 quomodo
2235 1125 2443 1179 retro-

495 1200 683 1285 gredi
726 1202 937 1285 magis
982 1223 1177 1285 quam
1221 1199 1531 1285 progredi
1574 1200 1835 1267 videar:
1883 1220 1958 1266 ae
2002 1199 2275 1283 proinde
2312 1221 2445 1266 non

495 1288 698 1352 miror
737 1289 794 1353 si
852 1286 961 1352 alii
1005 1307 1260 1371 quoque
1302 1308 1432 1351 non
1478 1287 1780 1370 protinus
1824 1308 1949 1370 quo
1994 1287 2227 1352 volunt
2268 1285 2446 1352 eluc-

495 1374 623 1437 tari
666 1373 946 1456 possint:
991 1393 1440 1456 magnumque
1482 1393 1901 1457 progressum
1945 1382 2207 1438 nostrae
2255 1393 2445 1437 reno-

495 1458 786 1524 vationis
829 1479 971 1524 esse
1014 1459 1413 1541 interpretor
1457 1460 1513 1522 si
1556 1480 1721 1541 quae
1764 1460 1979 1525 subito
2024 1479 2269 1524 exuere
2311 1479 2448 1524 non

495 1565 864 1628 possumne,
911 1566 1078 1628 quae
1119 1556 1344 1610 nostra
1389 1553 1490 1609 est
1531 1544 1901 1623 infirmitas,
1948 1566 2026 1610 ea
2068 1545 2337 1609 interim
2382 1551 2451 1609 et

497 1631 672 1714 apud
719 1651 838 1695 nos
883 1630 1058 1714 ipsos
1099 1631 1170 1696 in
1216 1628 1409 1696 corde
1446 1640 1666 1697 nostro
1710 1640 1777 1697 et
1819 1631 1992 1715 apud
2038 1631 2201 1697 alios
2247 1632 2449 1696 etiam

496 1718 640 1782 sine
706 1717 1040 1800 hypocrisi
1103 1737 1501 1795 accusemus,
1567 1717 1640 1782 in
1705 1718 1788 1784 iis
1853 1719 2041 1784 nobis
2105 1718 2233 1800 ipsi
2294 1738 2450 1782 vere

497 1803 956 1885 displiceamus
998 1810 1068 1868 et
1121 1804 1381 1867 veniam
1438 1801 1699 1868 illorum
1755 1826 1958 1888 quum
2011 1803 2185 1887 apud
2229 1804 2450 1869 Deum

497 1899 639 1954 tum
679 1889 853 1971 apud
874 1888 1173 1954 homines
1195 1890 1480 1973 ingenue
1503 1900 1820 1973 petamus.
1895 1892 1998 1956 Ea
2022 1910 2216 1975 porro
2248 1911 2449 1973 quum

496 1976 568 2039 in
607 1974 958 2041 Valerando
996 1973 1216 2040 videre
1252 1975 1416 2039 mihi
1451 1973 1693 2057 videar,
1726 1978 1916 2042 iuxta
1942 1988 2283 2042 externam
2320 1975 2450 2040 sal-

497 2074 634 2125 tem
679 2060 963 2126 hominis
1013 2061 1245 2125 faciem
1289 2059 1400 2137 (de
1443 2060 1635 2127 corde
1678 2064 1858 2128 enim
1902 2061 2048 2127 Deo
2094 2083 2291 2128 suum
2346 2081 2450 2126 re-

495 2145 726 2230 linquo
769 2146 1132 2225 iudicium),
1180 2168 1311 2212 non
1358 2168 1621 2231 possum
1665 2149 1955 2231 profecto
1998 2147 2176 2212 illius
2213 2147 2337 2212 hac
2378 2148 2451 2211 in

497 2242 685 2318 parte
729 2232 1141 2298 innocentiae
1188 2253 1409 2297 meum
1455 2235 1906 2300 testimonium
1951 2234 2294 2317 denegare.

671 2316 917 2384 Scribit
961 2317 1044 2382 ad
1089 2329 1155 2383 te
1198 2319 1300 2383 vir
1356 2319 1763 2385 clarissimus
1821 2321 2007 2385 iuxta
2050 2341 2126 2385 ac
2179 2320 2449 2403 pientis-

497 2406 725 2483 simus,
771 2403 1100 2470 Iohannes
1140 2403 1553 2489 Olauburyus,
1584 2410 1636 2485 ⁴)
1684 2416 1759 2471 ut
1799 2406 2010 2472 literis
2055 2405 2187 2471 tuis
2222 2425 2451 2470 omnes

498 2490 696 2554 simul
756 2491 861 2556 hic
921 2491 1422 2574 peregrinorum
1479 2492 1783 2557 ecelesias
1827 2491 1908 2556 ad
1956 2502 2251 2557 mutuam
2295 2510 2449 2554 con·

497 2575 785 2641 cordiam
831 2583 899 2641 et
942 2596 1169 2661 pacem
1213 2576 1683 2644 cohortareris:
1741 2577 1973 2642 deinde
2019 2588 2094 2642 ut
2138 2577 2219 2642 ad
2265 2576 2449 2641 urbis

498 2683 752 2746 quoque
833 2663 1032 2728 huius
1111 2663 1450 2728 ministros
1517 2664 1949 2729 Germanicos
2025 2664 2450 2746 peculiariter

497 2749 745 2815 scribas
776 2749 830 2832 ὅ)
875 2749 941 2812 in
1003 2748 1282 2814 eandem
1338 2752 1764 2829 sententiam,
1824 2771 2056 2832 meque
2114 2749 2330 2815 oravit
2375 2756 2450 2813 ut

496 2835 617 2900 tibi
657 2855 912 2917 quoque
955 2835 1092 2899 eius
1137 2836 1235 2899 rei
1291 2843 1481 2900 antor
1524 2856 1755 2902 essem.
1826 2836 1972 2920 Ego
2017 2856 2174 2901 vero
2218 2856 2325 2900 me
2370 2856 2450 2901 ea

496 2920 580 2985 de
622 2941 695 2985 re
738 2919 822 2984 ad
866 2929 932 2985 te
975 2922 1376 3003 scripturum
1413 2942 1555 2987 esse
1600 2922 1832 3005 recepi,
1878 2932 1946 2987 et
1979 2921 2175 3005 plane
2217 2921 2285 2986 id
2330 2923 2447 2987 abs

496 3018 564 3070 te
608 3006 753 3071 fieri
795 3004 1096 3090 optarim,
1136 3007 1237 3071 vir
1283 3005 1670 3073 doctissime.
1742 3008 2033 3074 Multum
2070 3009 2247 3073 enim
2283 3029 2445 3091 pon-

496 3092 673 3158 deris
717 3092 942 3159 literas
985 3091 1304 3159 eiusmodi
1358 3104 1506 3159 tuas
1545 3093 1654 3162 hic
1697 3093 2034 3161 habituras
2088 3115 2442 3177 sperarem.

492 3179 668 3246 Nam
735 3180 858 3244 etsi
925 3179 1241 3264 Anglicae
1313 3181 1543 3246 turbae
1606 3188 1937 3265 utcunque
1998 3181 2447 3264 conquievisse

499 3265 881 3342 videantur,
940 3267 1065 3330 etsi
1123 3267 1284 3331 item
1336 3267 1406 3330 in
1448 3265 1894 3332 Flandrorum
1951 3267 2222 3333 eeclesia
2276 3267 2445 3331 nihil

493 3352 585 3418 sit
640 3349 1019 3430 turbarum,
1077 3352 1289 3434 gratia
1333 3352 1650 3430 Domino,
1710 3353 1870 3436 quin
1914 3363 1980 3419 et
2038 3351 2119 3417 de
2165 3352 2445 3418 Gallicis

494 3457 749 3521 quoque
784 3436 994 3503 turbis
1028 3459 1178 3522 spes
1217 3439 1304 3502 sit
1337 3440 1797 3520 conquieturas
1834 3460 1976 3505 esse
2011 3460 2127 3522 per
2162 3440 2445 3524 gratiam

494 3523 645 3601 Dei,
681 3532 904 3588 tamen
939 3544 1276 3606 nunquam
1311 3544 1447 3589 non
1483 3534 1583 3591 est
1615 3526 1838 3590 futura
1872 3525 2055 3591 utilis
2090 3524 2174 3590 ad
2219 3546 2447 3608 pacem

495 3609 826 3694 publicam
868 3621 936 3674 et
979 3619 1276 3675 mutuam
1319 3609 1730 3677 concordiam
1774 3612 2168 3677 exhortatio.

670 3696 761 3760 Et
815 3703 894 3759 ut
948 3695 1110 3760 nihil
1174 3695 1350 3761 aliud
1397 3699 1540 3774 fiat,
1601 3697 1959 3780 plurimum
2015 3697 2448 3763 nihilominus

495 3780 788 3866 proderit
839 3793 1097 3846 exstare
1143 3782 1589 3847 testimonium
1634 3785 1842 3848 nostri
1897 3804 2056 3866 erga
2099 3805 2326 3867 pacem
2369 3804 2447 3850 ac

496 3866 917 3933 concordiam
959 3868 1175 3942 studii,
1223 3868 1394 3950 quod
1438 3891 1556 3934 nos
1601 3870 1839 3952 alioqui
1874 3872 2071 3935 etiam
2106 3868 2282 3953 apud
2305 3891 2445 3935 ma—

496 3954 848 4038 gistratum
894 3964 1043 4037 post
1099 3967 1247 4019 tuas
1300 3954 1528 4020 literas
1582 3964 1879 4039 acceptas
1924 3957 2220 4021 attestari
2266 3969 2447 4039 pote-

495 4039 723 4117 rimus,
789 4039 846 4103 si
912 4060 1036 4122 quo
1094 4039 1286 4104 modo
1352 4040 1419 4104 id
1479 4043 1735 4107 efficere
1802 4042 2126 4125 possimus
2187 4050 2260 4106 ut
2313 4064 2449 4107 una

496 4147 648 4192 cum
697 4126 886 4190 huius
928 4126 1109 4191 urbis
1147 4126 1469 4191 ministris
1506 4128 1834 4210 peregrini
1869 4149 2124 4210 quoque
2161 4128 2446 4193 ministri

497 4221 722 4278 coetus
766 4233 1176 4287 communeS,
1235 4234 1400 4294 quos
1457 4215 1776 4280 hactenus
1820 4215 2112 4279 obtinere
2156 4235 2290 4278 non
2335 4235 2447 4297 po-

499 4299 762 4372 tuimus,
823 4296 1061 4362 habere
1104 4299 1376 4380 possint.
1465 4299 1614 4380 Qua
1657 4301 1737 4365 de
1781 4322 1853 4365 re
1902 4301 2132 4364 vellem
2181 4313 2245 4364 te
2290 4321 2445 4382 quo-

500 4404 628 4465 que
671 4382 1088 4465 peculiariter
1141 4384 1222 4448 ad
1280 4386 1299 4449 i
1348 4407 1495 4450 sum
1545 4385 1971 4468 Glauburqum
2015 4388 2325 4464 scribere,
2382 4397 2449 4450 et

499 4484 573 4534 ut
611 4481 900 4552 pastores
937 4470 1115 4536 urbis
1159 4473 1300 4554 ipso
1380 4473 1576 4537 officii
1612 4473 1901 4554 ipsorum
1949 4471 2448 4554 hospitalitatis·

500 4576 630 4637 que
673 4558 830 4619 item
867 4577 1026 4640 erga
1082 4558 1464 4641 peregrinos
1517 4569 1812 4622 amanter
1855 4557 2116 4640 quidem
2157 4580 2233 4623 ac
2283 4558 2447 4623 leni·

502 4653 631 4719 ter,
684 4640 796 4704 sed
852 4642 1121 4707 int-erim
1162 4655 1499 4708 acccurate
1541 4653 1608 4708 et
1650 4644 1998 4727 diligenter
2042 4644 2447 4710 admoneres.

675 4727 878 4792 Plura
913 4729 1047 4793 iam
1094 4750 1223 4794 non
1268 4751 1562 4811 possum,
1626 4731 1728 4794 vir
1770 4731 2198 4795 sanctissime.
2272 4731 2449 4795 'Pan-

502 4825 644 4878 tum
692 4834 796 4878 me
840 4815 1135 4896 precibus
1181 4816 1419 4880 vestris
1477 4817 1622 4881 istic
1679 4825 1890 4880 totum
1935 4815 2335 4894 commendo,
2383 4825 2450 4881 et

707 5072 772 5200 5))
803 5070 1284 5210 Slgrtffilauidem
1312 5141 1582 5208 postridie
1615 5141 1730 5196 Gal.
1761 5141 1936 5196 Mart.
1965 5139 2116 5195 1556.
2176 5141 2284 5195 Sed
2318 5140 2454 5263 guid

503 5210 1368 5345 eminatam
1398 5210 1670 5334 aas:
1702 5210 2051 5335 ...a
2064 5210 2252 5343 aa
2287 5209 2452 5348 ¹02³.

515 5347 635 5410 Res.
673 5347 772 5399 IX.
808 5346 959 5410 483.)

2010 407 2541 477 EPIS'POLAE
2587 413 2757 477 2360
2767 413 3017 476 -2362

4371 412 4496 476 892

2545 599 2799 667 salvere
2838 599 3031 683 cupio
3073 610 3476 686 symmystas
3532 599 3685 666 istic
3727 620 3954 666 omnes
4009 598 4500 666 officiosissime.

2545 687 2819 772 Raptim
2861 687 3280 754 Francofurti
3323 687 3384 752 d.
3440 688 3534 751 18.
3574 685 3959 752 Decembris
4003 707 4178 751 anno
4231 689 4410 751 1555.

3667 823 3852 888 Tuus
3895 832 4184 906 quantus
4229 832 4330 888 est

3555 909 3836 975 Ioannes
3882 930 3921 974 a
3964 909 4177 976 Lasco
4221 931 4305 975 m.
4344 932 4442 995 pr.

3430 1423 3627 1494 2361.

2924 1574 3491 1646 BLAURERUS
3539 1575 4137 1645 GUALTHERO.

2728 1751 3181 1817 Lismaninum
3216 1749 3475 1817 Bienna
3515 1750 3824 1816 Genevam
3856 1751 4121 1831 petiisse
4156 1752 4426 1818 nunciat.

2552 1925 2664 1992 (Ex
2709 1923 3049 1994 autographo
3099 1923 3239 1977 Bibl.
3287 1923 3439 1975 eivic.
3488 1921 3852 1989 Sangallensis
3889 1921 4041 1975 MSS.
4082 1922 4198 1977 Vol.
4233 1921 4322 1987 31,
4364 1924 4511 1994 Epp.

2956 1994 3110 2047 Tom.
3143 1992 3214 2046 11.
3249 2008 3302 2062 p.
3340 1990 3425 2045 89.
3467 2020 3531 2031 —
3571 1992 3783 2044 Simler.
3822 1990 3947 2045 Vol.
3984 1991 4097 2057 86.)

2552 2198 4511 2215 —-——--——--———-—

2552 2251 2935 2317 Festinavit
2986 2249 3141 2314 hinc
3194 2248 3544 2314 Genevam
3602 2257 3676 2314 ut
3732 2267 3882 2313 eum
3944 2247 4204 2318 Calvino
4260 2257 4508 2329 nostro,

2551 2338 2846 2421 principe
2890 2335 3100 2401 nostri
3158 2334 3399 2400 saeculi
3445 2334 3931 2418 theologorum,
3991 2335 4162 2419 quod
4212 2338 4509 2401 omnium

2551 2445 2711 2507 pace
2756 2424 3054 2499 dixerim,
3113 2420 3195 2485 de
3237 2421 3627 2502 quibusdam
3674 2442 3834 2503 quas
3890 2424 4058 2486 nosti
4114 2422 4309 2487 rebus
4352 2443 4509 2487 con·

2550 2511 2784 2589 ferret,
2839 2508 3168 2592 pollicitus
3213 2506 3335 2573 hac
3390 2529 3459 2572 se
3503 2529 3735 2572 rursus
3771 2508 4094 2591 Tigurum
4140 2506 4508 2574 rediturum

2554 2636 2639 2646 —
2677 2633 2757 2644 —
2810 2633 2882 2642 -
2932 2594 3169 2660 Bienn.
3216 2597 3319 2659 24.
3364 2594 3525 2659 Dec.
3579 2598 3762 2659 1555.

3581 2731 3655 2795 T.
3702 2732 3931 2797 Ambr.
3980 2731 4357 2797 Blaurerus.

3340 3024 3743 3036 --.——-——-

3429 3246 3632 3318 2362.

2885 3400 3359 3468 CALV'INUS
3404 3402 3638 3468 REGI
3679 3399 4169 3467 POLONIAE.

2724 3574 2900 3641 Haec
2953 3579 3008 3639 et
3067 3578 3383 3655 sequentes
3428 3573 3753 3656 plurimae
3807 3575 3893 3640 ad
3945 3572 4180 3638 nobiles
4237 3573 4502 3642 Pozenos

2551 3663 2823 3746 scriptae
2879 3661 3042 3726 idem
3083 3660 3216 3740 fere
3272 3665 3705 3742 aryumentum
3763 3664 4049 3736 tractant,
4113 3660 4345 3726 scilieet
4406 3683 4502 3729 re-

2545 3749 2758 3833 qionis
2813 3748 2996 3812 illius
3038 3746 3437 3812 ecclesiarum
3478 3746 4026 3826 reformandam
4069 3748 4499 3828 neces-sitalco»,

2550 3837 2643 3900 ita
2697 3834 2945 3916 quidem
2987 3838 3057 3898 ut
3099 3831 3362 3899 consilia
3412 3837 3472 3897 et
3526 3831 3976 3898 exhortationes
4018 3832 4315 3899 laudibus
4357 3839 4500 3899 tem-

2540 3925 2805 4003 peratae
2845 3922 2990 3985 sint.

2552 4093 2657 4161 (Ex
2708 4091 2792 4145 ed.
2842 4092 3018 4143 Bezae
3065 4089 3269 4143 GeneV.
3316 4106 3369 4158 p.
3420 4087 3537 4154 167,
3590 4089 3749 4142 Laus.
3784 4104 3838 4158 p.
3874 4087 3995 4156 359,
4048 4089 4259 4146 Bauer.
4293 4107 4346 4161 p.
4379 4089 4499 4158 402,

2550 4162 2763 4217 Chouet
2806 4176 2859 4229 p.
2896 4158 3015 4222 226,
3065 4160 3234 4213 Amst.
3272 4174 3325 4225 p.
3371 4157 3480 4211 104.
3532 4187 3590 4197 —
3639 4158 3847 4211 Gallice
3891 4175 4104 4212 versam
4151 4160 4391 4229 reperies
4443 4161 4502 4214 in

2825 4229 2908 4282 ed.
2948 4227 3112 4281 Berol
3164 4244 3216 4296 p.
3254 4225 3374 4294 219,
3410 4228 3638 4296 Anglico
3674 4227 3823 4280 Tom.
3859 4227 3955 4282 111.
3991 4245 4044 4297 p.
4078 4226 4228 4295 244.)

2862 4400 2970 4465 Ad
3015 4397 3529 4466 Serenissimum
3565 4400 3817 4484 Regem
3862 4399 4192 4466 Poloniae.

2724 4573 2873 4638 Etsi
2928 4593 3055 4636 non
3117 4572 3337 4647 miror,
3395 4572 3952 4655 praestantissime
4008 4571 4181 4650 Rex,
4217 4595 4338 4640 nee
4384 4573 4506 4640 du-

2555 4659 2689 4725 bito
2747 4680 2873 4742 quo
2931 4669 3227 4741 tempore
3289 4657 3600 4724 Maiestas
3646 4658 3889 4724 Vestra
3931 4666 4329 4724 conventum
4374 4658 4507 4726 Or-

2555 4745 2785 4809 dinum
2821 4743 3008 4829 regni
3051 4744 3155 4810 sui
3191 4743 3441 4828 agebat,
3457 4747 3507 4821 ¹)
3551 4744 3622 4808 in
3667 4753 3857 4810 tanta
3889 4744 4310 4830 negotiorum
4329 4746 4508 4813 mole

2554 5001 2742 5057 2362.
2764 5004 2820 5064 1)
2860 5001 3045 5072 Loqui
3078 5000 3294 5055 videtur
3328 4999 3394 5054 de
3438 5001 3672 5055 comitiis
3710 5000 4064 5057 Petu-imeae
4097 5003 4379 5059 celebratis
4410 5004 4514 5060 abs·

2554 5072 2750 5126 nuncii
2778 5071 2940 5139 (qnos
2962 5071 3257 5132 vocabant)
3281 5070 3381 5123 hos
3414 5084 3509 5123 m
3545 5070 3808 5124 articulos
3836 5078 4241 5138 proposuerunt
4273 5073 4336 5127 in
4366 5071 4509 5128 Gou-

2553 5142 2680 5196 cilio
2698 5141 2976 5195 nationali
2989 5139 3343 5195 sanciendae:
3378 5138 3425 5191 1.
3450 5138 3572 5193 Rex
3585 5154 3812 5206 praeses
3827 5140 4050 5194 concilii
4061 5143 4178 5206 fiat.
4223 5139 4273 5195 2.
4287 5142 4514 5198 Arbitri

2554 5212 2729 5264 exteri
2757 5209 3109 5265 advocentur.
3154 5207 3205 5263 3.
3230 5206 3520 5277 Scriptura
3550 5223 3712 5263 sacra
3746 5209 3863 5263 sota
3897 5211 3971 5264 eit
3996 5225 4207 5263 norma.
4258 5208 4309 5265 4.
4334 5209 4511 5267 Penes

2558 5278 2834 5349 Epweopo‘
2837 5294 2865 5333 ο
2901 5279 3215 5403 pram-gos
3247 5279 3520 5332 autontae'
3551 5293 3664 5333 non
3697 5278 3784 5332 sit.
3853 5276 3907 5332 5.
3952 5279 4201 5334 Vocandi
4229 5283 4347 5336 sint
4382 5280 4509 5337 Gal·

2554 5351 2735 5413 vinno,
2771 5347 2925 5403 Mela
3163 5390 3177 5415 ,
3213 5346 3382 5413 Beea,
3436 5345 3807 5415 Quen-octauam
3849 5353 3903 5403 et
3941 5350 4239 5419 praecep-u
4272 5349 4511 5408 Lam.
