4850 6200
518 434 639 495 ⁷95

515 618 642 699 erit
703 616 776 680 in
839 613 1119 700 quodam
1173 614 1393 680 libello
1444 615 1758 681 adversus
1823 634 1944 681 nos
2001 615 2454 680 tractationem

558 701 844 767 nandam
901 700 1167 779 addere,
1226 702 1293 765 in
1356 721 1485 784 qua
1537 701 1813 783 probare
1877 702 2180 766 nituntur
2216 721 2454 785 corpus

516 723 772 854 &bristi
812 786 1049 870 ubique
1106 807 1264 852 esse.
1293 788 1345 870 ¹)
1414 785 1475 852 O
1522 786 1961 870 impudentem
2015 787 2451 869 impietatem!

520 871 670 955 Quo
713 870 978 938 tandem
1003 872 1268 937 venitur
1301 893 1499 954 quum
1542 873 1612 936 in
1654 872 1858 938 verba
1901 873 2235 937 hominum
2279 873 2453 937 iura-

518 958 676 1024 tur?
759 958 988 1023 Totam
1033 958 1203 1023 hanc
1246 958 1641 1023 camerinam
1684 966 1950 1023 movent
1993 967 2069 1023 ut
2111 958 2457 1023 ostendant

520 1065 592 1110 se
627 1043 798 1110 velle
841 1054 1015 1109 stare
1056 1044 1144 1129 τῷ
1185 1043 1372 1143 ρητῷε
1444 1043 1568 1108 hoc
1601 1052 1703 1109 est
1745 1064 1978 1126 corpus
2012 1051 2155 1120 etc„
2200 1063 2321 1108 nec
2364 1043 2454 1108 la·

521 1138 660 1194 tum
705 1149 993 1213 unguem
1040 1130 1118 1194 ab
1162 1151 1237 1193 eo
1260 1126 1605 1194 discedere.
1676 1129 1767 1192 Et
1807 1139 2034 1211 postea
2076 1149 2214 1191 non
2254 1127 2456 1211 pudet

522 1215 783 1280 titulum
842 1215 904 1279 ei
958 1213 1124 1279 libro
1167 1216 1524 1298 praefigere
1578 1214 1778 1278 talem
1832 1214 1941 1296 qui
1985 1234 2106 1279 nec
2148 1215 2221 1277 in
2256 1215 2456 1279 sacris

520 1300 729 1366 literis
787 1301 1010 1365 necin
1073 1299 1366 1383 patribus
1430 1319 1718 1382 unquam
1785 1310 1886 1364 est
1928 1300 2126 1378 visus,
2169 1300 2301 1364 imo
2345 1300 2456 1381 qui

522 1392 590 1452 et
651 1385 853 1452 sacris
916 1385 1141 1465 literis,
1204 1394 1271 1450 et
1328 1384 1641 1468 symbolo,
1708 1392 1775 1449 et
1839 1395 2098 1467 patrum
2165 1386 2456 1449 omnium

524 1470 875 1550 doctrinae,
920 1484 990 1536 et
1030 1473 1205 1537 omni
1229 1471 1556 1535 humanae
1589 1471 1825 1535 rationi
1845 1468 2257 1545 adversatur!
2324 1471 2455 1536 Pa·

523 1556 734 1657 pistae
769 1557 1088 1641 papistica
1127 1556 1346 1621 omnia
1399 1556 1569 1620 tueri
1623 1555 1868 1631 volunt,
1914 1555 2067 1638 quia
2105 1556 2177 1619 in
2221 1576 2455 1638 papam

522 1651 847 1721 iurarunt,
894 1653 959 1707 et
1001 1641 1084 1707 ob
1112 1642 1283 1707 hanc
1316 1663 1583 1708 causam
1630 1648 1785 1708 sunt
1836 1640 2234 1707 idololatrae.
2322 1640 2461 1707 Sed

520 1749 754 1795 vereor
797 1751 879 1793 ne
922 1728 1033 1793 alii
1076 1728 1367 1810 plerique
1407 1728 1477 1792 in
1522 1727 1721 1792 alium
1768 1728 1966 1792 etiam
1990 1727 2320 1792 hominem
2362 1728 2460 1791 ita

522 1814 825 1891 iurarint,
887 1833 961 1877 ut
1013 1835 1237 1879 omnes
1304 1814 1499 1878 etiam
1543 1814 1683 1879 eius
1721 1813 1911 1890 (mihi
1955 1812 2279 1895 condona)
2324 1834 2461 1879 cre-

522 1901 699 1984 pitus
761 1911 1068 1981 tanquam
1129 1898 1434 1965 articulos
1489 1897 1640 1964 fidei
1706 1907 1774 1964 et
1814 1919 2010 1965 voces
2054 1920 2091 1963 e
2134 1899 2309 1965 coelo
2350 1897 2461 1964 de-

521 1986 757 2050 missas
800 1985 1144 2049 defendere
1188 1984 1558 2050 statuerint.
1643 1985 1943 2050 Profecto
1985 1984 2316 2068 rogandus
2359 1991 2462 2050 est

524 2071 711 2135 Deus
755 2083 828 2133 ut
887 2069 1149 2135 tandem
1209 2091 1364 2136 suae
1439 2069 1747 2137 ecclesiae
1800 2070 2205 2136 misereatur.
2308 2070 2464 2135 Non

526 2158 669 2221 sine
726 2157 1010 2221 maximo
1065 2156 1265 2220 animi
1325 2155 1544 2221 dolore
1591 2156 1754 2222 haec
1795 2156 2035 2222 scribo:
2074 2158 2464 2239 praesertim

528 2262 732 2325 quum
794 2240 902 2306 hic
947 2263 1074 2306 non
1126 2241 1318 2306 liceat
1371 2241 1548 2307 hisce
1605 2242 1684 2306 de
1743 2241 1934 2306 rebus
1980 2243 2050 2306 in
2092 2242 2466 2323 praesentia

527 2348 613 2392 ne
658 2326 926 2392 verbum
950 2327 1211 2409 quidem
1232 2328 1439 2391 ullum
1462 2327 1694 2405 facere,
1739 2329 1870 2391 imo
1913 2350 2032 2393 nec
2072 2348 2144 2392 os
2190 2327 2462 2411 aperire.

529 2411 662 2478 Sed
729 2414 849 2477 etsi
917 2435 1044 2477 non
1103 2424 1298 2492 recta,
1349 2413 1604 2495 oblique
1660 2422 1899 2489 tamen,
1968 2414 2170 2478 velint
2235 2414 2462 2492 nolint,

529 2497 826 2563 homines
872 2501 1108 2565 ferent:
1155 2499 1401 2581 loquar.
1468 2500 1790 2564 Dominus
1833 2501 1957 2563 erit
2002 2499 2165 2563 mihi
2188 2499 2461 2564 adiutor.

528 2583 784 2648 Iterum
827 2584 992 2662 vale,
1029 2585 1272 2667 optime
1305 2594 1509 2669 pater,
1555 2594 1623 2648 et
1667 2586 2028 2650 Dominum
2066 2605 2226 2668 roga
2263 2585 2463 2650 etiam

530 2689 648 2752 pro
710 2691 813 2735 me
871 2680 932 2735 et
991 2692 1137 2736 mea
1194 2692 1415 2746 uxore,
1462 2679 1537 2734 ut
1581 2692 1723 2735 eam
1766 2671 1932 2735 mihi
1972 2672 2100 2736 cito
2141 2671 2461 2736 restituat.

528 2757 928 2840 Argentinae
964 2760 1063 2820 25.
1111 2756 1517 2841 Septembris
1571 2761 1747 2822 1555.

1516 2892 1697 2958 Tuus
1738 2892 1921 2959 Hier.
1966 2893 2289 2960 Zanchus.

1397 3577 1595 3647 28⁰6.

912 3731 1417 3800 HALLERUS
1460 3731 2092 3800 BULLINGERO.

716 3903 923 3969 Plura
982 3904 1174 3969 tradit
1228 3902 1303 3968 de
1344 3904 1674 3987 suppliciis
1720 3906 1997 3971 &evovae
2037 3906 2114 3972 de
2153 3906 2471 3972 seditiosis

540 4010 737 4074 nuper
787 3990 1071 4071 sumptis,
1124 3990 1312 4071 deque
1362 3991 1620 4056 torturis
1673 3990 1900 4072 quibus
1943 3992 2030 4056 ad
2067 3993 2471 4075 confitendum

537 4081 838 4226 θὲἕᾶιηταν
875 4081 1328 4227 ,Ἢὲιεα
1379 4077 1779 4229 ’ἱῖοέοὲπῆῑᾶ
1841 4079 2056 4176 mortis
2106 4083 2469 4178 perneqant.

535 4181 1168 4313 Bmmmffninws
1210 4181 1683 4332 gygantibus,
1738 4164 2472 4332 maeffaassangqssgyzrtgnze

525 4333 849 4416 publicam
889 4333 1201 4398 invidiam
1240 4339 1433 4416 auqet.
1525 4334 1963 4401 Turieensiwm
2000 4336 2162 4417 foret
2202 4336 2302 4402 hie
2341 4356 2474 4402 sese

535 4419 934 4501 &imponere

539 4590 646 4657 (Ex
681 4597 889 4660 autogr.
924 4589 1140 4644 Archiv.
1180 4589 1358 4644 Turio.
1395 4591 1538 4646 Plut.
1574 4590 1661 4644 VI.
1699 4591 1821 4645 Vol.
1861 4589 1976 4656 115,
2023 4592 2152 4646 olim
2196 4591 2367 4646 Scrin.
2403 4593 2468 4645 Β.

772 4660 909 4730 Ερρ.
946 4659 1095 4713 Tom.
1131 4658 1275 4713 VIII.
1309 4661 1399 4713 sol.
1435 4656 1590 4713 2945.
1629 4690 1693 4700 —-
1727 4659 1940 4714 Simler.
1978 4660 2101 4717 Vol.
2132 4659 2247 4726 85.)

541 4934 730 4990 2805.
748 4932 803 5001 1)
840 4933 952 4990 Hie
977 5004 989 5016 .
1007 4950 1116 4987 non
1163 4933 1234 5015 de
1296 4933 1604 5016 Weetphali
1651 4934 1813 4988 Iusta
1873 4933 2182 5000 defensione
2230 4934 2473 5004 loquitur

539 5003 1583 5139 rmffimwa‘smffl
1617 5001 2473 5141 ffl..3.·z²·f÷3‚÷‘s..·2t“z.ta.zff

540 5146 745 5194 uanam
781 5148 1016 5196 oensem.
1073 5138 1199 5205 Γῆ.
1236 5138 1372 5195 1555
1403 5140 1550 5196 edita
1584 5146 1676 5196 eui
1703 5158 1760 5211 p.
1794 5140 1898 5195 225
1942 5145 2150 5196 inserta
2194 5146 2275 5196 eet

542 5209 702 5263 liaris
747 5208 982 5265 diatriba
1022 5208 1197 5263 inseri
1235 5217 1318 5264 ta.-
1365 5210 1518 5275 Quod
1564 5210 1765 5266 Christi
1812 5227 2007 5280 corpus
2051 5211 2252 5280 ubique
2297 5215 2372 5263 sit
2405 5226 2472 5266 eo

542 5278 687 5359 quod
734 5279 959 5331 verbn-
1003 5294 1130 5331 caro
1417 5285 1519 5335 est.
1588 5280 1660 5333 Bt
1694 5279 1840 5349 quod
1884 5277 2041 5332 sedet
2073 5277 2145 5334 ad
2190 5278 2471 5334 dexteram

1999 426 2522 496 EPISTOLAE
2565 430 2986 494 2305-2307

4356 434 4484 498 796

2722 615 3102 681 Clarissimo
3143 617 3288 682 viro
3334 616 3406 683 D.
3451 616 3831 703 Heinrycho
3872 618 4258 704 Bullingero
4292 617 4488 705 Tigu-

2556 702 2741 767 rinae
2807 701 3116 768 ecclesiae
3179 704 3422 786 pastori
3488 701 3865 769 fidelissimo
3910 702 4171 770 domino
4215 712 4281 771 et
4322 726 4491 772 com-

2556 786 2730 871 patri
2772 785 3150 853 honorando
3193 789 3658 872 carissimoque
3701 810 3839 855 suo.

3116 873 3208 938 M.
3253 874 3598 958 Heinrych
3645 874 3983 958 Bullinger
4023 872 4102 939 εὔ
4145 876 4404 942 Ziiricb.

2725 1044 2796 1110 S.
2880 1046 3160 1128 Magnas
3235 1045 3372 1121 tibi,
3440 1042 3820 1110 honorande
3871 1054 4222 1126 compater,
4291 1043 4493 1111 debeo

2556 1131 2821 1214 gratias,
2886 1131 2996 1212 qui
3054 1138 3188 1193 tam
3254 1127 3627 1195 humaniter
3681 1137 3747 1194 et
3803 1128 4163 1195 liberaliter
4204 1151 4310 1195 me
4342 1151 4494 1213 pro-

2556 1216 2733 1279 xime
2776 1215 3127 1298 exceperis.
3155 1218 3207 1289 ¹)
3293 1214 3429 1280 Fac
3465 1233 3704 1296 quaeso
3742 1213 3915 1296 quod
3958 1216 4345 1297 promisisti:
4404 1217 4498 1280 ita

2558 1300 2821 1365 dabitur
2853 1301 3017 1364 mihi
3061 1300 3279 1382 aliqua
3314 1299 3638 1364 referendi
3680 1319 3791 1364 eas
3834 1300 3952 1366 tibi
3995 1302 4262 1366 occasio.
4330 1300 4498 1367 an-

2558 1394 2775 1450 terum
2798 1384 3115 1468 quomodo
3159 1384 3240 1449 ad
3278 1406 3457 1450 meos
3478 1404 3781 1451 reversus
3823 1387 3949 1451 sim
3992 1406 4075 1450 ex
4119 1386 4324 1452 fratre
4365 1388 4501 1452 iam

2557 1471 2830 1555 pridem,
2873 1473 3119 1554 opinor,
3162 1470 3566 1535 intellexisti.

2730 1554 2909 1638 Quid
2945 1556 3255 1623 Genevae
3290 1557 3407 1621 fiat
3439 1556 3666 1621 mirari
3708 1564 3774 1621 te
3818 1557 3971 1634 scio,
4004 1557 4224 1640 itaque
4270 1557 4350 1622 de
4393 1557 4503 1625 his

2558 1663 2783 1727 pauca.
2873 1642 3262 1725 Septimana
3316 1662 3394 1706 ea
3455 1663 3584 1724 qua
3659 1642 3892 1727 Tiguri
3952 1643 4122 1715 fui2)
4186 1652 4496 1727 quartum

2558 1729 2874 1812 supplicio
2938 1729 3314 1806 affecerunt,
3359 1728 3474 1811 qui
3515 1734 3584 1793 et
3622 1728 3781 1810 ipse,
3826 1736 3900 1792 ut
3949 1729 4197 1812 priores
4250 1750 4496 1809 omnes,

2560 1823 2713 1881 ante
2756 1814 3148 1898 supplicium
3182 1814 3547 1879 recantavit
3589 1813 3900 1897 quidquid
3942 1815 4126 1898 prius
4165 1817 4500 1899 professus

2560 1923 2675 1967 seu
2741 1900 3070 1967 confessus
3128 1907 3285 1977 erat,
3335 1896 3753 1982 protestando
3807 1920 3879 1964 se
3922 1899 4083 1966 diris
4136 1903 4498 1981 tormentis,

2561 1996 2704 2052 tum
2752 1987 2949 2051 etiam
3008 2007 3123 2070 spe
3184 1985 3363 2050 vitae
3398 2005 3565 2069 quae
3606 1985 3703 2050 illi
3745 1986 4083 2051 confitenti
4123 1986 4296 2053 facta
4336 1996 4500 2067 erat,

2562 2072 2867 2139 adactum
2921 2078 2996 2136 ut
3050 2073 3469 2137 confiteretur
3524 2092 3594 2137 se
3649 2072 4114 2137 coniurationis
4167 2073 4503 2139 conscium

2563 2160 2765 2224 fuisse
2780 2158 2836 2243 ⁸)
2858 2158 3194 2237 Perrinae,
3230 2156 3345 2223 sed
3387 2164 3454 2221 et
3495 2177 3566 2221 se
3598 2157 4012 2223 innocentem
4049 2165 4116 2223 et
4143 2157 4500 2240 Parmam,

2564 2264 2775 2327 neque
2827 2242 3172 2326 quidquam
3230 2242 3361 2307 tale
3402 2243 3580 2307 inter
3620 2263 3729 2308 eos
3772 2264 4060 2326 unquam
4102 2244 4303 2310 fuisse
4336 2252 4505 2311 nac-

2564 2340 2795 2408 tatum,
2840 2337 2906 2394 et
2948 2330 3071 2394 hoc
3106 2349 3176 2393 se
3219 2349 3394 2394 nunc
3430 2329 3659 2393 testari
3702 2349 3918 2394 coram
3960 2337 4224 2393 aeterno
4268 2330 4502 2409 iudice,

2565 2415 2643 2479 ad
2709 2416 2890 2480 cuius
2951 2414 3234 2480 tribunal
3291 2415 3419 2477 iam
3478 2412 3807 2479 sistendus
3865 2416 3966 2479 sit.
4054 2416 4504 2481 Nihilominus

2564 2516 2782 2566 tamen
2828 2501 3182 2566 decollatus
3228 2507 3345 2565 est.
3415 2499 3517 2564 De
3561 2500 3827 2563 torturis
3870 2521 4128 2583 quoque
4172 2502 4506 2566 affirmant

2570 2588 2693 2651 viri
2755 2608 2990 2671 graves
3039 2586 3187 2669 plus
3230 2607 3421 2669 quam
3469 2586 3833 2669 phalariciS,
3880 2585 4113 2667 quibus
4156 2587 4505 2653 confessio-

2566 2695 2683 2738 nes
2727 2693 2768 2736 a
2811 2673 2940 2737 reis
2985 2673 3270 2755 exigunt.
3347 2670 3594 2736 Crescit
3635 2692 3790 2754 ergo
3825 2671 4045 2736 odium
4089 2682 4314 2737 contra
4355 2673 4507 2739 illos

2568 2759 2780 2823 indies
2804 2760 3016 2842 magis
3060 2778 3135 2821 ac
3178 2757 3405 2841 magis.
3479 2756 3787 2822 Peninus
3821 2777 3974 2822 cum
4017 2758 4160 2823 aliis
4205 2758 4313 2824 hic
4333 2767 4432 2824 est
4446 2758 4507 2843 ⁴)

2566 2854 2635 2910 et
2688 2842 2966 2909 subinde
3021 2865 3205 2908 suam
3263 2850 3662 2926 protestatur
3718 2843 4177 2908 innocentiam.
4281 2844 4510 2911 Nostri

2567 2928 2971 2996 intercedere
3036 2937 3365 3012 cuperent.
3466 2927 3575 2993 Illi
3621 2949 3780 2993 vero
3844 2927 4048 2994 latam
4104 2938 4333 2995 contra
4395 2950 4511 2996 eos

2567 3015 2961 3081 sententiam
3007 3025 3262 3080 mutare
3304 3013 3553 3079 nolunt.
3582 3017 3633 3090 ὅ)
3702 3013 3905 3078 Aiunt
3947 3014 4146 3079 etiam
4177 3014 4325 3081 illos
4361 3036 4509 3082 coe-

2567 3124 2747 3167 mere
2803 3101 3113 3167 victualia
3177 3101 3625 3184 undequaque,
3671 3108 3749 3164 ut
3789 3101 4134 3166 manifeste
4177 3110 4510 3186 appareat,

2566 3188 2714 3253 illos
2756 3207 2827 3251 se
2871 3186 2975 3253 vel
3017 3186 3099 3250 ad
3143 3186 3388 3252 bellum
3430 3186 3534 3251 vel
3579 3185 3660 3250 ad
3717 3185 4118 3252 obsidionem
4174 3187 4512 3253 ferendam

2568 3293 2818 3357 parare.
2896 3272 3162 3337 Interea
3203 3292 3458 3355 quoque
3494 3271 3802 3337 dimissus
3846 3273 3926 3337 ab
3981 3272 4114 3337 illis
4156 3280 4257 3339 est
4298 3273 4513 3339 Italus

2567 3359 2699 3437 ille,
2721 3361 2775 3442 ⁸)
2840 3360 2951 3442 qui
3015 3360 3199 3441 prius
3264 3357 3345 3423 ab
3402 3357 3561 3441 ipsis
3625 3359 3752 3437 (uti
3796 3358 4146 3424 narrabam
4185 3359 4335 3436 tibi)
4379 3360 4515 3425 huc

2570 3444 2801 3510 ductus
2861 3444 3201 3508 Pero-inum
3257 3454 3324 3507 et
3367 3443 3529 3507 alios
3578 3443 4075 3508 insimulaverat
4115 3445 4319 3510 initae
4361 3465 4516 3510 cum

2569 3530 2815 3595 Albano
2861 3528 3021 3595 duce
3065 3530 3559 3612 conspirationis
3603 3528 3686 3595 de
3728 3528 4046 3594 tradenda
4078 3530 4177 3595 illi
4212 3530 4513 3596 Geneva.

2569 3614 2759 3696 Quod
2801 3623 3010 3679 totum
3046 3637 3242 3696 quum
3297 3623 3642 3699 appareret
3678 3615 3760 3679 ab
3802 3615 3934 3680 illis
3976 3616 4221 3692 fictum,
4267 3617 4516 3682 consti-

2569 3711 2785 3766 tutum
2847 3709 2949 3766 est
3012 3709 3090 3765 ut
3153 3699 3460 3766 dimissus
3521 3700 3730 3765 Italus
3785 3700 3896 3764 ille
3939 3702 4398 3768 observaretur
4436 3701 4517 3766 in

2571 3787 2813 3852 ditione
2866 3798 3104 3852 nostra.
3193 3786 3272 3851 In
3341 3807 3471 3868 qua
3509 3787 3590 3851 ab
3634 3786 3768 3851 illis
3812 3786 4137 3866 dimissus,
4184 3808 4224 3852 a
4266 3785 4515 3853 nostris

2569 3872 3094 3956 comprehensus,
3152 3883 3221 3936 et
3267 3871 3398 3938 huc
3441 3873 3677 3937 iterum
3724 3878 4097 3938 nostrorum
4135 3874 4268 3938 iam
4302 3873 4514 3957 capti-
4540 3929 4563 3964 x

2571 3980 2691 4024 vus
2734 3958 2912 4023 hisee
2949 3957 3173 4023 diebus
3194 3957 3512 4024 deductus
3554 3965 3674 4038 est,
3718 3979 3798 4022 ex
3835 3978 3962 4041 quo
4006 3958 4197 4023 multi
4238 3967 4515 4043 sperant

2568 4044 2868 4109 miranda
2910 4066 2981 4109 se
3020 4043 3484 4109 intellecturos.

2740 4128 2853 4195 Sic
2920 4151 3094 4195 nunc
3160 4150 3230 4194 se
3295 4151 3399 4194 res
3453 4128 3715 4195 habent.
3804 4128 4069 4195 Interea
4132 4130 4510 4214 prorogatio

2569 4215 2846 4281 foederis
2860 4219 2921 4295 ⁷)
2965 4216 3114 4280 silet
3157 4237 3278 4281 nec
3301 4215 3606 4299 procedit,
3651 4215 3799 4280 odia
3832 4225 4149 4292 crescunt,
4186 4222 4254 4280 et
4287 4224 4509 4281 metuo

2571 4324 2670 4381 ne,
2725 4303 2852 4365 nisi
2906 4302 3050 4384 quie
3114 4323 3184 4366 se
3241 4301 3633 4384 interponat,
3689 4302 3759 4365 in
3819 4302 4199 4367 manifestas
4240 4301 4513 4367 tandem

2570 4398 2884 4471 eruptura
2936 4388 3068 4453 sint
3116 4387 3406 4453 iniurias.
3492 4386 3723 4470 Itaque
3780 4406 3819 4451 a
3862 4385 4067 4467 bonis,
4120 4387 4403 4452 cordatis
4438 4395 4513 4454 et

2569 4472 2998 4556 prudentibus
3057 4473 3215 4538 viris
3273 4471 3515 4550 audivi,
3573 4472 3815 4539 bonum
3867 4483 3935 4538 et
3977 4473 4236 4539 salubre
4280 4474 4413 4539 fore
4446 4474 4512 4539 si

2570 4728 2759 4784 2806.
2780 4728 2837 4787 1)
2877 4727 2966 4781 De
2998 4728 3100 4781 hoe
3129 4727 3324 4780 itinere
3356 4727 3495 4781 alibi
3525 4725 3668 4780 niba
3700 4727 3942 4795 leqimue.

2773 4797 2831 4861 2)
2872 4796 2971 4851 Fr.
2994 4796 3143 4851 Dan.
3166 4794 3495 4850 Borma-ius
3517 4797 3717 4863 capitis
3738 4796 4030 4851 damnum
4047 4795 4159 4862 fuit
4183 4796 4236 4850 d.
4257 4795 4340 4848 11.
4359 4793 4510 4865 Sept.

2773 4865 2833 4932 8)
2877 4865 2958 4930 Of.
2993 4863 3072 4920 N.
3108 4863 3258 4918 2286.
3316 4862 3531 4932 Gema
3566 4864 3817 4933 quelques
3844 4880 4016 4935 paqee
4042 4881 4102 4934 p.
4136 4863 4253 4918 111.

2770 4933 2831 5000 4)
2874 4934 3007 5003 Req.
3043 4934 3120 4987 du
3158 4933 3372 4988 conscit
3405 4934 3481 4987 ad
3513 4931 3562 4986 6.
3597 4933 3743 5002 Any.
3778 4942 4011 4989 recenset
4054 4935 4279 4990 nomina
4319 4950 4510 4990 eom

2569 5004 2666 5074 qui
2697 5003 2943 5059 absentes
2976 5003 3227 5056 ἀασιιηαίι·
3259 5007 3402 5056 eunt.

2772 5071 2834 5138 5)
2874 5072 3128 5140 Nequius·
3161 5071 3357 5140 lenutio
3390 5069 3565 5125 medio
3596 5087 3665 5124 m.
3699 5070 3967 5139 Auqueto.

2771 5140 2827 5206 6)
2868 5140 3052 5209 Scipio
3086 5140 3173 5194 del
3206 5137 3419 5194 Castro.
3484 5139 3643 5209 (Rey.
3680 5139 3757 5193 du
3791 5137 4007 5194 Gonscn'l
4039 5138 4124 5193 22.
4159 5139 4294 5208 Iul.)
4346 5139 4509 5197 Dico·-

2570 5220 2661 5265 ων
2694 5216 2865 5265 mee
2907 5215 3104 5278 captus
3136 5225 3357 5263 manum
3404 5209 3514 5264 eibi
3556 5208 3762 5276 inferre
3793 5209 4045 5264 coluisse.
4115 5206 4351 5266 Senam
4382 5225 4509 5265 αισι

2571 5278 2624 5335 d·
2664 5278 2742 5333 10.
2784 5278 2924 5347 Sept.
2960 5279 3132 5333 solum
3164 5283 3369 5332 vertere
3400 5278 3580 5332 iussit.
3650 5276 3886 5347 (Galiffe
3912 5295 3969 5348 p.
4006 5275 4152 5344 117.)

2777 5347 2834 5414 7)
2875 5346 3039 5416 Spe»,
3072 5347 3196 5402 hiat.
3230 5344 3298 5402 ae
3335 5345 3545 5401 Genese
3574 5345 3618 5402 1.
3650 5343 3770 5414 301,
3804 5353 3913 5401 noi.
3986 5346 4271 5404 Hmdesh.
4302 5345 4425 5406 299.
