4850 6200
383 443 502 505 123

2089 445 2251 507 1654
2294 441 2688 512 AUGUBT.

4271 455 4399 517 214

384 630 657 698 acerbus
711 628 822 695 vel
875 627 1336 714 implacabilis,
1409 630 1568 713 quin
1623 612 1910 697 libenter
1961 629 2337 697 admitteret
2442 653 2570 698 nus
2611 653 2730 699 vos
2778 654 3009 700 omnes
3052 639 3322 701 tueatur
3363 654 3482 701 suo
3540 636 3889 718 praesidio,
3949 637 4189 723 spiritu
4246 662 4408 723 pru-

381 716 551 784 hane
591 715 1106 783 confessionem:
1151 714 1338 783 nobis
1372 737 1531 782 vere
1565 717 1906 799 praestari,
1950 716 2126 799 quod
2172 718 2340 817 gigu—
2444 718 2726 798 dentiae,
2762 719 3200 799 rectitudinis,
3236 722 3588 804 aequitatis
3609 730 3679 787 et
3697 725 4105 791 constantiae
4140 724 4405 810 dirigat,

379 814 533 870 rant
573 810 1007 881 sacramenta,
1051 801 1324 886 ideoque
1365 802 1439 867 in
1481 821 1670 868 sacra
1702 822 1907 868 coena
1939 823 2230 888 corporis
2273 812 2343 868 et
2388 816 2397 899 1
2444 804 2829 889 laboresque
2870 816 3130 873 vestros
3169 807 3532 873 benedicat.
3621 810 3858 875 Amen.
3886 812 3973 893 ¹⁵)

380 889 728 973 sanguinis
771 887 1016 955 christi
1062 909 1184 954 nos
1226 888 1366 955 fieri
1413 888 1783 972 participes.
1851 889 2129 971 Quoties
2163 891 2342 956 enim

379 976 716 1061 professus
757 986 876 1054 est,
919 974 1047 1040 sibi
1089 996 1224 1040 non
1267 976 1465 1040 aliam
1499 996 1643 1041 esse
1678 975 2022 1059 pugnandi
2054 997 2341 1056 eausam,

381 1063 508 1128 nisi
573 1068 654 1127 ut
718 1070 1081 1140 constaret,
1137 1063 1500 1127 Dominum
1565 1061 1877 1127 inanibus
1933 1061 2143 1147 signis
2208 1083 2342 1128 non
2391 1108 2396 1147 :

383 1147 612 1214 ludere
655 1148 1018 1223 nobiscum,
1062 1145 1180 1213 sed
1213 1147 1394 1213 intus
1435 1146 1708 1230 implere
1741 1168 1912 1230 quae
1943 1148 2151 1214 oculis
2194 1169 2343 1232 pro-
2391 1160 2399 1247 ξ

382 1235 588 1318 ponit,
645 1253 723 1299 ac
767 1234 1037 1317 proinde
1082 1234 1388 1300 effectum
1434 1234 1641 1317 signis
1683 1254 1828 1299 esse
1869 1234 2339 1300 coniunctum?
2393 1300 2400 1323 ι

383 1321 532 1386 Hoc
591 1322 767 1385 inter
822 1340 939 1385 vos
965 1324 1050 1395 ¹⁰)
1105 1320 1436 1389 convenit.
1496 1319 1624 1384 nisi
1677 1340 2076 1404 magnopere
2133 1320 2341 1397 fallor,
2393 1338 2398 1351 ·

381 1426 656 1472 coenam
717 1406 967 1471 Christi
1031 1427 1162 1471 non
1229 1405 1625 1472 theatricum
1691 1428 1836 1471 esse
1901 1406 2344 1489 spectaculum
2393 1374 2400 1481 i

383 1492 745 1576 spiritualis
788 1492 1115 1571 alimenti,
1175 1491 1288 1557 sed
1348 1514 1420 1557 re
1465 1493 1608 1575 ipsa
1650 1492 1807 1557 dare
1849 1493 2022 1575 quod
2066 1494 2341 1577 figurat:
2393 1498 2400 1579 ξ

388 1581 543 1662 quia
583 1578 720 1645 illie
791 1580 938 1661 piae
996 1579 1254 1643 animae
1311 1577 1566 1643 Christi
1621 1598 1822 1643 earne
1888 1587 1955 1643 et
2021 1579 2345 1662 sanguine
2393 1588 2400 1639 ι

378 1673 751 1749 pascantur.
823 1664 1220 1747 Quanquam
1265 1677 1484 1729 autem
1530 1663 1969 1747 deprecatoris
2015 1665 2122 1730 hie
2164 1665 2345 1731 vices
2395 1654 2400 1723 ἱ

3254 1104 3267 1109 -
3282 1104 3397 1111 ,ηρ-ιω..
3408 1104 3511 1111 --—-—
3528 1105 3549 1109 —
3574 1103 3633 1112 -αι

3330 1338 3528 1407 1999.

2984 1492 3461 1561 GALVINUS
3508 1493 3872 1561 LISERO.

2624 1660 2969 1744 Respondet
3003 1665 3091 1731 ad
3123 1665 3379 1748 simula
3398 1667 3610 1747 capita
3631 1686 3907 1749 nuperae
3939 1669 4079 1734 eius
4113 1670 4407 1749 epistolae

381 1752 602 1834 potins
661 1771 855 1833 quam
928 1750 1269 1816 monitoris
1323 1751 1637 1833 suscipio:
1712 1750 1912 1816 libere
1966 1762 2187 1817 tamen
2245 1749 2344 1815 di·
2393 1752 2400 1831 ζ
2448 1753 2502 1813 et
2546 1748 2793 1829 utrique
2834 1771 3197 1817 consensum
3240 1752 3311 1816 in
3351 1752 3653 1835 reliyione
3688 1754 4070 1836 maculatur.

375 1837 668 1904 cendum
713 1844 832 1914 est,
892 1837 1087 1902 nimis
1128 1839 1269 1902 fore
1325 1857 1635 1916 morosos,
1695 1838 1751 1901 si
1795 1837 1909 1919 qui
1956 1836 2079 1904 hae
2121 1836 2344 1902 mode·
2394 1840 2400 1923 Ι

379 1925 636 1989 ratione
672 1944 807 1989 non
842 1923 1134 1990 contenti
1171 1923 1444 1988 fratrem
1465 1943 1586 1987 suo
1621 1923 1985 1988 ministerio
2020 1923 2344 1989 deiiciant.
2394 1926 2401 1995 ἶ
2451 1920 2642 1987 (Μαυῑῑ
2688 1922 2892 1985 scripta
2936 1938 3045 1975 11οῠ
3090 1926 3283 1975 exstat.
3356 1922 3547 1976 Edidit
3582 1924 3723 1979 Bona
3757 1926 3961 1981 Gener.
3996 1944 4048 1995 P·
4092 1926 4206 1993 133,
4244 1930 4407 1981 Laus.

381 2009 574 2075 Adde
619 2008 796 2091 quod
838 2016 1032 2093 turpe
1075 2009 1453 2093 exemplum
1498 2017 1618 2087 est,
1679 2010 1793 2092 qui
1837 2011 1964 2074 rite
2007 2020 2075 2074 et
2115 2009 2346 2074 ordine

390 2104 664 2161 vocatus
707 2103 809 2161 est
851 2095 933 2160 ad
977 2117 1219 2160 munus
1263 2096 1563 2179 pastoris,
1622 2094 1767 2160 sine
1810 2094 2101 2178 legitimo
2140 2096 2345 2161 eoele-
2397 2106 2400 2115 '

387 2182 526 2249 siae
568 2179 832 2259 iudicio,
893 2202 1075 2247 mero
1135 2192 1403 2247 senatus
1446 2192 1618 2246 nutu
1662 2179 1965 2246 abdicari.
1995 2182 2078 2263 ¹¹)
2165 2182 2350 2246 Fieri

383 2266 651 2349 quidem
709 2269 957 2351 passim
1013 2268 1275 2350 incipit:
1339 2267 1453 2332 sed
1513 2270 1646 2332 iam
1705 2266 2053 2348 aliquoties
2098 2268 2234 2333 vidi
2275 2269 2346 2331 in

379 2374 612 2419 eorum
671 2354 890 2437 capita
948 2353 1238 2419 recidere
1296 2356 1408 2436 qui
1465 2354 1745 2419 scientes
1790 2368 1860 2418 et
1900 2354 2199 2419 volentes
2242 2354 2346 2418 ius

375 2439 696 2505 eeclesiae
737 2438 1179 2523 prodiderant.
1269 2442 1370 2505 Ae
1414 2461 1541 2523 quo
1586 2440 1704 2504 tibi
1749 2441 1970 2505 minus
2006 2440 2200 2506 licere
2244 2440 2346 2503 in-

379 2525 672 2610 telligas,
748 2537 940 2590 tuum
1010 2536 1112 2591 est
1169 2536 1475 2608 reputare
1532 2527 1769 2609 quibus
1826 2526 2236 2592 successeris.
2263 2528 2347 2601 ¹²)

375 2609 662 2691 Sancta,
723 2632 890 2695 quae
947 2610 1122 2696 apud
1179 2613 1322 2695 pios
1380 2612 1598 2677 adhuc
1653 2620 1879 2677 manet
1934 2612 2204 2695 diuque,
2273 2620 2349 2677 ut

383 2718 608 2781 spero,
683 2698 1005 2775 manebit,
1031 2699 1118 2779 18)
1181 2696 1504 2778 Capitonis
1568 2706 1637 2764 et
1698 2697 1941 2764 Bucari
2009 2699 2344 2777 memoria,

427 2805 666 2850 uorum
712 2796 1051 2866 perspecta
1091 2784 1211 2848 fuit
1256 2794 1324 2849 et
1365 2784 1529 2849 fides
1586 2792 1653 2850 et
1694 2783 2045 2867 prudentia
2087 2795 2155 2849 et
2196 2806 2344 2849 eru·

373 2805 544 2936 ditio
589 2880 658 2935 et
697 2870 1066 2953 integritas,
1111 2871 1322 2935 instar
1364 2870 1686 2953 lampadis
1721 2870 1936 2936 locum
1973 2872 2170 2936 istum
2215 2870 2346 2936 ool-

377 2955 645 3033 lnetrat,
693 2966 770 3020 ut
813 2958 1033 3022 notius
1075 2956 1180 3033 sit,
1225 2966 1420 3039 atque
1453 2956 1536 3021 ad
1582 2957 1956 3039 exemplum
1993 2957 2346 3022 notabilius

373 3040 701 3127 quidquid
746 3064 787 3109 a
827 3043 1018 3110 vobis
1069 3042 1140 3107 in
1201 3052 1547 3126 utramque
1599 3052 1852 3126 partem
1898 3044 2166 3126 geritur.
2255 3046 2348 3109 At

371 3139 560 3196 certe
664 3150 832 3212 quae
903 3131 974 3194 in
1032 3129 1357 3194 servando
1427 3129 1737 3196 ecelesiae
1796 3130 2022 3196 ordine
2079 3131 2344 3196 illorum

373 3225 523 3281 erat
558 3215 811 3300 religio,
848 3215 1062 3282 decies
1098 3216 1267 3280 mori
1303 3216 1708 3292 maluissent,
1755 3236 1956 3298 quam
1991 3217 2346 3282 violentam

381 3303 670 3387 pastoris
734 3302 1150 3380 eiectionem,
1213 3323 1346 3367 non
1413 3301 1557 3368 dico
1621 3323 1741 3367 suo
1808 3323 2162 3382 consensu,
2229 3302 2346 3369 sed

373 3387 584 3454 etiam
638 3386 901 3453 silentio
969 3387 1267 3471 probare.
1379 3387 1706 3472 Equidem
1765 3388 1824 3452 si
1888 3387 2046 3472 quid
2110 3409 2347 3472 operae

431 3476 678 3540 retium
713 3495 796 3539 ex
831 3495 980 3539 meo
1019 3472 1310 3539 adventu
1347 3496 1500 3540 cum
1539 3475 1668 3540 tuis
1711 3474 1981 3559 collegis
2027 3496 2346 3558 sperares,

531 3581 677 3626 rem
737 3579 874 3626 non
931 3580 1322 3626 recusarem.
1411 3561 1557 3625 Imo
1613 3582 1691 3625 eo
1750 3559 2058 3627 libentius
2103 3561 2185 3626 ad
2232 3584 2347 3628 vos

382 3648 718 3724 venirem,
784 3646 941 3729 quia
997 3667 1104 3711 me
1161 3667 1416 3729 quoque
1470 3647 1544 3711 in
1600 3646 1771 3712 hane
1827 3649 2348 3714 controversiam

379 3732 643 3799 involvi
705 3731 911 3798 video.
1000 3730 1171 3797 Mihi
1232 3743 1451 3798 autem
1515 3732 1710 3798 valde
1781 3735 2089 3800 acerbum
2154 3746 2346 3813 esset,

375 3838 592 3903 genus
636 3817 990 3896 doetrinae,
1026 3817 1201 3901 quod
1237 3816 1439 3884 libere
1474 3821 1625 3885 istic
1658 3818 1814 3884 olim
1853 3829 1989 3885 tam
2035 3822 2104 3884 in
2126 3820 2352 3886 schola

373 3924 583 4057 gaiu:
650 3904 721 3968 in
787 3905 1030 3987 templo
1094 3904 1429 3989 professus
1494 3926 1672 3983 sum,
1754 3927 1932 3972 nune
1997 3907 2346 3988 repudiari.

559 4011 650 4056 ne
694 3990 786 4054 im
837 4000 1076 4055 ortune
1130 4000 1430 4076 satagere
1474 3990 1722 4069 videar,
1782 4012 1914 4056 non
1961 3993 2138 4058 ultra
2183 3993 2349 4058 mihi

375 4075 772 4160 progredien
824 4097 937 4140 um
997 4096 1140 4142 esse
1198 4077 1388 4156 duxi,
1449 4077 1646 4161 quam
1702 4086 1779 4141 ut
1836 4088 1903 4144 te
1948 4090 2014 4143 et
2057 4076 2348 4163 rogando

369 4170 450 4230 οι
511 4162 845 4228 monendo
911 4171 981 4227 et
1045 4161 1445 4229 obsecrando
1509 4171 1578 4229 et
1645 4162 1969 4231 hortando
2037 4175 2176 4230 tum
2253 4165 2348 4250 pii

373 4249 627 4327 fratris,
664 4260 808 4313 tum
834 4251 914 4332 ⁸⁴)
948 4246 1227 4315 miserae
1248 4250 1642 4326 ecclesiolae,
1671 4250 1959 4331 quietem
1984 4273 2345 4335 procurem.

371 4330 458 4402 Si
514 4355 622 4401 me
677 4335 1063 4418 impetrasse
1120 4335 1388 4402 audiam
1443 4334 1618 4420 quod
1673 4358 2089 4421 summopere
2132 4338 2344 4422 cupi0,

369 4421 506 4488 erit
533 4441 666 4486 eur
709 4420 896 4488 nobis
938 4420 1242 4486 omnibus
1284 4423 1595 4505 gratuler.
1686 4422 1885 4502 Vale,
1945 4424 2185 4490 eximie
2242 4425 2348 4490 vir

373 4526 512 4573 una
553 4528 706 4574 eum
748 4506 1155 4591 symmystis,
1216 4507 1533 4574 fratribus
1578 4507 1743 4573 mihi
1787 4510 2174 4588 carissimis,
2233 4512 2345 4595 qui

369 4599 598 4659 tecum
643 4593 984 4659 ecclesiam
1026 4594 1224 4660 istam
1268 4593 1664 4680 gubernant,
1721 4595 1956 4677 quibus
2001 4617 2122 4681 ego
2166 4617 2346 4664 meas

370 4676 602 4745 literas
646 4699 1028 4746 communes
1070 4699 1214 4747 esse
1244 4680 1409 4760 volo,
1455 4681 1514 4746 si
1558 4681 1654 4746 ita
1695 4683 2044 4748 censueris.
2112 4681 2343 4749 Domi-

381 4819 458 4827 a—--

553 4901 647 4966 10)
683 4918 785 4956 nos
827 4900 976 4957 ΕΜ.
1059 4903 1254 4959 Verum
1300 4918 1413 4958 noa
1461 4902 1529 4957 de
1577 4918 1660 4972 se,
1710 4902 1809 4959 sed
1841 4904 1909 4959 de
1949 4903 2233 4962 &amorio
2267 4907 2343 4962 lo-

464 4970 477 4982 ·
597 4986 722 5025 cun
758 4970 1087 5027 Mar-buchio
1119 4974 1500 5027 mentientis.

551 5039 646 5105 11)
684 5038 950 5095 Senatu
984 5040 1051 5094 de
1074 5040 1345 5097 Generis·
1364 5041 1686 5097 diutim
1717 5042 1832 5097 ian·
1867 5045 2133 5114 009⁶!oeoe
2167 5044 2344 5103 disces

357 5122 443 5163 α
479 5105 692 5165 Diario
723 5108 804 5164 ad
838 5108 920 5163 15.
959 5109 1114 5165 Heio·
1143 5111 1242 5166 ubi
1273 5109 1590 5168 Akron-dri
1619 5111 1859 5166 vocandi
1890 5112 2203 5184 mentiofit.

549 5176 762 5244 lon
835 5179 1252 5234 uotibi....
1324 5179 2013 5240 flaucatus-taem

551 5245 642 5314 13)
679 5263 788 5317 apu
860 5263 1049 5303 omnes
1083 5249 1204 5319 pios
1238 5247 1415 5304 adhue
1435 5255 1624 5304 manet
1655 5250 1859 5322 diuque
1893 5292 1906 5306 .
1945 5294 1959 5307 .
1997 5292 2010 5305 .

550 5381 641 5452 14)
679 5385 878 5442 deinde
914 5385 1064 5443 Edd.
1101 5403 1204 5444 ont.
1239 5392 1504 5460 uroque.-
1539 5393 1673 5442 tum.

2049 5294 2062 5306 .
2099 5252 2345 5307 manebit

2450 2006 2503 2059 p.
2540 1987 2660 2055 297,
2699 1991 2911 2044 Hanov.
2959 2008 3014 2061 p.
3052 1988 3180 2057 332,
3218 1990 3427 2072 (jhouet
3473 2009 3527 2061 p.
3564 1991 3665 2046 179
3730 1998 3902 2049 Amet.
3951 2015 4003 2065 p.
4049 1994 4133 2049 82.
4208 1997 4411 2051 Vel-sio

3105 2060 3316 2129 anglica
3350 2062 3385 2113 1.
3422 2061 3458 2114 l.
3494 2059 3588 2114 111.
3624 2037 3730 2127 (id.)

2623 2229 2769 2313 Ego
2813 2252 2999 2310 vero,
3059 2233 3305 2317 optime
3350 2234 3572 2313 frater,
3631 2235 3831 2299 nimis
3877 2237 4154 2320 agrestis
4199 2238 4408 2303 forem

2451 2336 2527 2381 ac
2563 2314 2985 2395 inhumanus,
3023 2319 3081 2383 si
3118 2326 3303 2383 tuum
3332 2319 3403 2383 in
3440 2319 3783 2386 scribendo
3812 2322 4119 2402 officium,
4154 2327 4199 2389 ¹)
4237 2321 4410 2407 quod

2452 2410 2530 2465 ut
2572 2422 2613 2466 a
2656 2422 2918 2468 summa
2972 2425 3131 2488 erga
3188 2426 3294 2469 me
3353 2406 3811 2472 benevolentia
3855 2409 4215 2489 profectum
4264 2430 4410 2474 esee

2450 2485 2664 2565 videO,
2706 2490 2801 2553 ita
2844 2497 3032 2574 grato
3077 2491 3297 2555 animo
3334 2491 3656 2574 hilarique
3693 2493 4001 2577 amplecti
4045 2494 4247 2571 decet,
4294 2516 4411 2559 au-

2451 2572 2676 2639 daciae
2718 2574 2827 2639 vel
2872 2577 3259 2641 temeritatis
3293 2576 3693 2642 damnarem.
3763 2579 3996 2662 Itaque
4032 2588 4100 2646 et
4133 2580 4413 2648 libenter

2449 2658 2767 2738 intellexi,
2825 2670 2891 2725 te
2935 2683 3145 2727 meam
3191 2664 3543 2729 amicitiam
3592 2674 3901 2747 expetere
3946 2667 4106 2748 (quo
4146 2669 4411 2732 nomine

2449 2765 2558 2810 me
2602 2746 2721 2811 tibi
2764 2746 3141 2814 devinctum
3200 2771 3343 2815 esse
3400 2752 3737 2833 profiteor)
3782 2759 3852 2816 et
3894 2772 3979 2817 ex
4020 2753 4157 2817 tuis
4200 2753 4411 2819 Iit-eris

2452 2831 2737 2898 alterum
2781 2834 3099 2918 gaudium
3144 2836 3435 2913 accessit,
3486 2837 3639 2900 dum
3688 2839 4049 2919 permultos
4094 2860 4236 2904 esso
4281 2841 4415 2922 sig-

2451 2918 2683 2985 nificas
2741 2921 2855 3002 qui
2910 2920 3203 2987 fructum
3262 2943 3343 2987 ex
3404 2925 3568 2987 meis
3621 2922 3953 2989 laboribus
4009 2946 4144 2990 non
4188 2925 4412 3006 poeni-

2451 3004 2729 3070 tendum
2795 3005 3139 3091 colligant:
3205 3009 3276 3072 in
3342 3030 3623 3092 quorum
3680 3030 3951 3075 numero
4021 3020 4087 3076 te
4153 3032 4413 3093 quoque

2452 3112 2596 3158 esse
2639 3094 2897 3160 asseris.
2986 3094 3172 3160 Haec
3227 3096 3403 3161 enim
3450 3096 3580 3162 Dei
3636 3094 4001 3162 benedictio
4058 3097 4222 3162 mihi
4284 3119 4414 3165 non

2449 3200 2688 3263 parum
2732 3180 2915 3246 addit
2958 3182 3194 3247 animi.-
3252 3180 3375 3247 hoc
3431 3189 3573 3247 tam
3629 3182 3920 3267 maligno
3964 3183 4224 3250 saeculo
4270 3205 4414 3250 esse

2450 3275 2676 3332 tamen
2720 3267 2861 3350 pios
2904 3277 2975 3332 et
3016 3268 3307 3335 eruditos
3348 3268 3669 3348 homines,
3714 3268 3831 3352 qui
3866 3290 4000 3334 non
4042 3270 4236 3337 modo
4280 3271 4415 3353 pri·

2452 3352 2659 3418 vatim
2706 3374 2791 3418 ex
2833 3353 2999 3418 meis
3043 3354 3606 3421 lucubrationibus
3649 3357 4014 3438 proficiant,
4076 3356 4191 3422 sed
4238 3355 4414 3420 utili-

2451 3445 2656 3504 tatem
2710 3459 2908 3521 quam
2963 3441 3260 3506 sentiunt
3324 3441 3502 3506 fideli
3565 3461 3765 3524 opera
3842 3441 4153 3508 studeant
4216 3442 4417 3509 latius

2451 3525 2637 3607 quasi
2698 3524 2780 3590 de
2836 3545 3071 3606 manu,
3136 3525 3308 3609 quod
3364 3527 3583 3610 aiunt,
3648 3528 3719 3592 iu
3774 3548 4047 3593 manum
4104 3531 4413 3612 proferre.

2451 3612 2820 3695 Pergamus
2865 3612 3069 3695 igitur
3112 3612 3239 3678 hoe
3281 3635 3501 3692 cursu,
3546 3614 3638 3678 mi
3682 3612 3914 3679 frater:
3960 3634 4038 3682 ac
4080 3615 4254 3679 inter
4298 3634 4418 3680 nos

2453 3709 2680 3762 sancta
2719 3697 2943 3782 vigeat
2984 3697 3306 3765 donorum
3352 3699 3478 3765 Dei
3522 3701 4046 3775 communicatio,
4103 3719 4267 3784 quae
4314 3721 4417 3764 ee-

2452 3782 2719 3851 clesiam
2779 3784 3031 3849 invidia
3101 3795 3171 3850 et
3234 3786 3591 3852 ambitione
3648 3787 3873 3868 procul
3939 3787 4161 3853 valere
4220 3787 4419 3854 iussis

2454 3868 2767 3936 aedificet.
2855 3871 3087 3936 Meum
3144 3892 3398 3955 quoque
3453 3872 3748 3936 studium
3806 3874 3877 3938 in
3934 3872 4227 3939 sedanda
4285 3869 4417 3938 dis·

2455 3955 2698 4034 cordia,
2743 3976 2911 4039 quae
2953 3957 3155 4023 nimis
3200 3957 3550 4024 infeliciter
3593 3959 3782 4023 initio
3826 3959 4039 4024 renati
4086 3957 4417 4042 evangelii

2454 4043 2720 4120 exarsit,
2764 4043 2881 4108 tibi
2926 4043 3187 4126 probari
3232 4044 3503 4127 gaudeo,
3587 4044 3857 4110 Utinam
3903 4045 4135 4111 eadem
4176 4046 4416 4132 ubique

2452 4138 2767 4214 regnaret
2809 4129 3144 4195 modestia.
3236 4129 3372 4196 Sed
3416 4131 3547 4195 iam
3594 4130 3809 4196 denuo
3855 4142 4142 4216 surgunt
4183 4133 4417 4196 turbu-

2452 4213 2616 4279 lenti
2660 4214 2962 4280 homines
3004 4236 3141 4280 non
3184 4218 3408 4281 minus
3453 4236 3646 4299 quam
3706 4217 3968 4294 indocti,
4029 4239 4190 4301 quos
4236 4217 4419 4283 nulla

2453 4299 2537 4366 de
2578 4321 2775 4368 eausa
2832 4300 3053 4368 neseio
3111 4322 3277 4386 quae
3331 4303 3753 4384 intemperies
3813 4304 3895 4369 ad
3940 4304 4185 4370 bellum
4228 4322 4417 4384 repa-

2453 4387 2739 4453 randum
2781 4389 3094 4473 exagitat.
3162 4388 3481 4455 Nostrum
3518 4409 3674 4454 vero
3709 4399 3812 4455 est
3856 4390 4096 4456 talibus
4139 4386 4418 4455 flabellis

2451 4473 2705 4556 placide
2746 4493 3108 4549 occurrere,
3166 4495 3253 4539 ne
3312 4475 3692 4541 incendium
3751 4477 4015 4559 longius
4059 4483 4414 4560 grassetur.

2451 4559 2909 4644 Tranquillum
2967 4560 3259 4627 ecclesiis
3319 4563 3555 4627 vestris
3610 4569 3859 4626 statum
3913 4562 4240 4646 gratulor:
4304 4559 4419 4625 sed

2449 4667 2584 4711 non
2644 4647 2841 4713 simul
2904 4648 3286 4713 coniunctos
3339 4668 3482 4713 esse
3539 4646 3917 4730 disciplinae
3973 4668 4244 4724 nervos,
4306 4647 4418 4727 qui

2450 4753 2605 4799 eum
2648 4733 3047 4812 contineant,
3094 4731 3451 4799 dolendum
3494 4741 3613 4798 est.
3688 4733 3828 4799 Nec
3870 4733 4001 4799 alia
4045 4732 4418 4818 corrigendi

2451 4818 2600 4884 vitii
2653 4819 2824 4885 ratio
2886 4828 3178 4904 apparet,
3242 4840 3441 4904 quam
3504 4820 3562 4884 si
3630 4827 3924 4902 pastores
3938 4870 3954 4898 ,
4030 4839 4193 4903 quos
4247 4820 4418 4885 seria

2448 4904 2638 4990 regni
2706 4904 2962 4971 Christi
3042 4924 3200 4973 cura
3263 4905 3509 4989 tangit,
3577 4905 3753 4971 inter
3831 4928 3903 4972 se
3982 4907 4414 4973 consentiant.

2448 4991 2623 5057 Nam
2656 5001 2735 5057 ut
2768 5012 2961 5072 unus,
3006 4991 3154 5058 aliis
3188 4991 3262 5057 in
3296 4991 3645 5059 consilium
3679 5012 3815 5057 non
3853 4990 4184 5073 adhibitis,
4230 4989 4418 5078 quid-

2448 5099 2647 5163 quam
2705 5085 2953 5158 tentes,
3015 5086 3211 5144 autor
3265 5098 3409 5145 esse
3466 5098 3604 5144 non
3661 5078 3887 5144 audeo.
3992 5078 4185 5146 Adde
4244 5076 4419 5163 quod

2622 5319 2718 5386 15)
2760 5317 2911 5375 EM.
2947 5318 3192 5375 addunt:
3228 5318 3484 5374 Genavae
3518 5318 3566 5374 8.
3605 5319 3870 5376 Calendas
3891 5320 4235 5392 Septembris
4262 5319 4420 5379 1554.

2447 5388 2624 5445 1999.
2655 5386 2716 5455 1)
2753 5387 2831 5444 Ν.
2867 5386 3017 5443 1917.

3890 5473 3991 5529 14·
