4850 6200
522 417 646 481 291

509 600 712 685 pholo
757 604 1132 684 congestam
1189 594 1518 662 incondite
1574 616 1842 679 prorsus
1896 601 1963 660 et
2001 591 2465 680 intempestive

517 685 906 771 productam
925 684 995 748 in
1022 683 1240 748 orbem
1277 680 1728 759 christianum,
1766 688 1840 745 ut
1861 701 1993 745 non
2012 680 2127 745 abs
2161 700 2233 745 re
2267 676 2466 745 chaos

523 771 890 845 vocaverit,
947 790 1178 834 verum
1235 768 1442 852 ipsius
1492 766 1711 851 culpa,
1770 787 1904 831 non
1956 764 2466 831 christianorum

521 855 1009 931 catholicorum,
1077 875 1237 936 quos
1300 854 1443 937 ipse
1506 851 1790 917 traducit
1851 849 2194 917 haereseos
2255 848 2465 914 titulo.

521 942 630 1009 Ita
693 962 852 1007 vero
931 939 1216 1006 tabulam
1286 937 1599 1005 Ioachimi
1654 937 1938 1004 recitabo
2002 944 2078 1000 ut
2140 953 2467 1019 opponam

523 1026 1090 1093 annotatiunculae
1135 1046 1267 1090 non
1326 1023 1591 1089 aliunde
1633 1043 1825 1106 quam
1870 1043 1956 1087 ex
1999 1021 2218 1087 libello
2277 1019 2469 1086 West-

511 1113 706 1194 phale·
737 1113 964 1196 primo,
1001 1112 1155 1193 quia
1190 1131 1321 1175 non
1355 1130 1582 1174 omnes
1610 1108 1921 1174 viderunt
1954 1106 2207 1173 libellos
2239 1106 2466 1190 ipsius,

527 1197 759 1264 deinde
816 1205 895 1262 ut
951 1203 1263 1280 appareat
1317 1194 1655 1278 liquidius,
1715 1212 1843 1277 qua
1895 1192 2255 1277 diligentia,
2316 1190 2468 1268 fide,

527 1282 839 1362 candore,
899 1282 1288 1347 dexteritate
1343 1290 1643 1346 versatus
1697 1279 1786 1345 sit
1828 1279 2038 1344 bonus
2091 1278 2202 1345 ille
2246 1278 2353 1342 vir
2393 1277 2467 1342 iu

526 1389 721 1435 causa
761 1368 1068 1432 maxima.
1159 1366 1480 1431 Numeros
1523 1366 1718 1430 etiam
1755 1384 2077 1447 opponam
2123 1362 2467 1429 sententiis

527 1464 602 1519 ut
642 1452 1001 1519 evidentior
1043 1452 1132 1516 sit
1153 1450 1687 1535 Zuinglianorum
1730 1449 2164 1531 discrepantia
2206 1447 2468 1528 scilicet,

528 1560 877 1621 eorumque
899 1537 1235 1620 opiniones
1278 1538 1556 1602 conferri
1587 1548 1654 1600 et
1694 1536 1998 1620 componi
2028 1542 2276 1619 queant
2316 1554 2468 1600 cum

531 1634 829 1690 veterum
875 1622 1324 1707 theologorum
1368 1621 1892 1705 expositionibus.

940 1742 1191 1807 Tabula
1242 1741 1528 1807 breviter
1581 1747 1648 1807 et
1702 1741 2079 1807 summatim
2123 1739 2207 1805 ob
2250 1739 2470 1805 oculos

838 1849 1202 1910 proponens
1259 1827 1453 1894 cbaos
1510 1826 1916 1893 diversarum
1966 1827 2342 1909 opinionum
2396 1825 2470 1889 in

843 1913 1056 1979 verbis
1098 1912 1373 1978 Christi:
1418 1911 1540 1979 hoc
1585 1922 1685 1978 est
1727 1932 1961 1995 corpus
2002 1932 2243 1976 meum.

712 2054 764 2114 1.
858 2050 1003 2111 Τοῦ
1013 2072 1044 2109 τ
1064 2072 1096 2109 ο
1140 2045 1337 2131 (quod
1376 2067 1592 2112 coram
1639 2047 1841 2114 oculis
1876 2050 2112 2112 vestris
2154 2046 2472 2130 aspicitis)

534 2141 624 2201 est
665 2154 887 2216 corpus
931 2153 1148 2197 meum.
1240 2131 1707 2198 Carolostadius
1749 2134 1816 2197 in
1877 2133 2131 2217 dialogo
2185 2134 2471 2216 scripsit:

533 2222 627 2287 Et
670 2240 925 2302 semper
965 2219 1058 2284 sic
1100 2218 1273 2284 sensi
1305 2217 1647 2283 Christum
1691 2217 2134 2284 demonstrato
2180 2238 2296 2282 suo
2332 2239 2472 2282 cor·

536 2327 690 2390 pore
733 2305 1004 2370 dixisse:
1065 2304 1186 2369 hoc
1229 2314 1331 2368 est
1374 2325 1607 2387 corpus
1651 2325 1870 2368 meum
1913 2304 2080 2385 quod
2126 2324 2243 2387 pro
2285 2304 2474 2368 vobis

535 2391 831 2457 traditur.
895 2389 1206 2472 Respexit
1240 2398 1460 2454 autem
1485 2389 1564 2452 ad
1589 2389 2209 2454 demonstrationem
2232 2388 2471 2454 Matth.

537 2476 719 2541 XVI.
806 2475 907 2539 Tu
951 2496 1021 2539 es
1063 2475 1302 2539 Petrus
1360 2485 1426 2539 et
1482 2496 1680 2559 super
1732 2473 1904 2541 hanc
1945 2484 2205 2558 petram
2247 2474 2472 2539 aedifi-

535 2562 690 2628 cabo
735 2570 851 2627 etc.

705 2651 762 2711 2.
853 2641 986 2711 Hoc
1038 2645 1348 2729 siqnifioat
1408 2664 1634 2726 eorpus
1689 2665 1909 2712 mmm.
1999 2644 2337 2729 Zuinylius
2400 2645 2470 2710 in

532 2733 740 2818 Epist.
802 2731 885 2797 ad
941 2731 1399 2795 Pomeranum.
1503 2730 1820 2797 Videbam
1878 2734 2173 2814 τροπικαῖς
2227 2731 2472 2797 dictum

529 2840 673 2885 esse
728 2818 850 2884 hoc
908 2825 1008 2881 est
1061 2838 1171 2883 cor
1217 2837 1295 2881 us
1336 2836 1588 2894 meum,
1645 2826 1713 2882 et
1754 2817 2056 2899 loquutus
2109 2815 2190 2882 de
2232 2817 2475 2882 Batavi

532 2904 868 2972 cuiusdam
912 2904 1001 2985 pii
1046 2914 1111 2967 et
1154 2838 1328 2967 dbcti
1371 2901 1644 2984 epistola
1699 2902 1772 2965 in
1830 2922 1938 2977 ea,
1994 2903 2244 2985 inquit,
2302 2903 2472 2967 hano

531 2990 786 3057 felicem
822 2990 1245 3072 margaritam
1281 2987 1536 3051 inveni:
1575 2988 1697 3050 Est
1730 3007 1848 3069 pro
1884 2987 2208 3069 significat
2247 2989 2470 3071 accipi.

704 3079 760 3140 3.
807 3082 865 3138 4.
915 3077 972 3141 5.
1062 3072 1196 3137 Hoc
1239 3076 1330 3137 est
1369 3074 1639 3156 siquam,
1692 3072 2046 3155 symbolum,
2087 3074 2299 3157 fiyura
2340 3094 2472 3140 cor·

521 3162 710 3242 poris
766 3159 930 3241 quod
988 3179 1111 3240 pro
1182 3158 1352 3223 vobis
1417 3159 1624 3223 datur.
1729 3159 2066 3242 Zuinylius
2118 3159 2189 3223 in
2244 3157 2473 3225 eadem

533 3246 859 3329 Epistola:
919 3242 1288 3310 Consultius
1323 3242 1669 3309 videbatur
1706 3243 1920 3327 ipsam
1957 3264 2197 3324 vocem,
2242 3244 2311 3310 in
2344 3266 2474 3327 qua

535 3341 763 3414 tropus
811 3330 1002 3406 latet,
1059 3327 1399 3411 adaperire
1441 3328 1571 3392 ista
1614 3348 1732 3395 sua
1774 3330 1954 3394 clave
1990 3350 2185 3413 quam
2229 3330 2473 3395 solum-

532 3416 724 3482 modo
778 3414 992 3480 dicere
1048 3425 1275 3497 tropus
1332 3421 1448 3480 est.
1535 3414 1649 3479 Sic
1706 3415 1908 3500 igitur
1952 3415 2319 3481 docuimus:
2385 3421 2477 3480 est

532 3523 652 3586 pro
687 3498 1053 3588 symbolum
1090 3513 1206 3578 est,
1250 3500 1464 3584 figura
1497 3509 1615 3578 est,
1658 3501 2002 3585 significat,
2047 3500 2153 3567 hic
2188 3503 2472 3584 positum

535 3609 694 3665 esse,
742 3608 948 3670 neque
990 3606 1112 3651 nos
1156 3586 1337 3669 piget
1379 3586 1579 3650 huius
1622 3587 2061 3670 expositionis.
2126 3586 2235 3652 Ita
2276 3609 2474 3671 expo-

535 3675 668 3740 suit
709 3675 782 3738 in
824 3670 1134 3739 Subsidio
1174 3682 1242 3737 et
1283 3672 1453 3739 alibi.

702 3762 761 3824 6.
849 3758 1025 3824 Haec
1087 3763 1178 3822 est
1239 3759 1464 3840 passio
1540 3757 1799 3824 tolerata
1861 3759 1930 3822 in
2006 3779 2259 3843 corpore
2320 3778 2469 3824 meo.

535 3843 870 3928 Zuinylius
913 3843 992 3910 de
1034 3864 1237 3908 coena
1280 3843 1564 3910 Domini.
1654 3842 1878 3924 Quum
1914 3844 2057 3910 dico
2101 3864 2472 3912 sacramen-

531 3941 672 3996 tum
714 3929 1019 4012 corporis,
1075 3929 1241 3994 nihil
1286 3930 1462 3994 aliud
1515 3930 1884 4014 intelligere
1927 3930 2075 3994 volo
2116 3951 2313 4013 quam
2355 3951 2473 4015 pa·

531 4034 683 4080 nem
726 4015 1093 4099 significare
1135 4036 1368 4097 corpus
1412 4015 1681 4096 Christi,
1741 4014 1915 4099 quod
1958 4015 2144 4082 sedet
2186 4015 2268 4081 ad
2314 4014 2473 4081 dex·

531 4109 703 4165 tram
748 4101 967 4182 patris.
1059 4098 1305 4164 Vinum
1352 4099 1523 4184 quod
1566 4103 1634 4166 in
1680 4101 2072 4168 eucharistia
2114 4102 2475 4186 percipitur

529 4187 792 4271 signum
827 4206 968 4250 esse
1004 4185 1340 4269 sanguinis
1376 4186 1534 4250 eius.
1603 4187 1862 4251 Deinde
1896 4186 2236 4254 conferens
2275 4187 2476 4253 verba

531 4292 764 4340 coenae
808 4281 874 4336 et
917 4270 1158 4336 dictum
1204 4273 1559 4336 servatoris
1602 4272 1775 4337 Ioan.
1820 4271 1973 4337 VL:
2031 4274 2236 4340 Panis
2279 4294 2472 4356 quem

533 4378 652 4443 ego
698 4356 862 4423 dabo
909 4376 1058 4421 caro
1102 4377 1250 4422 mea
1294 4368 1420 4421 est:
1481 4355 1670 4435 Caro,
1717 4357 1947 4441 inquit,
1995 4360 2312 4443 accipitur
2353 4379 2473 4443 pro

532 4443 970 4510 satisfactione
1028 4443 1255 4507 mortis
1313 4443 1578 4509 Christi.
1668 4443 1851 4509 Mors
1909 4445 2087 4509 enim
2149 4454 2216 4510 et
2256 4445 2473 4527 passio

536 4529 783 4596 Christi
828 4549 1022 4611 quam
1068 4529 1137 4591 in
1182 4548 1449 4610 corpore
1491 4528 1835 4608 sustinuit,
1895 4538 2053 4595 sunt
2107 4540 2330 4597 nostra
2367 4550 2472 4595 re-

533 4615 840 4701 demptio.
928 4614 1034 4678 Ita
1077 4613 1504 4698 intelligimus
1557 4626 1624 4680 et
1660 4615 1822 4680 haec
1866 4616 2065 4681 verba
2106 4616 2359 4682 Christi
2402 4627 2477 4682 ut

534 4722 768 4785 corpus
815 4699 1225 4783 intelligatur
1275 4721 1392 4783 pro
1451 4699 1788 4766 salutifera
1845 4702 2143 4784 passione
2199 4701 2476 4768 tolerata

532 4787 606 4854 in
649 4807 931 4869 corpore.
1020 4787 1120 4851 Ibi
1170 4785 1529 4851 Ioachimus
1572 4786 1979 4871 Archigenes
1998 4837 2015 4867 ,
2072 4788 2184 4870 qui
2227 4808 2476 4854 novum

535 4873 730 4940 chaos
798 4871 1148 4955 progenuit
1222 4873 1289 4936 in
1365 4871 1660 4956 margine
1736 4874 2079 4938 annotavit
2142 4894 2475 4939 enormem

533 4957 1129 5026 contradictionem.
1197 4958 1516 5024 Videlicet
1557 4978 1800 5041 magna
1832 4979 2055 5023 rerum
2098 4957 2479 5024 divinarum

534 5053 601 5110 et
641 5043 1081 5108 humanarum
1128 5044 1423 5111 confusio
1466 5052 1568 5110 est
1613 5055 1680 5108 et
1718 5043 2145 5111 contradictio
2189 5044 2475 5112 irrecon-

535 5128 853 5206 ciliabilis,
897 5130 955 5195 si
998 5131 1483 5214 coniungantur
1537 5129 1608 5194 in
1666 5129 2076 5195 sermonibus
2134 5130 2215 5196 de
2260 5151 2474 5198 sacra-

535 5214 794 5288 mentis,
837 5213 1204 5298 symbolum
1247 5216 1418 5299 quod
1462 5216 1788 5300 significat
1839 5224 1904 5281 et
1951 5237 2056 5282 res
2110 5217 2476 5301 significata

534 5311 600 5367 et
641 5299 737 5365 rei
781 5299 1180 5382 significatae
1224 5301 1478 5366 affectio
1521 5313 1590 5366 et
1632 5301 1936 5368 salutaris
1979 5303 2267 5370 effectus.

2209 399 2674 471 EPIS‘POLA
2718 402 2885 465 2035

4379 399 4503 461 292

2742 593 2802 655 7.
2891 587 3026 653 Hoc
3067 592 3159 653 est
3198 588 3449 671 siquam
3490 587 3654 669 quod
3694 587 4222 653 admonetvosde
4262 605 4514 668 corpore

2565 694 2699 741 meo
2765 695 2894 758 quo
2957 670 3148 740 modo
3202 692 3323 756 pro
3389 673 3576 740 vobis
3637 671 3950 737 traditum
4016 693 4137 738 vos
4202 672 4508 739 vivificet.

2570 759 2646 826 P.
2692 758 3008 844 Mart-wis
3067 758 3269 825 verba
3325 769 3482 823 sunt
3536 758 3609 823 in
3667 758 4050 823 tractatione
4111 757 4193 824 de
4244 757 4509 825 Eucha-

2565 845 2783 911 ristia:
2827 844 3012 910 Nihil
3033 842 3212 910 aliud
3247 845 3382 929 egit
3414 845 3485 909 in
3521 864 3726 911 coena
3760 842 4065 911 Christus
4101 864 4303 927 quam
4336 843 4509 927 quod

2566 931 3073 1015 propositionem
3132 931 3555 1013 transposuit.
3642 930 3734 995 Et
3789 930 3959 995 sicut
4016 938 4212 995 antea
4254 927 4513 996 dixerat

2566 1016 2739 1094 (Ioh.
2784 1015 2935 1093 VI.)
2980 1037 3214 1099 corpus
3255 1037 3448 1081 suum
3494 1025 3561 1081 et
3614 1036 3878 1081 carnem
3932 1036 4074 1082 esse
4130 1035 4366 1098 panem
4418 1018 4513 1083 ita

2565 1120 2746 1168 nunc
2786 1123 2823 1167 e
2867 1102 3123 1167 diverso
3165 1101 3565 1167 ostendendo
3606 1121 3844 1185 panem
3883 1100 4180 1184 protulit:
4247 1100 4371 1167 hoc
4412 1114 4513 1169 est

2566 1209 2799 1272 corpus
2841 1208 3079 1253 meum.
3168 1186 3275 1253 Sit
3315 1188 3533 1270 itaque
3575 1209 3837 1253 sensus:
3895 1187 4000 1252 Do
4046 1186 4228 1253 vobis
4271 1210 4512 1271 panem

2570 1283 2645 1339 ut
2686 1272 2895 1340 edatis
2937 1284 3003 1338 et
3042 1273 3309 1338 interim
3352 1293 3640 1356 propono
3682 1272 3866 1339 vobis
3909 1292 4145 1356 corpus
4188 1293 4406 1339 meum
4440 1276 4509 1341 in

2568 1380 2821 1426 crucem
2867 1357 3191 1443 agendum
3236 1368 3313 1423 ut
3354 1360 3569 1442 ipsum
3613 1357 3788 1424 fideli
3831 1360 4144 1424 memoria
4187 1368 4254 1425 et
4292 1371 4513 1426 mente

2570 1444 3007 1511 attentissima
3051 1443 3223 1527 apud
3267 1454 3520 1510 vosmet
3575 1444 3753 1527 ipsos
3810 1444 4236 1526 spiritualiter
4298 1465 4513 1513 come·

2570 1530 2773 1608 datis,
2828 1540 3027 1613 utque
3070 1550 3338 1615 corpore
3381 1528 3571 1595 editis
3614 1550 3852 1613 panem
3896 1531 3990 1594 ita
4030 1542 4249 1596 mente
4289 1551 4516 1599 vesca-

2570 1616 2732 1681 mini
2778 1637 2973 1682 carne
3016 1636 3177 1681 mea.
3265 1616 3513 1699 Ingens
3552 1614 3857 1681 videlicet
3900 1615 4009 1682 hic
4050 1616 4249 1682 etiam
4292 1617 4515 1701 piacu-

2570 1701 2708 1767 lum
2773 1701 3264 1767 sacramentarii
3326 1721 3473 1766 cum
3534 1700 3805 1767 Irenaeo
3872 1710 3939 1767 et
4001 1700 4146 1768 aliis
4207 1702 4516 1770 ecclesiae

2573 1785 2947 1853 doctoribus
3004 1788 3448 1865 committunt,
3508 1787 3681 1870 quod
3737 1786 3806 1851 in
3877 1798 4288 1853 sacramento
4353 1788 4516 1856 duas

2574 1894 2681 1939 res
2737 1873 2959 1939 offerri
3018 1881 3086 1938 et
3139 1873 3385 1957 percipi
3447 1873 3837 1951 docuerunt,
3898 1872 4171 1939 alteram
4229 1894 4515 1958 corpore,

2574 1959 2850 2025 alteram
2893 1958 3071 2024 fideli
3114 1968 3331 2023 mente
3375 1978 3450 2023 ac
3484 1959 3734 2040 spiritu.

2748 2048 2807 2109 8.
2898 2044 3032 2109 Hoc
3074 2049 3162 2108 est
3204 2045 3559 2109 memoriale
3599 2045 3876 2124 corporis
3916 2045 4055 2110 mei.

2749 2133 2805 2194 9.
2897 2129 3033 2195 Hoc
3074 2135 3163 2195 est
3203 2150 3406 2195 meum
3447 2150 3671 2212 eorpus
3704 2136 4006 2212 quatenus
4036 2151 4161 2213 pro
4197 2132 4369 2197 vobis
4409 2132 4521 2198 da-

2574 2219 2707 2280 tum
2749 2221 2851 2281 est.

2612 2386 2707 2452 Oba
2758 2307 2852 2451 13.
2944 2299 3119 2366 Haec
3173 2305 3262 2366 est
3317 2302 3800 2366 commemoratio
3863 2302 4138 2383 corporis
4192 2302 4353 2383 qnod
4392 2322 4521 2384 pro

2574 2410 2612 2451 -υ
2697 2388 2741 2452 's
2828 2390 2989 2452 atur.

2756 2477 2851 2538 11.
2940 2472 3078 2538 Hoc
3110 2476 3199 2537 εει
3237 2471 3575 2554 symbolum
3617 2493 3723 2538 vos
3755 2471 3835 2537 ab
3872 2492 3991 2537 uno
4026 2474 4349 2556 eodemque
4384 2493 4520 2541 cor·

2565 2578 2727 2639 pore
2767 2558 3126 2639 redemptos,

2746 2642 2896 2709 Hae
2940 2653 3095 2708 sunt
3138 2643 3474 2726 opiniones
3516 2651 3883 2727 pugnantes
3929 2642 4023 2709 Io,
4056 2643 4522 2726 oecolampadii

2577 2749 2743 2813 quae
2774 2740 3077 2812 poterant
3119 2729 3425 2812 coniungi
3472 2738 3706 2812 (usque
3742 2729 3902 2794 adeo
3946 2728 4346 2813 discrepant)
4392 2728 4521 2795 nisi

2576 2816 2895 2900 magister
2938 2826 3159 2880 noster
3202 2815 3466 2899 gavisus
3501 2814 3731 2880 fuisset
3777 2815 4033 2898 ingenti
4083 2816 4411 2901 farragine
4443 2836 4519 2881 ac

2578 2900 2760 2966 chao.
2831 2899 3025 2980 Quod
3061 2900 3214 2964 alibi
3239 2901 3433 2966 etiam
3472 2900 3640 2977 fecit,
3688 2908 3760 2964 ut
3796 2901 4152 2980 videamus,
4197 2924 4324 2985 qua
4358 2903 4516 2968 dex-

2576 2988 2837 3051 teritate
2881 2985 2987 3051 hic
3031 2986 3227 3051 etiam
3272 2987 3507 3050 artifex
3538 2985 3719 3049 illam
3756 2984 4044 3052 tabulam
4080 3008 4264 3052 suam
4308 2988 4519 3053 fabre-

2576 3072 2822 3139 fecerit.
2919 3071 3432 3155 Oecolampadius
3494 3070 3574 3137 ad
3615 3070 4067 3138 Theobaldum
4125 3072 4519 3141 Billicanum

2575 3157 2671 3221 ita
2704 3156 2994 3240 scripsit:
3039 3159 3371 3241 Accipere,
3416 3156 3770 3235 comedere,
3817 3159 3899 3224 ad
3938 3180 4182 3242 panem
4227 3161 4521 3226 referun-

2578 3253 2716 3309 tur:
2782 3242 3024 3308 habere
3087 3243 3497 3319 memoriam,
3566 3242 3650 3308 ad
3715 3265 3968 3329 corpus.
4078 3246 4521 3328 Exposuimus

2574 3349 2731 3413 ergo
2776 3336 2854 3393 ut
2895 3327 3033 3408 hoc,
3075 3327 3144 3393 id
3187 3339 3288 3394 est
3328 3330 3536 3412 panis,
3582 3331 3670 3395 sit
3713 3351 3961 3413 corpus,
4019 3330 4087 3396 id
4130 3341 4232 3397 est
4274 3352 4521 3397 memo-

2575 3413 2734 3479 riale
2782 3413 2891 3480 vel
2937 3416 3152 3499 figura
3194 3415 3501 3499 corporis.
3592 3413 3728 3481 Sed
3771 3437 3898 3498 quo
3940 3415 4178 3482 modo?
4266 3417 4350 3482 In
4394 3418 4520 3484 hoo

2573 3500 2659 3566 sit
2700 3499 3108 3579 memoriale,
3169 3500 3322 3582 quia
3373 3521 3609 3592 corpus
3652 3502 3759 3568 vel
3801 3509 4127 3585 quatenus
4167 3524 4287 3587 pro
4330 3504 4521 3570 nobis

2573 3584 2885 3651 traditum
2952 3594 3070 3651 est.
3180 3586 3274 3650 Et
3336 3595 3588 3669 postea:
3668 3586 4079 3672 Sanguinem
4146 3589 4521 3656 testamenti

2573 3693 2703 3738 non
2747 3693 3095 3756 possumus
3139 3671 3331 3737 aliter
3364 3671 3784 3755 interpretari
3818 3694 4014 3757 quam
4049 3693 4519 3740 commemora-

2573 3758 2818 3823 tionem
2862 3757 3253 3824 testamenti.
3342 3758 3433 3822 Et
3476 3757 3654 3824 alibi:
3723 3755 4017 3844 Sanguis
4071 3763 4197 3826 erit
4236 3781 4522 3827 comme-

2573 3842 2849 3910 moratio
2891 3844 3232 3928 sanguinis
3274 3864 3392 3927 per
3427 3864 3622 3926 quem
3666 3851 4131 3911 testamentum
4173 3848 4519 3912 confirma·

2576 3938 2717 3995 tum
2761 3939 2879 4008 est,
2925 3940 2992 3996 et
3025 3951 3258 4013 corpus
3292 3931 3818 3995 commemoratio
3862 3933 4152 4014 corporis
4193 3932 4363 4016 quod
4396 3953 4521 4016 pro

2577 4016 2761 4081 nobis
2802 4014 3118 4080 traditum
3160 4025 3276 4081 est.
3343 4016 3528 4080 Haec
3562 4036 3720 4081 vero
3764 4014 3920 4083 dicit
3962 4018 4322 4101 explanans
4362 4017 4521 4102 quid

2575 4102 2692 4166 sit:
2757 4100 2952 4166 facite
3014 4101 3139 4167 hoc
3196 4102 3264 4165 in
3323 4101 3454 4166 mei
3512 4103 4209 4170 commemorationem.
4296 4103 4388 4170 Et
4444 4105 4521 4168 in

2574 4187 2815 4268 scripto
2870 4184 2952 4251 ad
3004 4186 3436 4254 Ecclesiastas
3480 4183 3765 4255 Sueviae
3782 4239 3798 4264 ‚
3853 4197 4145 4254 tractans
4186 4189 4388 4256 verba
4428 4189 4518 4256 D.

2574 4271 2765 4337 Pauli
2817 4277 2870 4336 1.
2919 4271 3069 4338 Cor.
3113 4272 3235 4338 X.:
3294 4271 3683 4356 Symbolum
3738 4274 3958 4356 panis,
4019 4274 4262 4359 inquit,
4322 4295 4523 4359 quem

2574 4358 2849 4507 ffyStiffi
2893 4358 3407 4509 ritsstparltiimun
3455 4364 4210 4512 ggtatluracgommuniter
4246 4381 4523 4513 nosure-

2617 4464 2718 4507 em
2838 4465 2886 4508 s.
3104 4465 3174 4509 re
3225 4464 3367 4526 qua.
3561 4467 3588 4508 1
3671 4466 3705 4510 o
3820 4466 3990 4511 tmus
4030 4468 4166 4511 non
4208 4468 4329 4513 sim
4427 4468 4522 4514 ci-

2574 4535 2677 4593 ter
2764 4528 2991 4613 eliquit
3034 4530 3204 4595 male
3248 4529 3508 4597 citando
3551 4531 3752 4597 verba
3804 4531 4286 4615 Oecolampadii.
4333 4468 4376 4531 p

2753 4619 2847 4680 12.
2938 4615 3112 4681 Haec
3167 4621 3259 4680 est
3304 4621 3669 4699 protestatio
3724 4623 3782 4683 et
3832 4617 4203 4698 μνημόσννον
4244 4639 4522 4685 meorum

2574 4700 3019 4783 beneficiorum.
3128 4702 3460 4768 Martinus
3540 4701 3829 4770 Bucerus
3907 4705 3978 4768 in
4041 4703 4365 4788 Apologia
4437 4705 4522 4776 de

2577 4784 2800 4853 Coena
2847 4787 3117 4853 Domini
3170 4786 3459 4870 loquitur
3503 4788 3575 4851 in
3631 4808 3873 4871 genere
3928 4789 4008 4854 de
4067 4792 4515 4868 sacramentis,

2574 4872 2871 4958 symbola
2914 4894 3055 4939 esse
3099 4881 3361 4940 nostrae
3405 4872 3523 4937 reli
3574 4873 3767 4951 'onis,
3822 4873 3974 4940 fidei
4019 4877 4520 4957 protestationes

2576 4967 2641 5024 et
2683 4960 3143 5026 beneficiorum
3186 4957 3317 5023 Dei
3361 4979 3447 5041 qu
3570 4979 3675 5023 am
3716 4958 4063 5040 μνημόσυνα
4105 4962 4146 5027 i.
4192 4983 4230 5027 e
4270 4981 4521 5028 memo-

2574 5045 2797 5112 racula
2861 5046 3199 5130 quaedam.
3286 5043 3367 5108 Id
3435 5043 3791 5112 Ioaohimus
3854 5046 4042 5113 torsit
4105 5048 4189 5113 ad
4251 5048 4523 5118 unicam

2575 5141 3135 5199 sacramentorum
3156 5130 3471 5215 speciem:
3551 5129 3679 5195 uod
3702 5139 3770 5196 et
3789 5132 3860 5197 in
3889 5130 4139 5200 Calvini
4171 5135 4521 5206 sententiis

2574 5217 2746 5284 fecit.
2856 5215 3130 5283 Addidit
3209 5223 3427 5283 autem
3560 5236 3810 5283 aceras.-
3884 5219 4090 5285 Panis
4154 5229 4221 5284 et
4283 5219 4520 5287 vinum

2576 5302 3008 5371 eucharistiae
3051 5312 3205 5370 sunt
3245 5302 3436 5386 signa
3475 5305 3762 5386 corporis
3795 5315 3863 5371 et
3896 5306 4233 5391 sanguinis
4254 5303 4522 5386 Christi,
