4850 6200
376 418 498 480 593

375 625 499 687 quo
541 612 608 667 te
654 623 906 686 rogem,
966 622 1159 685 quam
1203 599 1273 665 id
1316 601 1383 666 in
1428 623 1559 685 quo
1611 609 1767 668 sunt
1821 611 1959 669 tam
2010 601 2327 687 immdita

374 690 611 755 omnia.
700 686 836 753 Sed
879 699 1304 771 posteaquam
1352 688 1450 752 ita
1492 689 1707 754 visum
1751 698 1853 755 est
1892 688 2200 765 Domino,
2258 695 2327 753 et

373 785 599 841 nostra
642 776 738 840 ita
756 782 1096 840 merentur
1130 782 1412 856 peccata.
1450 774 1738 840 feramus
1773 784 1842 841 et
1877 775 2100 841 sedulo
2134 794 2325 858 opem

372 861 645 930 Domini
688 860 1132 943 imploremus.
1220 858 1444 941 Quum
1490 860 1579 925 sit
1620 863 1954 944 negotium
1999 882 2147 928 cum
2194 860 2325 925 fra·

373 947 587 1013 tribus
626 956 695 1012 et
752 949 821 1010 in
881 946 1149 1012 ecelesia
1193 944 1485 1015 Domini.
1550 956 1616 1010 et
1682 948 1846 1013 fucis
1908 947 2015 1013 hic
2070 953 2324 1031 agatur,

373 1035 620 1098 veritas
664 1033 732 1096 in
779 1033 1189 1097 mendacium
1236 1042 1547 1107 mutetur,
1586 1030 1663 1096 >et
1706 1055 1834 1098 non
1884 1033 2143 1097 Domini
2186 1031 2325 1116 glo·

372 1122 473 1185 ria
505 1117 622 1184 sed
660 1120 922 1200 propria
957 1140 996 1182 a
1032 1116 1367 1182 nonnullis
1402 1131 1778 1201 quaeratur,
1824 1129 1891 1184 et
1935 1131 2119 1184 tanto
2155 1126 2322 1195 astu,

372 1214 560 1271 tanto
614 1204 832 1269 studio
887 1218 954 1269 et
1006 1203 1392 1277 calliditate,
1460 1215 1537 1269 ut
1595 1207 1715 1271 nisi
1779 1228 1883 1271 res
1947 1205 2326 1288 loqueretur

371 1312 566 1358 nemo
620 1312 749 1355 non
809 1290 1249 1356 subscriberet
1300 1290 1559 1373 iniquae
1608 1293 1809 1373 parti,
1868 1291 2025 1374 quid
2082 1291 2327 1356 faciant

371 1378 673 1443 homiues
708 1378 1131 1460 quantumvis
1167 1376 1318 1441 boni
1356 1388 1421 1440 et
1461 1376 1624 1441 bene
1657 1378 1894 1453 affecti,
1941 1378 2065 1442 nisi
2110 1386 2322 1441 totum

372 1464 670 1529 absolvat
697 1462 1026 1561 Dominus
1061 1462 1167 1545 qui
1208 1476 1458 1527 astutos
1501 1463 1998 1546 comprehendit
2041 1466 2108 1526 in
2154 1465 2322 1545 ipso·

371 1571 521 1615 rum
565 1560 827 1614 astutla.

548 1636 872 1700 Tessanus
938 1633 1163 1698 scribit
1229 1644 1457 1716 pacata
1522 1656 1660 1697 esse
1724 1636 1972 1711 omnia,
2009 1640 2064 1713 ⁴)
2130 1647 2196 1699 et
2249 1645 2327 1699 ut

375 1721 566 1788 audio
625 1721 749 1785 sibi
807 1719 1179 1803 gratulatur
1233 1719 1409 1801 quod
1476 1722 1645 1801 pulsi
1708 1734 1864 1783 ¹sunt
1918 1743 2080 1802 quos
2140 1730 2327 1785 vocat

370 1810 550 1891 pacis
594 1806 978 1871 turbatores.
1074 1806 1214 1889 Ego
1258 1816 1434 1871 certo
1493 1807 1625 1870 scio
1670 1828 1817 1869 eum
1877 1830 2006 1871 non
2064 1806 2323 1871 habitu-

370 1915 516 1958 rum
576 1892 909 1976 pacem,⁵)
976 1914 1184 1974 neque
1254 1892 1574 1970 eeclesias,
1640 1892 1843 1956 donec
1906 1894 1975 1956 in
2044 1892 2320 1974 gratiam

369 1978 661 2045 Domino
699 1977 963 2043 redierit
996 1988 1063 2042 et
1098 1997 1257 2060 erga
1290 1979 1661 2060 proximum
1685 1981 1896 2059 egerit
1927 1978 2097 2059 quod
2126 1978 2326 2042 vellet

370 2066 495 2131 sibi
536 2066 804 2131 factum.
896 2064 1079 2128 Alios
1125 2062 1259 2127 vidi
1317 2076 1383 2128 et
1441 2061 1627 2127 video
1683 2065 1921 2130 similia
1976 2086 2169 2129 ausos
2213 2066 2322 2147 qui

372 2163 721 2216 senserunt
763 2162 830 2215 et
883 2152 1177 2215 sentiunt
1230 2170 1499 2213 manum
1553 2149 1830 2214 Domini.
1923 2155 2139 2233 Aegre
2184 2151 2323 2215 fero

370 2238 753 2321 principem,
785 2238 840 2311 ὅ)
901 2257 1096 2318 quem
1156 2256 1288 2299 non
1348 2256 1615 2317 prorsus
1661 2237 1905 2301 malum
1964 2237 2171 2313 aiunt,
2231 2238 2324 2300 ita

370 2324 685 2389 laborare.
796 2322 1074 2387 Utinam
1138 2341 1399 2387 causam
1468 2323 1674 2403 possit
1743 2322 2113 2405 intelligere
2179 2333 2321 2386 tum

370 2409 527 2491 ipse,
594 2420 734 2473 tum
798 2408 928 2481 alii,
997 2420 1070 2472 ut
1127 2407 1530 2472 medeantur.
1622 2408 1769 2472 Non
1838 2408 2147 2473 liberabit
2210 2428 2322 2472 eos

379 2497 716 2571 Tus-sanae,
755 2494 865 2576 qui
900 2492 1021 2559 sibi
1058 2505 1124 2558 et
1160 2494 1307 2557 aliis
1342 2514 1540 2557 causa
1574 2507 1673 2557 cst
1694 2495 2032 2559 malorum.
2099 2493 2324 2560 Chris—

372 2589 477 2647 tus
523 2602 672 2646 eum
722 2581 1001 2663 benigne
1054 2580 1391 2644 intueatur
1433 2594 1501 2642 et
1556 2590 1911 2645 convertat.
2004 2580 2322 2660 Queritur

374 2667 452 2733 de
515 2689 634 2732 suo
703 2666 1079 2732 ministerio.
1170 2665 1441 2729 Utinam
1510 2688 1641 2729 non
1702 2668 1921 2732 minus
1986 2676 2160 2731 esset
2222 2666 2319 2730 illi

372 2775 565 2820 curae
603 2774 800 2837 quam
847 2752 1033 2816 nobis
1079 2764 1193 2815 est..
1284 2751 1421 2816 Nos
1465 2751 1710 2817 mederi
1761 2764 2063 2836 optamus
2108 2753 2318 2828 malis,

370 2840 480 2905 ille
544 2840 613 2904 in
680 2840 943 2903 ruinam
1006 2837 1351 2901 ministerii
1418 2838 1599 2900 fovet
1655 2850 1721 2902 et
1779 2837 2077 2923 adauget.
2184 2839 2319 2903 Nec

372 2936 636 2992 veretur
678 2937 975 2989 autorem
1019 2923 1367 2987 ministerii
1417 2923 1779 2995 Christum.
1838 2926 1951 3007 qui
2009 2937 2109 2989 est
2154 2927 2319 2989 veri-

370 3020 486 3087 tas,
534 3009 893 3076 mendaciis
929 3008 1278 3074 offendere.
1346 3010 1598 3073 Causas
1634 3010 1970 3075 eiectionis
2014 3010 2314 3087 fratrum,

370 3120 525 3181 quos
571 3096 819 3163 indicta
875 3117 1073 3162 eausa
1115 3095 1412 3162 damnari
1467 3096 1742 3172 fecerat,
1798 3098 2066 3162 tandem
2124 3098 2207 3162 ad
2253 3111 2316 3162 te

368 3186 561 3249 misit.
675 3182 809 3248 Sed
875 3195 948 3248 ut
1015 3182 1208 3247 video
1275 3203 1386 3248 eas
1454 3203 1620 3265 quae
1687 3181 1895 3248 lucem
1966 3184 2312 3267 refugiant.

370 3269 544 3351 Quid
606 3291 846 3352 quaeso
898 3268 1065 3334 illud
1122 3269 1245 3333 sibi
1299 3267 1444 3332 vult
1496 3277 1575 3334 ut
1630 3290 1822 3334 nemo
1876 3270 2207 3353 intelligat
2249 3282 2318 3335 et

368 3358 620 3423 resciat.
710 3355 783 3420 Si
844 3366 956 3418 tua
1012 3365 1271 3419 tantum
1328 3356 1496 3420 scire
1540 3356 1845 3432 referret,
1907 3366 1975 3420 et
2033 3355 2205 3438 apud
2252 3367 2316 3420 te

368 3464 570 3508 unum
614 3443 802 3507 eiecti
844 3449 1133 3524 agerent,
1179 3440 1484 3522 solusque
1528 3453 1895 3506 erratorum
1942 3463 2160 3523 posses
2206 3462 2316 3505 eos

365 3528 747 3601 admonere,
829 3548 962 3592 non
1044 3526 1481 3609 improbarem
1559 3527 1906 3592 consilium
1978 3525 2312 3592 eiusmodi.

366 3613 497 3680 Sed
556 3636 759 3698 quum
818 3612 994 3696 apud
1054 3611 1214 3677 alios
1272 3623 1489 3695 agant,
1557 3623 1626 3677 et
1669 3623 1837 3677 teste
1887 3615 2164 3679 Tessano
2209 3613 2316 3678 be-

365 3702 563 3784 nigue
608 3700 739 3764 sint
785 3698 1136 3774 amandati,
1186 3698 1508 3782 digneque
1551 3720 1700 3764 cum
1747 3700 1971 3763 favore
2014 3709 2081 3765 et
2120 3700 2315 3764 bene-

365 3787 658 3851 volentia
703 3786 915 3867 excipi
960 3784 1258 3860 debeant,
1317 3797 1389 3846 ut
1448 3796 1692 3849 taceam
1741 3783 1823 3849 de
1879 3786 2063 3850 bonis
2105 3787 2313 3849 omni-

364 3873 486 3939 bus
539 3874 648 3956 qui
713 3873 850 3953 pios
913 3872 1153 3935 fratres
1219 3872 1496 3952 probant
1552 3882 1620 3934 et
1675 3871 1851 3934 aliud
1909 3893 2040 3935 non
2089 3869 2317 3935 vident

363 3980 558 4043 quam
604 3978 871 4022 manum
916 3957 1186 4021 Domini
1246 3969 1312 4020 et
1369 3977 1637 4040 gravem
1685 3956 2004 4021 ultionem
2050 3976 2317 4020 manere

368 4047 727 4111 Tessanum
792 4050 861 4107 et
923 4063 1153 4107 omnes
1210 4043 1320 4124 qui
1387 4063 1538 4108 cum
1596 4064 1671 4106 eo
1735 4043 1987 4109 faciunt
2050 4043 2121 4106 in
2178 4055 2311 4107 tam

361 4130 584 4215 iniqua
647 4147 871 4195 causa:
940 4127 1095 4211 quid
1161 4126 1283 4192 sibi
1347 4128 1490 4192 vult
1559 4128 1876 4194 Tossanus
1935 4129 2107 4212 quod
2176 4136 2314 4193 tam

564 4388 627 4450 4)
700 4386 848 4440 ιιοαά
880 4394 1151 4452 neqottum
1188 4391 1423 4453 quatuor
1458 4386 1851 4437 ’ministr-orum.

564 4456 620 4522 5)
658 4406 977 4510 {Nasidium
1010 4454 1150 4508 alud
1184 4460 1326 4507 anter
1376 4452 1671 4505 Tosmmem
1719 4460 1767 4508 et
1824 4453 2100 4507 Far-ellum
2151 4456 2310 4508 etiam

358 4541 411 4582 a.
448 4523 586 4579 1568
619 4525 862 4579 nondum
897 4529 1217 4578 cessaverat.
1292 4521 1549 4586 (Kirchh.
1591 4522 1737 4578 129.)

564 4593 627 4657 6)
668 4594 961 4660 Georgium
1008 4594 1260 4645 comitem.
1309 4621 1370 4629 ——
1421 4590 1710 4645 Nescimus
1764 4590 1912 4643 unde
1973 4590 2038 4643 (ι’.
2106 4590 2314 4659 Goyuel

360 4678 517 4718 suan
552 4663 721 4718 totius
754 4663 918 4716 huius
953 4663 1156 4729 ’κροτεῖ
1189 4661 1502 4714 relationem
1537 4661 1785 4714 horesco-it
1817 4674 1957 4727 quae
1983 4661 2098 4712 alia
2132 4666 2214 4714 est
2247 4674 2315 4713 ac

362 4732 601 4787 Fau-eui.-
650 4731 800 4786 Dans
834 4748 896 4785 ce
932 4739 1041 4782 tem
1083 4747 1110 4781 s
1146 4729 1409 4808 quelques
1444 4729 1720 4782 ministres
1768 4727 2117 4781 cherchaient
2161 4728 2194 4779 a
2228 4728 2310 4781 se·

359 4818 523 4871 parer
566 4802 646 4854 les
688 4801 884 4883 eglises
929 4800 999 4852 de
1047 4747 1405 4853 Kiontbdlmrd
1464 4796 1533 4851 de
1584 4798 1747 4850 celles
1805 4796 1877 4849 du
1932 4795 2314 4865 wurtemberg

360 4886 502 4941 pour
533 4871 613 4923 les
650 4887 773 4923 uuir
807 4886 912 4922 aux
949 4868 1144 4935 eglises
1180 4868 1248 4920 de
1286 4868 1485 4920 Suisse.
1556 4867 1630 4920 lls
1664 4866 1911 4919 teuaient
1945 4866 2042 4918 dcs
2077 4880 2310 4918 conven-

359 4939 568 5007 ticulae,
601 4938 1000 4992 n'observaient
1043 4936 1201 5006 point
1235 4936 1370 4989 dans
1414 4934 1695 4989 l’exercice
1739 4934 1811 4988 du
1859 4935 2003 4988 culte
2053 4934 2133 4987 les
2178 4933 2312 4986 rites

359 5008 554 5063 &tablis
588 5013 647 5061 et
680 5013 843 5061 nsunt
875 5005 1299 5075 d’imprudentes
1334 5006 1578 5074 rigueurs
1614 5020 1674 5057 se
1710 5003 2095 5073 permettaient
2138 5003 2312 5056 meme

359 5075 635 5131 d’exclure
679 5077 749 5130 de
794 5076 849 5130 la
894 5091 936 5128 s.
982 5072 1114 5129 cene
1172 5083 1294 5127 tons
1339 5089 1474 5127 ceux
1527 5074 1622 5142 qui
1672 5088 1743 5127 no
1794 5089 1894 5140 par
2020 5072 2170 5125 sieut
2213 5087 2313 5141 pas

359 5145 506 5200 leurs
537 5146 833 5210 doctrines.
905 5144 1013 5198 Les
1047 5145 1489 5197 avertissements
1534 5142 1809 5212 paternels
1843 5142 1913 5194 de
1993 5142 2207 5194 oussain
2255 5151 2314 5193 et

360 5215 441 5270 les
473 5214 666 5270 ordres
701 5212 920 5268 se'veres
954 5214 1023 5266 dc
1056 5214 1112 5267 1⁸
1146 5211 1373 5282 regense
1408 5211 1564 5265 etant
1598 5210 1881 5264 dementes
1916 5226 2042 5263 saus
2079 5210 2224 5274 effet,
2258 5210 2310 5262 le

361 5293 538 5340 comte
574 5283 789 5353 Georgo
823 5283 905 5336 fut
939 5281 1121 5335 reduit
1155 5280 1189 5333 a
1223 5296 1525 5349 prouoncer
1557 5280 1612 5332 la
1646 5279 1969 5333 destitutioni
2011 5278 2079 5331 de
2116 5283 2311 5346 quatre

360 5352 565 5409 d'entre
600 5369 722 5409 eux.
793 5351 908 5418 (67.
950 5350 1025 5404 N.
1062 5348 1249 5415 2192.)

568 5438 793 5494 eam
818 5450 1005 5505 opera.
1078 5434 1201 5491 m.
1241 5433 1371 5491 xv.

2193 418 2349 479 1555
2396 413 2596 480 MAI.

4256 425 4384 492 594

2427 621 2614 668 caros
2667 601 2909 667 fratres
2963 600 3256 687 negligit,
3317 604 3431 687 qui
3488 625 3622 670 non
3668 626 3710 669 a
3766 605 3971 688 pulsis
4027 613 4382 674 moventur

2425 708 2587 769 quos
2647 687 3021 753 habuerunt
3085 695 3386 771 parentes
3439 690 3732 757 consiliis
3788 691 3962 758 datis
4009 702 4160 776 post
4221 712 4380 769 con·

2427 774 2942 849 damnationem,
3003 783 3072 837 et
3122 775 3233 857 qui
3293 785 3450 841 sunt
3502 778 3716 859 parati
3770 777 4087 861 quidquid
4140 779 4380 847 fratres

2424 860 2739 926 iusserint
2795 859 3036 944 agere?
3127 858 3335 941 Quid,
3394 863 3693 945 inquam,
3760 864 3935 930 celat
3990 864 4095 929 his
4148 886 4380 931 causas

2424 947 2778 1021 eiectionis,
2826 946 3168 1028 praecipue
3202 946 3285 1012 iis
3320 948 3555 1030 quibus
3590 952 3836 1033 recepit
3868 971 3940 1016 se
3968 951 4375 1016 missurum?

2425 1032 2605 1097 Sane
2645 1032 2704 1098 si
2748 1031 2987 1116 dignae
3029 1040 3252 1097 essent
3294 1054 3529 1099 causae
3586 1045 3656 1099 et
3696 1057 3893 1100 verae
3948 1037 4378 1121 ablegationis

2423 1117 2724 1196 fratrum,
2761 1139 2882 1202 ego
2917 1138 3050 1183 non
3086 1119 3304 1183 minus
3339 1125 3738 1204 suspicerem
3768 1123 4135 1201 Pecs-anum,
4179 1144 4377 1207 quem

2426 1225 2684 1287 semper
2728 1203 2926 1270 habui
2974 1205 3403 1283 carissimum,
3454 1215 3521 1272 et
3561 1216 3638 1273 ut
3678 1228 3908 1273 omnes
3951 1215 4128 1275 recte
4171 1211 4377 1275 seuti-

2426 1300 2578 1355 rent
2623 1290 2702 1354 de
2747 1311 2841 1369 eo,
2895 1290 2950 1354 si
2997 1289 3215 1367 vellet,
3270 1312 3378 1356 me
3420 1290 3504 1357 ad
3559 1313 3790 1359 omnes
3844 1295 4081 1360 fratres
4124 1296 4377 1360 confer-

2426 1397 2585 1454 rem,
2646 1375 2939 1459 singulos
2997 1376 3300 1441 hortarer
3358 1385 3435 1442 ut
3490 1399 3748 1445 mecum
3792 1380 4012 1445 virum
4068 1379 4374 1447 observa·

2371 1440 2377 1519 l
2424 1472 2591 1539 rent,
2648 1462 2809 1545 quin
2853 1469 2921 1526 et
2963 1460 3297 1546 ablegatos
3341 1461 3424 1527 ad
3470 1463 3732 1549 culpam
3785 1466 4266 1550 agnoscendam
4310 1475 4378 1533 et

2425 1548 2637 1630 palam
2695 1546 3031 1614 fatendam
3087 1546 3496 1614 adducerem.
3601 1551 3888 1616 Tantum
3947 1552 4111 1617 mihi
4169 1552 4377 1619 audeo

2425 1633 2720 1716 polliceri
2778 1632 2859 1698 de
2913 1633 3258 1713 fratribus,
3318 1643 3387 1700 et
3428 1636 3790 1702 Dominum
3847 1640 4023 1703 sensi
4079 1639 4150 1702 in
4203 1640 4375 1704 eius-

2426 1720 2606 1785 modi
2650 1719 2813 1784 mihi
2857 1719 3159 1785 adfuisse.
3249 1719 3428 1802 Quot
3470 1723 3647 1787 enim
3692 1723 4194 1803 conciliationes,
4242 1747 4376 1791 non

2426 1827 2576 1872 cum
2619 1807 2747 1889 piis
2791 1815 3079 1885 tantum,
3138 1827 3364 1871 verum
3411 1808 3609 1874 etiam
3651 1830 3804 1875 cum
3859 1810 4376 1893 improbissimis,

2424 1894 2636 1959 factae
2671 1904 2829 1957 sunt
2862 1891 3244 1958 absentibus
3286 1894 3618 1959 interdum
3654 1896 3985 1975 fratribus,
4031 1900 4143 1982 qui
4185 1896 4377 1970 facile

2425 1980 2681 2061 sequuti
2750 1991 2905 2043 sunt
2961 1988 3028 2043 et
3089 1990 3446 2045 servarunt
3506 2001 3752 2063 pacem,
3823 1982 4028 2050 donec
4090 1986 4375 2073 improbi

2425 2066 2650 2129 omnia
2694 2063 3039 2129 violarunt.
3127 2064 3278 2130 Hac
3317 2066 3576 2130 ratione
3617 2069 3806 2133 facile
3849 2092 3966 2136 suo
4010 2073 4376 2142 ministerio

2425 2160 2495 2215 et
2547 2152 2689 2234 paci
2748 2149 3057 2215 ecclesiae
3118 2151 3440 2216 Tessanus
3492 2153 3878 2220 consuleret.
3972 2158 4241 2238 Verum,
4298 2168 4377 2226 ut

2426 2235 2634 2311 video,
2699 2258 2829 2300 non
2887 2235 3078 2300 modo
3137 2257 3262 2312 me,
3320 2258 3450 2320 quo
3493 2259 3629 2303 non
3685 2240 3914 2307 habuit
3952 2245 4165 2329 magis
4209 2248 4378 2311 ami-

2423 2344 2590 2397 cum,
2638 2344 2766 2386 non
2807 2324 2950 2385 vult
2993 2322 3163 2386 ferre
3205 2333 3279 2387 ut
3320 2343 3538 2387 coram
3581 2345 3793 2407 agam,
3839 2327 3955 2393 sed
4001 2340 4065 2394 te
4101 2351 4374 2415 quoque,

2423 2430 2614 2490 quem
2652 2429 2884 2491 rogare
2919 2429 3116 2487 quam
3153 2408 3440 2473 maxime
3475 2408 3758 2489 deberet,
3801 2415 3950 2479 vult
3992 2424 4060 2480 et
4101 2430 4375 2485 conatur

2421 2494 2738 2577 impedire
2784 2516 2868 2559 ne
2908 2514 2985 2558 eo
3042 2508 3105 2557 te
3165 2494 3477 2561 conferas.
3566 2493 3748 2561 Sane
3790 2500 4031 2565 mirum
4075 2514 4179 2568 est
4222 2505 4372 2571 Tos-

2423 2582 2570 2645 sani
2610 2580 2966 2663 ingenium.
3057 2580 3201 2663 Ego
3244 2580 3315 2643 in
3360 2581 3665 2647 omnibus
3722 2584 3936 2649 turbis
3979 2608 4144 2670 quae
4187 2598 4370 2657 ortae

2426 2667 2708 2743 fuerunt,
2766 2666 2836 2728 in
2880 2664 3185 2730 omnibus
3224 2667 3514 2732 coetibus
3559 2668 3667 2732 ubi
3712 2668 3961 2752 aliquid
4003 2693 4123 2756 pro
4165 2676 4372 2742 eccle-

2424 2753 2541 2817 siis
2587 2760 2688 2815 est
2731 2750 3087 2835 agendum,
3147 2752 3337 2816 valde
3377 2754 3602 2837 rogavi
3646 2755 3925 2836 optimos
3964 2779 4252 2843 quosque
4296 2769 4374 2827 ut

2423 2839 2751 2914 venirent,
2797 2837 3121 2902 adessent.
3212 2837 3491 2921 Semper
3548 2839 3640 2904 fui
3694 2841 4009 2909 sollicitus
4049 2856 4124 2909 ut
4164 2846 4372 2912 eoele-

2424 2925 2556 2989 sias
2600 2926 2669 2988 in
2704 2922 2941 3006 quibus
2978 2926 3079 3007 egi
3117 2921 3435 3001 viderent,
3460 2927 4003 2994 concionarentur
4024 2940 4092 2994 et
4111 2952 4373 2998 mecum

2423 3009 2860 3076 aedificarent.
2950 3007 3094 3075 Scit
3150 3030 3221 3074 se
3278 3018 3579 3075 vocatum
3625 3032 4098 3097 nonnunquam
4145 3018 4368 3085 fuisse.

2422 3096 2705 3162 Faciunt
2743 3117 2999 3162 meeum
3059 3095 3174 3161 alii
3231 3096 3487 3163 fratres.
3576 3097 3890 3167 Faciebat
3932 3111 4000 3167 et
4041 3103 4163 3170 hoc
4207 3105 4370 3171 Ber-

2421 3184 2626 3248 toldus
2687 3204 2817 3247 nou
2876 3182 3241 3247 infeliciter.
3337 3183 3660 3250 Tossanue
3703 3185 3860 3251 olim
3918 3188 3990 3253 in
4033 3192 4372 3258 nonnullis

2422 3290 2554 3332 non
2602 3290 2866 3353 prorsus
2910 3268 3033 3333 hoc
3084 3271 3492 3353 contempsit.
3581 3270 3777 3338 Nunc
3819 3282 3996 3339 totus
4039 3283 4140 3343 est
4181 3277 4368 3345 alius.

2420 3355 2698 3420 Utinam
2758 3367 2890 3418 tam
2952 3364 3125 3420 esset
3178 3354 3246 3419 iu
3307 3356 3474 3420 bono
3530 3366 3598 3420 et
3653 3357 4118 3440 aedificatione,
4174 3384 4372 3447 quam

2420 3452 2524 3507 cst
2565 3442 2634 3504 in
2683 3440 2856 3506 malo
2899 3451 2967 3504 et
3009 3440 3222 3516 ruina,
3283 3460 3477 3523 quam
3538 3441 3728 3508 video
3773 3444 4107 3511 hominem
4153 3468 4372 3532 perse-

2419 3527 2551 3609 qui.
2657 3527 2804 3591 Non
2873 3527 3047 3591 enim
3113 3525 3394 3592 cessabit
3467 3525 3673 3593 donec
3737 3529 3881 3610 pios
3959 3552 4189 3600 omnes
4255 3557 4373 3601 ex-

2419 3613 2679 3694 pulerit.
2770 3611 2978 3678 Cuius
3021 3613 3236 3695 gratia
3287 3621 3354 3676 te
3407 3613 3769 3696 impensius
3824 3619 4069 3700 rogavi.
4158 3620 4372 3688 Video

2420 3700 2597 3763 enim
2678 3698 3138 3781 gravissimam
3215 3698 3650 3764 vastationem
3728 3701 4092 3769 imminere.
4197 3706 4373 3774 Nam

2427 3785 2751 3850 Tossanus
2817 3784 3034 3867 potius
3098 3804 3327 3849 omnes
3404 3783 3738 3869 ablegabit
3800 3808 3993 3869 quam
4061 3800 4138 3856 ut
4201 3793 4372 3860 male

2420 3870 2660 3935 audiat.
2748 3868 2885 3951 Qui
2951 3869 3151 3935 telam
3209 3869 3341 3934 orsi
3405 3881 3563 3934 sunt
3626 3880 3858 3938 autore
3919 3876 4202 3944 Tossano
4258 3881 4374 3946 vix

2419 3956 2672 4020 ferrent
2722 3955 3019 4020 damnari
3081 3955 3252 4038 quod
3311 3955 3540 4020 volunt
3591 3956 3952 4040 probatum.
4037 3961 4275 4048 Cogita
4315 3967 4374 4032 si

2421 4042 2532 4125 pii,
2581 4045 2689 4125 qui
2737 4051 2999 4124 propter
3026 4039 3364 4107 Christum
3400 4063 3530 4107 non
3565 4045 3761 4109 veriti
3807 4059 3966 4111 sunt
4000 4051 4371 4129 pontificem

2419 4149 2680 4211 negare,
2724 4138 2793 4191 et
2825 4127 3091 4210 quosvis
3134 4128 3482 4211 principes,
3527 4131 3683 4212 quia
3726 4129 4108 4199 damnarint
4144 4157 4254 4202 eos
4296 4145 4374 4203 ut

2418 4215 2771 4296 probarent
2824 4234 3049 4278 servos
3094 4211 3339 4280 Christi
3393 4225 3461 4279 et
3515 4236 3634 4298 pro
3690 4237 3887 4282 causa
3931 4219 4182 4285 Christi
4236 4229 4371 4287 sta-

2416 4313 2584 4374 rent,
2647 4300 2752 4365 hic
2808 4307 3071 4381 possent
3126 4311 3339 4365 tacere
3382 4309 3450 4364 et
3502 4300 3711 4382 pluris
3762 4303 4113 4369 Temnum
4155 4306 4371 4374 facere

2415 4406 2613 4467 quam
2647 4387 2943 4468 quemvis
2978 4384 3178 4449 alium
3208 4384 3603 4451 mortalium.
3670 4387 3764 4453 Ut
3799 4388 3881 4453 de
3913 4388 4062 4455 aliis
4096 4399 4369 4459 taceam.

2414 4469 2574 4536 Ideo
2619 4469 2805 4535 vides
2852 4491 3048 4554 quam
3105 4471 3194 4536 sit
3249 4492 3531 4548 necesse,
3589 4493 3675 4537 ne
3729 4473 4086 4556 perdantur
4127 4479 4369 4559 omnia,

2417 4569 2482 4622 te
2527 4578 2659 4622 non
2702 4554 3071 4623 concedere.
3153 4556 3367 4622 Video
3411 4556 3565 4640 quid
3611 4570 3902 4624 moretur
3946 4561 4288 4644 Salemm,
4307 4568 4369 4647 ⁷)

2417 4654 2485 4707 et
2542 4643 2700 4726 quid
2759 4644 3036 4725 denique
3090 4640 3414 4728 agendum
3472 4651 3658 4727 putet
3716 4664 3799 4709 ne
3843 4646 4014 4727 quod
4069 4659 4370 4732 superest

2414 4741 2661 4812 pereat.
2752 4728 3008 4795 Iudicat
3049 4751 3215 4811 quae
3259 4738 3407 4796 acta
3449 4739 3606 4794 sunt
3646 4730 4050 4813 sepelienda:
4108 4735 4368 4803 utinam

2416 4825 2698 4899 possent.
2805 4814 3159 4881 Tessanum
3221 4814 3621 4881 sanandum:
3688 4817 3942 4881 utinam
4001 4820 4118 4884 fiat
4170 4829 4240 4885 et
4293 4823 4370 4888 in

2415 4901 2537 4967 hoc
2604 4922 2789 4966 meus
2858 4922 2975 4984 pro
3040 4923 3118 4966 eo
3182 4900 3569 4967 funderetur
3623 4924 3657 4967 s
3796 4902 3913 4968 uis.
4015 4902 4151 4971 Sed
4251 4906 4368 4973 uid

2413 5008 2654 5069 quaeso
2720 4989 2835 5052 fiet
2896 4988 2970 5051 in
3033 5006 3235 5053 causa
3301 4986 3587 5062 Christi,
3654 5008 3770 5071 qui
3833 5008 4036 5071 supra
4099 5012 4207 5058 mo
4252 5015 4369 5059 um

2414 5071 2630 5139 laesus
2687 5071 2816 5137 fuit
2872 5075 2939 5138 in
3000 5075 3136 5137 suis
3194 5071 3448 5137 servis?
3539 5075 3678 5138 Aut
3720 5082 3978 5158 oportet
4023 5074 4370 5145 Christum

2414 5179 2681 5224 manere
2724 5159 2945 5244 inique
2989 5157 3392 5238 damnatum,
3436 5157 3546 5223 vel
3590 5158 3923 5244 ablegatos
3959 5182 4092 5226 non
4136 5163 4380 5232 haberi

2625 5345 2684 5414 7)
2719 5349 2818 5417 φοι·
2850 5362 2975 5415 erqo
3011 5346 3075 5399 de
3108 5346 3214 5402 hac
3244 5361 3417 5401 cam
3453 5346 3614 5402 aliter
3648 5345 4111 5487 mmmm
4141 5352 4278 5421 ipsc.
