4850 6200
529 434 605 496 51
2031 422 2555 491 EPISTOLAE
2605 423 3024 487 1917-1918
4444 421 4523 482 52

518 613 779 701 pisticis
866 633 943 681 ac
1011 611 1465 698 metaxysticis
1534 610 1845 678 sacrificis
1925 631 2067 677 esse
2144 616 2474 695 purgatas,
2581 609 2901 693 bliopolas
2942 607 3350 692 quaesierim,
3396 607 3680 673 nancisci
3719 612 3940 672 tamen
3975 605 4190 671 adhuc
4230 625 4364 671 non
4409 625 4525 689 po-

520 700 720 785 idque
801 700 1070 766 nomine
1140 706 1208 765 et
1267 695 1577 762 mandato
1642 697 1954 782 principis
2031 696 2238 762 nostri
2320 716 2477 760 vere
2582 697 2708 760 tui:
2753 716 2926 773 eum,
2970 715 3224 778 quaese,
3270 704 3416 775 post
3450 702 3765 759 semestre
3799 698 4125 770 exactum,
4169 712 4369 774 quum
4406 694 4525 757 ite-

530 786 985 869 christophori.-
1049 785 1157 868 qui
1216 785 1356 849 sive
1400 793 1654 866 spectes
1702 785 2032 857 virtutem,
2079 782 2220 847 sive
2261 780 2476 846 erudi·
2580 802 2729 847 rum
2774 781 2873 845 tui
2906 788 3299 845 mercatores
3322 778 3815 845 Francfordiam
3863 789 4018 842 sunt
4059 778 4348 859 petituri,
4395 778 4527 843 tuis

520 874 791 949 tionem,
836 873 974 937 sive
1015 872 1342 954 pietatem,
1388 869 1553 933 nulli
1597 868 1967 953 principum
1992 869 2475 934 Germanorum
2526 936 2532 959 ι
2580 867 3010 950 typographis
3072 865 3254 929 trade
3274 917 3287 941 ,
3347 886 3473 947 quo
3528 864 3607 929 ad
3663 885 3812 930 oras
3871 872 4130 928 nostras
4178 862 4526 945 aliquando

522 959 657 1024 erit
709 958 1048 1023 secundus,
1152 954 1296 1019 Nisi
1355 957 1629 1019 fortasse
1688 956 1779 1033 ei,
1847 955 1917 1018 in
1986 975 2112 1036 quo
2180 953 2353 1017 victo
2408 962 2478 1016 et
2581 953 2779 1018 etiam
2825 952 3126 1035 appellat.

520 1051 717 1127 capto
775 1043 1103 1107 heroicam
1160 1040 1773 1123 magnanimitatem
1840 1039 2116 1105 saeculis
2169 1037 2475 1103 omnibus
2750 1038 2915 1103 Vale
2959 1039 3121 1103 bene
3165 1055 3240 1102 ac
3282 1035 3583 1113 feliciter,
3648 1037 3747 1101 vir
3804 1035 4262 1110 eruditissime,
4308 1054 4382 1098 ac
4424 1057 4528 1100 me

524 1127 939 1213 spectandam
1007 1126 1344 1208 proposuit
1403 1127 1745 1191 Dominus.
1858 1123 1970 1191 Sic
2032 1125 2205 1191 enim
2276 1135 2346 1188 tu
2405 1124 2475 1186 in
2580 1125 2805 1190 amicis
2850 1124 3000 1199 tuis,
3049 1145 3161 1188 666
3197 1123 3417 1204 potius
3461 1122 3611 1186 filiis
3670 1142 3823 1186 vere
3866 1130 4130 1202 γνησίοις
4176 1130 4527 1204 (quantum

524 1214 768 1290 libello,
812 1213 921 1296 qui
970 1210 1051 1276 de
1096 1210 1439 1276 Scandalis
1485 1211 1882 1289 inscribitur,
1927 1210 2006 1274 do
2043 1210 2283 1275 Ioanne
2319 1207 2476 1273 Fri-
2581 1210 2662 1274 ad
2710 1210 3065 1274 doctrinam
3114 1209 3405 1290 pietatis)
3466 1227 3766 1272 accense:
3824 1227 3944 1291 ego
4005 1216 4067 1273 te
4133 1208 4335 1290 patris
4389 1208 4526 1273 loco

525 1300 746 1373 clerico,
784 1296 1122 1375 ,Saxoniae
1164 1295 1325 1361 duce
1369 1316 1445 1361 ac
1487 1297 1639 1360 olim
1668 1297 1957 1363 ‚electore
1993 1297 2217 1380 (tacito
2253 1304 2477 1359 tamen
2582 1295 2822 1360 habere
2865 1294 3076 1360 colere
3121 1295 3546 1374 venerarique
3591 1312 3924 1376 nunquam
3967 1291 4279 1357 desinam.
4360 1291 4529 1357 Vale

530 1386 667 1449 eius
732 1383 1024 1455 nomine}
1082 1382 1383 1465 loqueris.
1501 1382 1916 1447 Documenta
1993 1382 2253 1464 pietatis
2318 1401 2474 1446 suae
2581 1383 2839 1446 iterum.
2907 1381 3290 1465 Nurtingae,
3332 1379 3504 1463 quod
3548 1388 3649 1443 est
3689 1379 3996 1462 oppidum
4046 1378 4321 1443 ducatus
4344 1378 4529 1441 Wir·

528 1470 689 1534 satis
747 1468 1082 1534 luculenta
1150 1467 1450 1552 princeps
1521 1476 1742 1532 noster
1798 1467 2017 1532 edidit.
2128 1465 2326 1531 Solus
2391 1488 2474 1530 ex
2580 1466 3066 1550 tembergensis.
3156 1468 3355 1531 Anno
3417 1470 3596 1529 1554.
3663 1469 3761 1529 27.
3809 1464 4181 1540 Februarii,
4238 1486 4364 1548 quo
4425 1465 4528 1529 die

526 1554 829 1620 omnibus
875 1553 1274 1619 Germaniae
1329 1553 1730 1637 principibus
1786 1552 2258 1619 confessionem
2318 1573 2474 1617 suae
2580 1562 2734 1617 ante
2778 1573 2987 1618 annos
3031 1561 3164 1616 tres
3209 1550 3378 1616 fidus
3424 1550 3534 1615 ille
3580 1562 3646 1613 et
3690 1552 3972 1615 eximius
4008 1571 4241 1615 servus
4279 1549 4528 1615 Christ-i

526 1640 696 1717 fidei,
743 1661 1014 1723 eamque
1060 1640 1235 1722 typis
1289 1660 1629 1715 excusam,
1691 1638 2074 1703 Tridentino
2118 1638 2217 1703 illi
2260 1638 2472 1703 conci·
2579 1638 2912 1704 Martinus
2989 1638 3278 1703 Bacenis
3352 1636 3814 1720 Cantabrigiae
3888 1637 3957 1699 in
4038 1637 4278 1720 Anglia
4356 1657 4530 1701 mor-

524 1724 768 1790 liabulo
815 1746 1012 1790 ausus
1067 1725 1191 1788 fuit
1233 1724 1557 1791 exhibere.
1578 1726 1633 1802 ²)
1721 1724 1921 1790 Viros
1965 1732 2229 1807 propter
2272 1743 2475 1789 evan·
2577 1734 2730 1789 tuus
2772 1734 2890 1790 est.

526 1810 681 1894 gelii
740 1811 1206 1877 confessionem
1260 1810 1637 1875 exsulantes
1697 1809 2053 1875 liberaliter
2112 1809 2355 1893 excipit
2399 1828 2474 1873 ac

526 1897 935 1980 perhumane
990 1896 1215 1972 habet,
1272 1897 1403 1960 imo
1457 1897 1716 1978 magnis
1781 1897 2090 1980 praemiis
2134 1893 2214 1960 ad
2258 1916 2328 1959 66
2372 1894 2473 1958 16-

530 1984 715 2047 vitat.
807 1979 952 2047 Sub
1013 1981 1128 2046 tali
1182 1981 1476 2063 principe
1534 2002 1666 2044 666
1770 1991 2000 2047 666661.
2056 2002 2189 2045 666
2253 1980 2475 2046 felices

528 2088 670 2132 esse
713 2066 1033 2133 ecclesiae.
1117 2066 1241 2132 Est
1295 2074 1515 2131 tamen
1574 2087 1698 2149 quo
1786 2088 1917 2131 non
1959 2067 2284 2132 immerito
2327 2066 2477 2150 pius

527 2153 851 2236 quispiam
896 2152 1108 2218 adhuc
1155 2150 1491 2217 desideret.
1558 2152 1918 2218 Mittuntur
1951 2151 2165 2218 adhuc
2199 2174 2283 2217 ex
2326 2151 2478 2217 aula

530 2246 841 2323 pastores,
867 2242 921 2321 ³)
981 2247 1047 2303 et
1103 2258 1576 2320 nonnunquam
1634 2239 1793 2303 satis
1848 2238 2045 2303 rudes
2099 2258 2174 2304 66
2227 2238 2473 2321 ignari:
3459 2271 3625 2341 1913

530 2345 661 2389 non
718 2324 1051 2408 eliguntur
1108 2323 1317 2388 veteri
1374 2342 1584 2399 more,
1663 2325 1744 2389 ab
1804 2324 2114 2390 universa
2177 2323 2475 2389 ecclesia:
3631 2322 3647 2341 ’

529 2412 637 2492 qui
664 2430 802 2474 mos
847 2410 1100 2474 utinam
1134 2409 1372 2474 iterum
1407 2410 1594 2491 quasi
1629 2409 2027 2493 postliminio
2062 2418 2481 2476 revocaretur
2619 2423 3089 2490 ALPHONSI
3135 2425 3594 2491 LYNOURH
3639 2426 4414 2493 TARRACONENSIS
4448 2431 4460 2468 ι
4473 2444 4495 2503 )

530 2497 726 2593 etiam
785 2493 959 2579 apud
1016 2515 1150 2559 666.
1251 2494 1406 2593 Nec·
1440 2494 1827 2560 ordinantur
1884 2497 2166 2561 ministri
2192 2495 2480 2593 ‘imposi-
2877 2527 3360 2594 APOLOGIA
3399 2526 3589 2594 PRO
3633 2530 3724 2595 M·
3774 2527 4221 2595 SERVETO.

530 2592 706 2646 tione
749 2601 1063 2645 manuum
1107 2600 1182 2646 ac
1230 2579 1549 2663 precibus.
1634 2582 2249 2648 Excommunicatio
2295 2579 2481 2645 nulla

530 2668 701 2765 8ΡΨῙ
762 2687 878 2732 1¹⁰3
937 2665 1152 2766 adhu‘?
1209 2675 1310 2731 θεῖ
1364 2667 1434 2730 in
1490 2688 1632 2731 ⁰⁸¹¹·
1723 2667 1906 2733 Adeo
1966 2679 2041 2732 1¹¹3
2084 2688 2246 2749 Opus
2290 2667 2481 2732 ¹1⁰bi3
2584 2699 2695 2765 (Ex
2731 2699 2914 2752 codice
2951 2699 3317 2753 Bibliothecae
3355 2700 3628 2752 Antiatitii
3667 2701 3996 2754 Basileensis
4033 2700 4325 2767 inscripto:
4361 2699 4532 2752 Varia

529 2763 614 2817 stt
656 2753 895 2827 Paulo,
958 2761 1029 2815 ut
1072 2753 1291 2816 'I'ltum
1354 2751 1734 2829 admoneat,
1800 2762 1874 2817 ut
1915 2768 2147 2837 pergat
2191 2775 2271 2818 oa
2315 2773 2482 2836 quae
2586 2769 2946 2821 ecclesiastica
2986 2770 3150 2822 Basil.
3190 2769 3314 2821 Vol.
3336 2770 3377 2822 1.
3430 2769 3492 2822 In
3528 2770 3769 2839 margine
3804 2770 4021 2822 additur
4054 2770 4189 2822 hanc
4215 2770 4530 2837 ,apologiam

529 2840 768 2903 desunt
825 2839 1164 2921 corrigere.
1254 2838 1539 2922 Magnae
1594 2839 2097 2903 existimationis
2155 2847 2253 2903 est
2307 2837 2481 2921 apud
3023 2855 3226 2891 -manu
3262 2837 3506 2892 Curionis
3544 2847 3839 2891 correctam
3877 2839 4034 2903 esse.)

524 2924 886 3007 principem
922 2922 1207 2986 Ioannes
1244 2922 1656 2999 Brentiu3:⁴)
1701 2923 1873 3007 quod
1915 2926 1967 2988 si
2015 2926 2120 2988 his
2166 2924 2245 2988 de
2289 2923 2482 2989 rebus

529 3010 612 3075 ad
670 3030 823 3073 66111
879 3009 1228 3083 scriberes,
1289 3029 1423 3071 non
1480 3009 1729 3074 faceres
1773 3031 1912 3074 rem
1959 3022 2072 3074 tuo
2115 3010 2482 3074 ministerio
2755 3010 3111 3093 Egregiam
3148 3009 3410 3073 tandem
3440 3010 3781 3075 victoriam
3819 3011 3943 3075 insi
3993 3030 4272 3091 nemque
4297 3009 4529 3073 trium-

529 3096 866 3178 indignam
914 3106 978 3157 et
1023 3092 1310 3159 ecclesiis
1358 3096 1614 3172 nostris,
1661 3096 1929 3178 opinor,
1990 3095 2182 3161 valde
2226 3096 2477 3161 utilem.
2585 3096 2788 3179 phum
2851 3094 2931 3161 de
2987 3103 3312 3177 prostrato
3371 3094 3747 3162 adversario
3806 3032 4140 3162 1616116116.
4227 3097 4334 3160 En
4382 3107 4531 3160 tan-

529 3183 629 3245 'Pu
676 3178 830 3262 quid
878 3180 999 3244 hac
1042 3181 1110 3242 in
1157 3201 1227 3244 re
1271 3179 1637 3245 faciendum
1684 3182 1787 3258 sit,
1834 3203 2087 3264 quaese,
2136 3182 2483 3265 diligenter
2586 3182 2735 3247 dem
2779 3183 2947 3246 iacet
2990 3181 3101 3246 ille
3143 3182 3254 3264 qui
3299 3183 3488 3247 vobis
3545 3182 3705 3246 adeo
3765 3183 4040 3247 infestus
4085 3193 4151 3246 et
4194 3183 4414 3265 gravis
4458 3185 4528 3245 in

530 3279 744 3331 tecum
810 3264 1162 3340 deliberes,
1252 3272 1317 3328 et
1383 3263 1463 3329 ad
1531 3287 1636 3330 me
1703 3267 2101 3349 perscribere
2170 3269 2481 3350 proximis
2588 3278 2808 3332 vestra
2872 3266 3176 3350 dogmata
3243 3279 3309 3332 et
3362 3268 3745 3333 traditiones
3799 3268 4174 3333 insultabat.
4280 3268 4532 3332 Tantus

530 3351 839 3415 nundinis
900 3350 1548 3415 Francfordiensibus
1618 3373 1699 3415 ne
1766 3353 2157 3438 dedigneris.
2270 3352 2482 3434 Quid·
2587 3355 2821 3429 hostis,
2883 3355 3065 3417 velut
3120 3353 3285 3416 alter
3328 3354 3576 3419 Hector
3619 3355 3936 3419 'I'roianus
3983 3377 4022 3418 a
4066 3354 4336 3419 Graecis
4383 3364 4531 3417 tan-

528 3436 685 3520 quid
729 3437 904 3501 enim
940 3436 1047 3500 alii
1095 3438 1229 3502 sint
1270 3437 1541 3514 facturi,
1604 3459 1721 3521 ego
1782 3447 1955 3504 certe
1998 3442 2108 3522 qui
2154 3459 2225 3505 se
2268 3441 2479 3504 mani-
2584 3438 2731 3504 dem
2777 3448 3137 3522 superatus,
3185 3438 3345 3503 abiit
3387 3440 3458 3503 in
3503 3441 3751 3505 cineres
3803 3451 3867 3504 et
3907 3440 4181 3504 favillas.
4273 3440 4530 3522 Erigite

530 3524 711 3587 festis
770 3523 1033 3604 flagitiis
1094 3544 1167 3588 ac
1223 3522 1576 3588 sceleribus
1639 3527 2085 3590 contaminant
2148 3546 2300 3590 mox
2355 3523 2478 3590 Sa-
2585 3525 2766 3590 vobis
2811 3526 3142 3608 trophaea,
3195 3533 3267 3588 ut
3310 3536 3444 3589 tam
3489 3526 3805 3608 praeclari
3850 3526 4155 3591 facinoris
4215 3526 4532 3589 momoria

530 3621 725 3672 tanae
770 3606 1030 3671 tradere
1076 3609 1410 3690 incipiam:
1455 3609 1610 3690 quia
1652 3619 1871 3675 autem
1918 3633 2055 3675 rem
2104 3619 2355 3676 tantam
2403 3633 2478 3677 ac
2583 3611 2765 3675 nullo
2810 3632 3099 3693 unquam
3144 3622 3434 3693 tempore
3492 3610 3802 3676 deleatur.
3908 3612 4144 3677 Libros
4204 3611 4419 3676 cudite
4464 3629 4532 3674 et

532 3696 777 3759 viribus
820 3695 983 3758 meis
1018 3695 1334 3758 maiorem
1369 3716 1513 3760 sum
1555 3705 1946 3774 tentaturus,
1986 3697 2174 3779 plane
2210 3697 2479 3762 consilio
2584 3718 2700 3779 per
2743 3698 2964 3762 orbem
3009 3698 3300 3780 spargite
3345 3719 3420 3762 ac
3461 3697 3787 3780 dissipate,
3835 3709 3910 3761 ut·
3953 3717 4178 3761 omnes
4223 3697 4532 3762 ecclesiae

528 3780 695 3844 mihi
741 3801 901 3862 opus
945 3800 1085 3843 esse
1127 3780 1355 3845 iudico,
1447 3778 1669 3861 Quum
1732 3792 1883 3847 ante
1937 3783 2295 3847 triennium
2342 3784 2479 3848 An·
2583 3784 2990 3849 consulatum
3036 3793 3326 3847 vestrum
3370 3792 3724 3867 agnoscant
3781 3794 3846 3848 et
3903 3784 3981 3848 de
4031 3795 4165 3848 tam
4207 3784 4368 3848 bene
4415 3804 4533 3846 na-

531 3867 805 3929 tidotum
854 3876 1037 3928 tuum
1087 3875 1313 3930 contra
1360 3867 1527 3932 Acta
1563 3866 1950 3932 Tridentina
1994 3869 2298 3952 legerem,
2345 3884 2477 3933 sta·
2583 3879 2740 3934 vat-a
2793 3890 2988 3952 opera
3047 3880 3557 3952 conservataque
3615 3869 3731 3934 reli
3785 3871 3929 3933 'one
3996 3871 4242 3953 gratias
4308 3883 4528 3951 agant.

532 3954 649 4015 tim
701 3955 765 4014 in
810 3952 953 4032 ipsa
994 3952 1441 4033 praeliminari
1486 3952 1757 4035 epistola
1803 3954 2223 4038 deprehendi,
2288 3965 2349 4020 te
2399 3956 2477 4019 li-
2583 3955 2720 4020 Vos
2759 3976 2932 4021 nunc
2969 3956 3382 4039 evangelicae
3419 3955 3569 4020 fidei
3607 3965 3671 4020 et
3706 3891 4097 4020 christianae
4131 3953 4532 4038 reipublicae

532 4037 684 4101 belli
744 4034 1080 4100 cuiusdam
1140 4036 1252 4102 abs
1327 4049 1391 4101 te
1452 4038 1607 4103 editi
1668 4039 1748 4104 de
1817 4042 2199 4106 necessitate
2275 4042 2476 4106 refor-
2583 4053 2809 4106 contra
2849 4042 3071 4104 omnia
3117 4042 3592 4106 haereticorum
3628 4051 3922 4107 monstra
3956 4041 4342 4105 fortissimos
4379 4059 4532 4122 pro-

530 4122 811 4187 mandae
878 4122 1184 4188 ecclesiae
1200 4128 1256 4204 ⁵)
1326 4125 1723 4189 mentionem
1791 4127 2034 4204 facere,
2102 4148 2176 4192 ac
2247 4148 2477 4211 rogare
2584 4136 2859 4192 tectores
2903 4134 3261 4192 assertores
3309 4137 3375 4190 et
3420 4127 3713 4192 vindices
3759 4129 3991 4191 merito
4028 4147 4253 4191 omnes
4287 4125 4534 4189 intelli-

532 4211 837 4274 lectorem
899 4215 972 4272 ut
1030 4230 1178 4273 eum
1238 4230 1488 4293 quoque
1546 4230 1926 4291 percurrere
1967 4234 2101 4277 non
2143 4225 2472 4296 gravetur.
2581 4221 2742 4296 gent
2809 4225 2999 4294 atque
3071 4212 3451 4278 laudabunt.
3541 4211 3675 4278 Sed
3746 4214 3878 4277 iam
3946 4234 4177 4296 operae
4240 4210 4532 4295 pretium

526 4296 674 4378 Ego
722 4315 876 4358 vero
919 4315 1119 4376 quum
1165 4294 1482 4361 hactenus
1548 4298 1833 4362 studiose
1889 4298 2062 4382 apud
2108 4320 2333 4364 omnes
2379 4299 2476 4363 bi·
2581 4297 2847 4363 videtur
2890 4298 3265 4364 universam
3325 4300 3421 4363 rei
3474 4300 3708 4364 seriem
3768 4319 4124 4382 exponere,
4182 4309 4258 4363 ut
4300 4319 4531 4361 omnes

2525 4461 2531 4542 Ι
2583 4473 2770 4481 -.-..---
2807 4473 2928 4480 —.-..
2979 4475 2986 4478 .

733 4581 795 4650 2)
836 4583 959 4638 δὀὔ.
994 4591 1055 4639 ut
1096 4584 1477 4653 Imperatorem
1513 4588 1622 4642 sibi
1651 4590 1975 4643 conciliaret.
2052 4589 2334 4654 Confessio
2366 4592 2478 4645 ieta
2525 4585 2530 4656 3
2579 4589 2746 4642 1918.
2791 4589 2837 4652 1)
2874 4588 2964 4642 De
3008 4605 3066 4644 eo
3116 4587 3319 4643 Sandis·
3369 4588 3683 4644 bibliotheca
3743 4588 4104 4642 Anti-waic.
4164 4603 4222 4655 p.
4276 4585 4347 4641 40
4397 4587 4533 4642 hoec

528 4670 565 4705 a
616 4654 844 4706 Brenno
904 4655 1013 4718 fuit
1074 4657 1384 4723 conscripta
1422 4657 1539 4775 ἐνί
1589 4659 1706 4725 ipse
1760 4657 2077 4713 Tridentum
2129 4659 2331 4712 mecm
2381 4665 2472 4713 est.
2525 4667 2530 4730 ξ
2578 4659 2764 4713 habet.-
2802 4658 3368 4739 Alfonsuspingurius
3393 4657 3813 4740 Tarraconensis
3849 4658 4144 4738 Hispanus:
4183 4657 4336 4737 [fibri
4371 4672 4530 4724 quin-

532 4721 877 4784 (Hartmcmn
913 4739 965 4774 u.
1004 4721 1205 4792 Jaeqer
1241 4724 1304 4777 11.
1342 4741 1387 4778 c.
1494 4727 1536 4788 .)
2581 4744 2687 4796 que
2723 4727 3113 4781 Declaratioms
3167 4727 3287 4779 lesu
3322 4726 3527 4779 Christi
3571 4727 3669 4779 filu
3705 4727 3838 4792 Dei,
3874 4743 3989 4780 sive
4024 4725 4092 4780 de
4127 4742 4283 4779 unico
4319 4726 4434 4778 Deo
4471 4735 4534 4779 et

2526 3711 2533 3756 .-

737 4789 794 4854 3)
834 4793 943 4845 Hic
981 4807 1185 4862 quoque
1204 4793 1433 4848 Brentio
1469 4795 1717 4848 ministro
1740 4809 1877 4847 usus
1910 4803 1987 4849 est
2023 4795 2154 4863 dux,
2190 4799 2285 4864 qm·
2318 4799 2474 4851 ecele-
2525 4821 2531 4836 ·
2582 4796 2738 4848 unico
2775 4796 2886 4849 filio
2935 4796 3064 4848 eins.
3137 4795 3311 4848 Huius
3361 4796 3485 4848 libri
3537 4796 3897 4848 meminerunt
3931 4795 4094 4849 etiam
4129 4795 4363 4847 ministri
4400 4794 4526 4847 Sar-

528 4861 807 4912 sinat-'tam
844 4863 1273 4915 constitucionem
1308 4865 1558 4915 exaravit
1618 4863 1651 4917 1.
1688 4864 1723 4917 l.
1759 4880 1801 4918 6.
1839 4861 1949 4928 24),
1996 4880 2135 4933 quoe
2170 4870 2350 4918 tamen
2385 4865 2476 4918 de·
2525 4899 2531 4936 2
2581 4865 2779 4917 matiae
2828 4870 2883 4917 et
2925 4865 3369 4934 Transylvaninc,
3428 4864 3495 4918 de
3539 4864 3674 4916 salsa
3717 4871 3774 4917 et
3819 4879 3950 4916 vera
4001 4864 4159 4916 unius
4205 4863 4306 4917 Dei
4350 4863 4530 4932 patris

532 4943 678 4980 mm
725 4945 776 4980 a.
825 4928 959 4982 1559
1000 4932 1243 4998 perfecta
1279 4931 1503 4998 prodiit.
1633 4946 1662 4985 e
1695 4933 2069 4987 nominatione
2102 4933 2476 4988 ministrorum
2525 4939 2532 5002 ξ
2581 4934 2886 5003 cognitione
2924 4935 2983 4986 L.
3005 4933 3033 4985 1
3073 4949 3115 4986 c.
3138 4930 3173 4986 3
3208 4934 3330 4986 nbi:
3368 4933 3679 5002 Alphonsus
3714 4932 3931 4986 Tarrac.
3969 4932 4059 5000 qui
4095 4933 4336 5001 quinquo
4369 4931 4528 4985 libel·

526 4999 601 5062 cf.
642 4996 950 5061 lo'n'senlohr,
981 4999 1154 5066 yesch.
1195 4999 1377 5054 Entw.
1415 4999 1513 5052 der
1546 5001 1727 5054 recktl.
1778 5000 2009 5056 Ver-hau.
2057 5001 2155 5054 der
2187 5017 2266 5058 ev.
2306 5001 2379 5054 K.
2415 5005 2479 5056 in
2525 5015 2531 5066 ς
2579 5003 2648 5055 116
2684 5001 2752 5055 de
2786 5019 2892 5056 nno
2928 5004 3042 5056 Deo
3078 5011 3137 5058 et
3171 5003 3327 5056 unico
3362 5003 3476 5054 eins
3507 5002 3621 5054 filio
3656 5008 3845 5054 contra
3877 5016 4214 5054 communem
4248 5006 4306 5053 et
4341 5016 4528 5070 recep-

551 5065 912 5134 Wartemberq
944 5084 996 5130 p.
1033 5066 1095 5120 81
1136 5084 1212 5136 eq.
2527 5073 2532 5118 ἱ
2581 5081 2694 5124 tam
2730 5072 3032 5126 doctrinam
3051 5071 3490 5125 Aristarchorum
3525 5069 3833 5122 docentium
3869 5070 4212 5139 tyrannidem
4248 5079 4306 5123 et
4338 5086 4526 5138 snper-

737 5132 795 5198 4)
832 5139 896 5185 A.
949 5134 1082 5188 1552
1128 5137 1480 5191 consiliarius
1534 5142 1584 5189 et
1632 5137 1979 5204 praepositus
2021 5138 2143 5192 eccl.
2204 5138 2476 5208 81611961·-
2582 5141 2727 5193 biam
2763 5139 2976 5211 egregie
3013 5141 3351 5210 perstrinxit.
3391 5169 3448 5178 -
3505 5137 3728 5192 Videtur
3771 5153 3833 5193 eo
3879 5145 4113 5208 tempore
4147 5138 4399 5194 Basileoe
4433 5138 4525 5192 de-

522 5201 739 5254 ‹hensie
771 5203 967 5283 famae.
1040 5205 1381 5270 (Burmann
1456 5245 1467 5258 .
1502 5203 1651 5272 240.)
2578 5210 2737 5279 qieae,
2770 5211 2906 5280 quia
2945 5207 3113 5263 Curio
3147 5210 3290 5265 hone
3319 5207 3639 5276 Apoloqiam
3672 5208 3969 5262 correxisse
4000 5207 4217 5263 dieitur.
4288 5204 4378 5260 De
4417 5205 4524 5260 Ca-

736 5268 798 5332 5)
838 5271 1022 5324 Alme.-
1063 5271 1300 5342 Supplex
1334 5289 1400 5328 ea·
1585 5273 1641 5329 io
1673 5273 1751 5329 ad
1787 5271 2071 5329 Gaesarem
2108 5275 2258 5330 1543.
2337 5275 2478 5346 Opp.
2581 5280 2738 5334 rione
2781 5295 2830 5332 v.
2880 5277 2956 5333 N.
3008 5276 3144 5332 1884
3185 5293 3338 5348 quem
3383 5282 3563 5331 tomen
3611 5273 3941 5332 &umidum
3985 5278 4047 5331 in
4098 5274 4204 5330 ΖΒ.
4250 5275 4348 5342 fiir
4394 5275 4520 5330 hist.

534 5338 597 5392 T.
634 5338 727 5394 Vl.
2529 5349 2535 5378 ⁵
2595 5347 2767 5403 Theol.
2811 5346 2943 5402 1860
2972 5362 3027 5415 p.
3063 5345 3166 5400 608
3201 5345 3487 5412 defendere
3518 5351 3764 5401 conatur.
