4850 6200
533 412 663 477 8⁷5

538 600 751 665 ditum
810 599 895 664 D.
958 596 1428 664 Sanetandreae
1484 597 1733 663 malum
1788 596 2230 676 recruduerat,
2286 617 2493 680 quum

536 685 749 750 nostri
806 684 1075 750 absente
1139 684 1220 749 D.
1294 684 1613 749 Richardo
1633 688 1688 757 ²)
1745 683 2197 749 sanctissimae
2246 704 2493 747 memo-

540 772 697 848 riae,
759 770 940 835 nulla
990 772 1243 836 ratione
1300 769 1528 835 habita
1591 769 1698 836 vel
1761 769 2070 836 ecelesiae
2115 768 2219 834 vel
2265 769 2494 833 existi-

539 856 848 923 mationis
883 876 1060 933 suae,
1106 877 1325 922 coram
1362 855 1634 921 ecclesia
1676 855 1931 939 publice
1975 854 2378 940 presbyterio
2422 876 2493 919 se

539 943 1024 1009 abdicaverant.
1050 945 1105 1019 8)
1195 941 1640 1022 Quamobrem
1676 944 1882 1007 coacti
1927 942 2170 1006 fuimus
2215 962 2490 1007 consen-

539 1032 743 1094 tiente
765 1027 1036 1094 ecclesia
1058 1028 1368 1093 universa
1412 1028 1518 1093 die
1554 1049 1821 1110 precum
1862 1037 1929 1093 et
1974 1027 2203 1091 ieiunii
2248 1026 2493 1109 publici

543 1115 624 1180 de
664 1114 1093 1180 instaura-ndo
1117 1112 1523 1198 presbyterio
1560 1115 1864 1197 cogitare,
1902 1114 2099 1179 sicuti
2141 1114 2326 1179 novit
2361 1113 2493 1177 fra-

542 1215 647 1267 ter
694 1200 981 1284 optimus
1043 1199 1523 1266 Sanctandreas‘.
1612 1201 1704 1265 Et
1756 1222 1957 1282 quum
2015 1197 2261 1264 diutius
2306 1199 2493 1264 abes-

540 1296 643 1353 set
698 1288 782 1351 D.
845 1285 1228 1365 Richardu3‚
1284 1306 1405 1351 nos
1464 1296 1692 1352 contra
1747 1285 2147 1350 voluntatem
2201 1294 2494 1349 nostram

540 1372 747 1439 coacti
792 1373 1055 1451 fuimus,
1101 1374 1228 1437 nisi
1271 1372 1610 1438 ecelesiam
1647 1372 2079 1437 voluissemus
2135 1371 2235 1435 ire
2280 1370 2494 1453 perdi-

541 1471 706 1537 tum,
750 1459 818 1523 in
865 1459 1277 1524 institutione
1319 1458 1476 1522 novi
1533 1459 1923 1542 presbyterii
1967 1455 2287 1541 progredi.
2361 1456 2494 1521 Ita?-

543 1567 672 1628 que
735 1545 960 1628 populi
1015 1545 1345 1629 suffragiis
1403 1566 1518 1609 sex
1573 1545 1759 1609 nobis
1804 1543 2196 1627 delegimuS,
2252 1542 2491 1625 quibus

542 1630 627 1696 D.
677 1630 1043 1696 Richardus
1085 1630 1227 1713 ipse
1269 1651 1505 1696 manus
1527 1631 1836 1714 imposuit
1872 1631 2129 1713 publice
2171 1630 2239 1694 in
2287 1629 2491 1694 eccle-

542 1718 659 1795 sia,
727 1717 831 1781 die
898 1716 1225 1781 dominico
1291 1727 1637 1799 postquam
1705 1717 1833 1782 huc
1886 1716 1968 1780 ad
2014 1739 2134 1781 nos
2170 1714 2488 1781 rediisset.

540 1803 805 1869 Interea
846 1802 1074 1867 multis
1097 1803 1508 1868 contumeliis
1544 1811 1610 1868 et
1644 1803 1953 1868 conviciis
1989 1813 2301 1885 exceptus
2345 1823 2493 1867 sum

542 1910 582 1953 a
625 1891 888 1967 nostris,
926 1889 1036 1970 qui
1083 1910 1291 1971 neque
1315 1889 1395 1953 D.
1424 1888 1758 1967 RichardO,
1805 1890 1937 1952 imo
1974 1909 2058 1952 ne
2103 1888 2189 1952 D.
2214 1911 2255 1951 a
2291 1887 2493 1953 Lasco

543 1975 806 2057 quidem
871 1982 1167 2055 parcunt.
1258 1972 1395 2039 Sed
1439 1974 1586 2039 nolo
1625 1974 1818 2057 plura
1862 1974 1942 2039 de
1984 1975 2142 2055 ipsis
2186 1982 2303 2037 aut
2346 1992 2494 2037 mea

545 2082 742 2126 causa
793 2061 1096 2138 scribere,
1143 2082 1227 2125 ne
1271 2080 1465 2143 cogar
1510 2082 1620 2125 000
1665 2080 1971 2125 accusare
1996 2080 2275 2142 quorum
2317 2059 2492 2124 salu-

541 2155 676 2211 tem
730 2147 986 2228 cupiam
1043 2166 1188 2210 mea
1246 2148 1398 2223 vita,
1466 2148 1523 2211 si
1579 2146 1722 2211 fieri
1779 2156 2018 2228 posset,
2063 2144 2493 2228 redemptam.

543 2233 706 2298 Fuit
762 2232 925 2296 mihi
987 2238 1056 2295 et
1097 2232 1180 2296 D.
1222 2253 1262 2297 a
1303 2232 1502 2297 Lasco
1546 2242 1740 2315 atque
1785 2232 2147 2296 senioribus
2191 2231 2494 2296 omnibus

539 2318 734 2402 longe
798 2318 1278 2393 tristissimum,
1344 2318 1514 2400 quod
1569 2317 1666 2381 illi
1724 2318 1861 2383 suis
1921 2317 2331 2399 intemperiis
2375 2339 2495 2381 nos

540 2414 896 2487 coegerunt
948 2426 1088 2467 rem
1148 2402 1399 2468 deferre
1459 2404 1541 2467 ad
1592 2405 1676 2468 D.
1729 2403 2181 2487 Glawburyum
2234 2414 2494 2469 nostrae

541 2490 846 2556 ecclesiae
893 2500 1236 2572 patronum
1281 2491 1572 2556 unicum.

711 2577 873 2659 Ege,
919 2598 1117 2657 quum
1155 2575 1277 2640 has
1315 2576 1539 2641 turbas
1583 2576 1860 2654 intueor,
1907 2597 2116 2658 neque
2152 2597 2333 2658 spem
2379 2586 2494 2640 aut

541 2664 719 2727 viam
777 2661 1063 2744 aliquam
1113 2662 1659 2728 reconciliationis
1703 2662 2006 2726 invenire
2051 2682 2314 2744 possum
2361 2663 2492 2727 nisi

539 2769 646 2812 me
714 2746 979 2813 deiect0.
1004 2747 1061 2832 ⁴)
1149 2746 1362 2831 Saepe
1413 2748 1625 2831 cogito
1667 2746 1942 2812 fortasse
1986 2768 2122 2811 non
2157 2748 2489 2813 inconsul-

541 2845 684 2898 tum
744 2833 885 2898 fore
939 2835 995 2898 si
1050 2834 1309 2917 publice
1355 2835 1476 2898 toti
1521 2833 1834 2899 ecclesiae
1871 2835 2327 2916 significarem,
2376 2856 2492 2915 per

539 2941 647 2984 me
681 2920 878 2984 licere
918 2920 1120 2984 alium
1164 2920 1233 2983 in
1280 2941 1502 2984 meum
1544 2919 1758 2985 locum
1804 2919 1926 2983 sibi
1964 2919 2265 3003 deligere.
2353 2919 2490 2985 Sed

541 3005 627 3070 D.
684 3026 726 3069 a
785 3005 988 3070 Lasco
1033 3025 1164 3069 non
1211 3007 1476 3087 patitur.
1566 3006 1711 3088 Ego
1755 3026 1931 3083 ver0,
1980 3007 2075 3070 uti
2119 3005 2331 3071 iudico
2375 3005 2489 3071 ab·

541 3090 864 3159 dicatione
924 3091 1275 3157 ministerii
1320 3093 1550 3157 turbas
1593 3092 1757 3157 istas
1801 3092 1893 3157 010
1936 3094 2240 3174 componi
2277 3113 2487 3175 posse,

540 3178 637 3242 ita
692 3198 889 3260 quam
946 3177 1400 3243 lubentissime
1467 3179 1696 3255 fecere,
1742 3178 1800 3243 si
1845 3179 2217 3243 testimonio
2263 3186 2378 3244 tuo
2425 3178 2491 3243 id

540 3263 708 3328 mihi
752 3264 946 3328 licere
989 3272 1135 3327 tuta
1156 3265 1556 3329 conscientia
1593 3284 1997 3346 cognoscam.
2064 3265 2291 3347 Neque
2336 3266 2491 3332 hinc

539 3349 687 3415 ideo
729 3349 1148 3428 discederem,
1191 3352 1346 3431 quin
1393 3350 1475 3415 ad
1540 3352 1760 3414 010013
1801 3371 2222 3433 quaeeunque
2267 3361 2492 3433 postea

540 3435 708 3501 mihi
765 3435 1037 3501 ecclesia
1090 3436 1450 3518 imperaret
1491 3457 1750 3518 semper
1806 3436 2067 3501 futurus
2120 3457 2329 3502 essem
2375 3457 2489 3520 pa-

539 3522 927 3587 ratissimus.
1013 3520 1221 3586 Velim
1281 3533 1373 3602 ut,
1433 3544 1630 3606 quam
1684 3523 1974 3605 primum
2030 3523 2272 3605 possis,
2332 3523 2489 3605 quid

542 3608 625 3673 de
676 3628 753 3674 eo
796 3605 1042 3672 iudices
1100 3620 1166 3672 et
1218 3615 1473 3674 statuas
1530 3630 1612 3673 ex
1671 3608 1879 3673 literis
1923 3610 2055 3673 tuis
2103 3609 2487 3692 intelligam.

540 3693 745 3759 Nulla
796 3695 1041 3759 etenim
1099 3695 1312 3766 (testis
1369 3710 1468 3759 est
1513 3693 1677 3758 mihi
1721 3693 1935 3772 Deus)
1984 3695 2086 3761 vel
2134 3696 2491 3760 ambitione

539 3781 647 3844 vel
695 3780 973 3844 avaritia
995 3779 1434 3845 ministerium
1481 3782 1602 3844 hoc
1626 3782 1891 3856 retineo,
1939 3792 2054 3845 aut
2089 3784 2286 3846 etiam
2310 3783 2491 3865 prin-

542 3866 710 3948 cipio
745 3866 883 3940 inii,
922 3886 1120 3948 quum
1167 3887 1348 3931 meae
1372 3867 1678 3932 ecclesiae
1725 3866 2082 3948 hospitium
2133 3867 2239 3932 lu‘c
2282 3868 2489 3950 impe—

541 3960 839 4032 trassem,
877 3951 987 4016 sed
1025 3951 1166 4017 sola
1202 3952 1530 4035 religione.
1597 3952 1862 4034 Alioqui
1910 3975 2042 4017 0011
2077 3975 2257 4018 eram
2301 3955 2491 4034 igna-

540 4059 657 4102 rus
703 4059 867 4120 quae
907 4050 1403 4102 me-manerent
1445 4039 1795 4116 molestiae,
1842 4061 2043 4119 quum
2094 4053 2160 4104 et
2205 4039 2492 4105 Satanae

543 4124 672 4188 odii
719 4137 783 4187 et
818 4123 1286 4188 malevolorum
1330 4124 1612 4188 invidiae
1639 4147 1765 4188 non
1788 4146 1997 4189 essem
2033 4125 2164 4189 iam
2210 4123 2365 4190 inde
2410 4128 2491 4192 ab

544 4211 731 4274 initio
776 4211 1040 4275 10001110.
1095 4210 1240 4275 Ηο0
1286 4211 1340 4274 01
1386 4211 1505 4274 tibi
1547 4232 1764 4274 meum
1812 4212 2157 4275 consilium
2207 4234 2336 4276 non
2374 4213 2492 4276 im-

542 4296 938 4378 probabitur,
985 4318 1220 4378 sequar
1261 4296 1570 4379 quidquid
1617 4298 1918 4361 suaseris.
2002 4297 2123 4362 Sin
2171 4296 2346 4363 aliud
2388 4300 2489 4362 vi-

544 4382 820 4452 debitur.
859 4382 951 4445 uti
998 4380 1082 4445 D.
1130 4405 1169 4446 a
1219 4382 1433 4460 LaseO,
1474 4382 1675 4447 nolite
1719 4383 2006 4465 cogitare
2045 4405 2148 4448 me
2192 4383 2366 4448 velle
2402 4387 2487 4448 of·

543 4468 763 4533 ficium
823 4490 1038 4532 meum
1091 4468 1399 4533 ecclesiae
1435 4469 1685 4533 Christi
1730 4469 2072 4552 denegare.
2157 4471 2306 4535 Non
2352 4491 2491 4535 ma-

553 4626 946 4635 „—..—-——--—-—-

748 4725 806 4788 2)
859 4726 1173 4780 Valle-villica.

750 4797 808 4856 3)
853 4794 920 4847 ln
969 4798 1054 4848 bis
1102 4794 1350 4847 dimidiis
1397 4811 1508 4847 non
1557 4795 1744 4849 omnia
1792 4796 1950 4847 nobie
2002 4797 2297 4863 perspicua
2349 4802 2493 4850 eunt.

543 4866 759 4921 Luscus·
797 4863 901 4927 (N.
935 4861 1076 4917 2295
1111 4865 1244 4932 seq.)
1292 4863 1357 4917 de
1403 4863 1546 4917 odiis
1592 4865 1652 4916 in
1689 4862 1980 4917 Pallanum
2017 4869 2291 4917 conversis
2325 4864 2495 4933 loqui-

543 4940 650 4998 tur,
688 4950 859 4987 cansa
895 4951 1004 4986 non
1038 4933 1301 4987 indicata.
1377 4932 1506 4999 Ipse
1553 4934 1748 5000 culpae
1794 4941 2002 4999 partem
2042 4934 2151 4985 sibi
2183 4933 2495 4986 adscribere

545 5001 793 5065 debebat,
839 5003 954 5054 nisi
997 5004 1181 5056 omnia
1227 5017 1328 5055 nos
1370 5001 1592 5064 fallunt.
1686 5001 1767 5066 Cf.
1816 5005 1978 5054 etiam
2026 5000 2248 5054 Calvim'
2293 5018 2374 5069 ep.
2414 5000 2493 5055 N.

545 5069 700 5122 2363.
757 5070 1225 5205 fPresbyterorum
1272 5070 1548 5125 abdicatio
1584 5077 1634 5123 et
1668 5087 1812 5125 nova
1859 5072 2040 5124 electio
2084 5071 2311 5123 dissidii
2355 5087 2495 5139 sym-

586 5145 729 5194 toma
786 5140 882 5192 u'it.

538 5153 582 5208 P
751 5207 808 5272 4)
849 5208 1081 5262 Fatetur
1115 5223 1271 5260 suam
1299 5223 1598 5275 personam
1631 5209 1989 5277 praeeipuam
2024 5207 2336 5262 discordiae
2367 5224 2494 5262 eau-

547 5292 667 5331 sam
697 5275 875 5342 fuisse
910 5283 959 5330 et
997 5277 1168 5343 probe
1201 5278 1502 5330 notandum
1576 5295 1700 5331 uam
1734 5279 1968 5334 modeste
2006 5276 2253 5344 Calvino,
2290 5278 2497 5332 scilicet

546 5352 597 5399 et
631 5345 852 5399 aliunde
885 5345 1085 5412 edocto,
1121 5345 1187 5399 de
1220 5348 1503 5414 semetipso
1535 5295 1809 5416 {quatum

2050 405 2579 476 EPISTOLAE
2621 410 3048 473 2352-2353

4416 415 4532 478 876

2595 596 2679 663 lis
2737 595 2912 677 cedo,
2958 596 3073 662 sed
3116 596 3426 663 eeclesiae
3469 593 3720 683 eup[io]
3768 596 4165 677 consultum,
4211 598 4534 683 qualicun-

2596 704 2725 767 que
2783 702 2934 748 mea
2989 689 3110 748 aut
3164 683 3364 748 etiam
3408 681 3541 747 mei
3582 682 3850 747 iactura.
3932 684 4106 749 Amo
4148 683 4332 750 illam
4369 695 4434 751 et
4469 688 4538 754 in

2595 768 2759 834 meis
2819 767 3185 835 visceribus
3238 769 3371 834 iam
3430 766 3682 852 pridem
3741 776 3950 853 gesto.
4030 767 4176 836 Imo
4233 773 4535 857 mastigas

2595 874 2777 920 meos
2835 874 3001 932 amo,
3070 855 3126 921 si
3168 874 3298 937 qua
3341 854 3585 938 possim
3628 852 3895 919 illorum
3954 855 4152 921 saluti
4206 858 4534 927 inservire.

2593 941 2924 1006 Dominus
2988 940 3122 1005 illis
3178 951 3422 1023 parcat.
3512 940 3658 1023 Ego
3722 937 4000 1028 lu[bens]
4068 941 4201 1009 illis
4252 944 4538 1012 condono

2594 1025 2910 1109 quidquid
2966 1028 3036 1092 in
3093 1047 3200 1092 me
3257 1029 3746 1092 commiserunt.
3835 1027 3992 1092 Zelo
4038 1030 4254 1110 potius
4298 1029 4536 1114 impru-

2595 1112 2776 1177 denti
2801 1116 2854 1187 s)
2900 1134 3095 1195 quam
3140 1111 3432 1178 malitiae
3456 1112 3678 1177 omnia
3710 1112 3974 1178 illorum
4014 1114 4247 1180 tribuo.
4315 1116 4540 1200 Itaque

2594 1198 2754 1281 ipsis
2808 1198 3106 1264 nondum
3152 1199 3414 1264 irascor.
3507 1197 3585 1263 Si
3628 1198 3787 1281 quid
3831 1210 4014 1283 potes
4057 1199 4183 1267 hac
4225 1202 4299 1265 in
4341 1212 4537 1284 parte,

2594 1285 2693 1349 uti
2716 1284 3078 1457 pilulrimum
3101 1305 3295 1368 posse
3339 1285 3491 1364 scie,
3517 1284 3858 1351 ecclesiam
3902 1294 3971 1351 et
4004 1285 4151 1352 illos
4193 1287 4311 1352 tibi
4359 1286 4540 1376 [com-

2593 1391 2729 1437 men
2777 1391 2811 1435 o
2848 1421 2863 1435 .

2766 1456 3033 1522 Interea
3087 1456 3242 1522 dum
3301 1457 3396 1523 sic
3454 1457 3673 1522 omnia
3730 1456 4101 1537 turbantur,
4146 1458 4302 1525 fecce
4361 1460 4543 1542 quasi

2593 1562 2728 1607 non
2779 1543 2940 1608 satis
2995 1542 3084 1607 sit
3138 1542 3493 1617 molestiae,
3553 1542 3930 1608 carissimus
3974 1551 4170 1627 atque
4214 1546 4541 1611 sanctissi-

2592 1649 2744 1693 mus
2779 1628 2887 1694 ille
2931 1629 3136 1693 frater
3180 1638 3246 1694 et
3290 1637 3658 1714 symmysta
3702 1628 4080 1711 fidissimus,
4138 1629 4225 1696 D.
4274 1630 4542 1698 Richar-

2592 1715 2733 1791 ἀπε,
2790 1720 2883 1779 15.
2908 1724 3247 1798 postquam
3296 1716 3425 1781 huc
3468 1715 3828 1799 appulerat,
3873 1717 4069 1780 tertio
4113 1724 4336 1782 autem
4372 1728 4543 1800 post-

2593 1821 2796 1883 quam
2852 1811 3193 1885 aegrotare
3258 1810 3564 1885 coeperat
3630 1800 3733 1866 die
3791 1812 3952 1877 (non
3998 1802 4177 1867 enim
4219 1824 4423 1885 supra
4463 1808 4541 1867 47

2592 1887 2788 1952 110130
2817 1888 3207 1971 aegrotavit)
3246 1888 3451 1953 vitam
3492 1888 3658 1952 hauc
3704 1894 3971 1952 aeterna
4015 1900 4093 1952 ut
4135 1889 4413 1954 feliciter
4452 1890 4544 1954 ita

2592 1973 2791 2038 etiam
2836 1973 3031 2037 hilari
3077 1975 3296 2037 animo
3339 1974 3785 2039 commutavit.
3812 1977 3865 2051 θ)
3933 1973 4150 2055 Quam
4186 1996 4388 2059 grave
4412 1974 4545 2040 vul·

2593 2080 2719 2124 nus
2774 2079 2953 2124 mors
3009 2059 3184 2125 illius
3235 2058 3400 2123 mihi
3459 2060 3779 2124 inflixerit
3820 2080 3956 2124 non
4000 2069 4099 2125 est
4140 2061 4332 2126 facile
4376 2062 4545 2144 cogi-

2594 2153 2755 2209 tare.
2824 2144 3032 2210 Doleo
3078 2147 3291 2211 vicem
3336 2166 3567 2223 meam,
3608 2144 3792 2210 doleo
3828 2146 4041 2230 magis
4064 2147 4378 2213 ecclesiae
4411 2168 4546 2214 001-

2595 2240 2745 2295 tem.
2836 2229 2972 2296 Sed
3016 2231 3276 2313 quando
3327 2231 3422 2297 ita
3466 2232 3751 2297 Domino
3795 2233 4006 2296 visum
4052 2244 4152 2297 est
4194 2255 4305 2298 me
4349 2233 4549 2299 eruci·

2595 2316 2718 2381 bus
2763 2337 3057 2394 onerare,
3104 2320 3221 2382 fiat
3263 2316 3444 2383 illius
3469 2317 3792 2383 voluntaS.
3859 2318 4039 2382 Iram
4083 2318 4358 2385 Domini
4403 2340 4547 2403 por-

2597 2402 2763 2467 tab0.
2844 2402 3052 2468 Dabit
3115 2402 3221 2469 his
3286 2403 3555 2468 tandem
3621 2403 3869 2469 laetum
3934 2404 4218 2487 aliquem
4277 2407 4547 2482 exitum,

2596 2510 2806 2571 neque
2875 2510 2981 2554 me
3050 2490 3401 2555 frustrabit
3462 2511 3699 2554 corona
3752 2489 3997 2573 gloriae
4034 2512 4233 2571 quum
4279 2512 4550 2557 cursum

2595 2595 3149 2641 consummavere.
3231 2576 3411 2641 Lucs
3456 2577 3584 2640 ista
3628 2575 3793 2640 nihil
3848 2577 4147 2656 remittit,
4185 2579 4343 2659 quia
4385 2576 4551 2641 nihil

2596 2658 2676 2727 de
2737 2662 3020 2745 peccatis
3090 2662 3508 2726 remittimus.
3590 2660 3796 2728 Orate
3863 2684 4087 2727 omnes
4152 2663 4416 2745 publice
4485 2670 4550 2727 et

2594 2748 2907 2831 privatim
2964 2768 3083 2830 pro
3139 2749 3345 2814 nobis.
3435 2749 3578 2831 Ego
3635 2769 3741 2813 me
3802 2749 3987 2813 vobis
4030 2749 4443 2828 commendo,
4478 2770 4551 2815 30

2594 2833 2715 2899 tibi
2761 2834 2958 2898 etiam
3004 2835 3311 2917 privatim
3360 2844 3571 2897 totum
3616 2835 3972 2905 committe.

2767 2919 3082 2985 Proximo
3125 2921 3495 3002 insequenti
3541 2919 3859 2985 dominico
3905 2920 4026 2995 die,
4072 2922 4412 3005 suffragiis
4448 2942 4553 3003 po-

2594 3005 2736 3088 puli
2778 3027 2983 3089 quum
3029 3008 3344 3089 propositi
3398 3020 3620 3071 essent
3663 3005 3747 3070 D.
3794 3006 3897 3072 Jo.
3949 3007 4315 3072 Gai-uerius
4358 3019 4427 3072 et
4470 3008 4548 3072 D.

2595 3092 2994 3159 Franciscus
3057 3093 3380 3171 Riverius‘,
3404 3096 3458 3172 ⁷)
3517 3093 3762 3158 electus
3820 3092 3927 3160 hie
3972 3092 4099 3158 fuit
4142 3094 4211 3157 in
4258 3092 4553 3160 defuncti

2595 3179 2842 3244 locum:
2889 3177 3098 3262 adque
3140 3179 3330 3244 illum
3356 3179 3722 3244 vocandum
3767 3180 4007 3244 missus
4042 3191 4141 3244 est
4185 3202 4221 3244 e
4259 3180 4554 3245 diaconis

2594 3265 2841 3330 nostris
2884 3286 3078 3344 unus,
3122 3266 3518 3331 Franciscus
3555 3266 3644 3329 Le
3685 3264 3913 3347 Clercq,
3958 3266 4057 3328 uti
4102 3267 4393 3331 arbitror
4442 3266 4555 3330 tibi

2593 3371 2730 3415 non
2772 3351 3057 3433 ignotus.
3138 3351 3349 3433 Spero
3394 3373 3500 3415 me
3545 3351 3654 3416 illo
3700 3372 3886 3432 posse
3920 3352 4017 3415 uti
4061 3361 4383 3434 tanquam
4425 3353 4555 3417 fra-

2593 3443 2715 3500 tre.
2806 3435 2884 3500 Si
2941 3436 3035 3501 sic
3092 3436 3211 3501 tibi
3269 3435 3620 3515 videbitur,
3657 3438 3900 3520 poteris
3944 3458 4079 3501 non
4124 3459 4365 3521 parum
4401 3459 4555 3504 con-

2592 3519 2879 3587 cordiam
2919 3531 3211 3588 nostram
3269 3524 3491 3588 iuvare
3536 3524 3992 3589 communibus
4038 3523 4371 3607 aliquibus
4407 3523 4555 3589 lite-

2592 3609 2684 3672 ris
2730 3616 2846 3672 aut
2886 3607 3172 3690 privatis.
3243 3610 3387 3692 Ego
3422 3631 3562 3673 rem
3607 3619 3816 3674 totam
3862 3611 4007 3675 Deo
4050 3611 4417 3690 committe,
4449 3610 4554 3675 cui

2593 3695 2712 3757 uni
2746 3696 2981 3772 servin,
3027 3717 3158 3759 non
3197 3693 3587 3760 hominibus.
3659 3694 3917 3775 Quibus
3962 3717 4047 3760 ne
4070 3718 4370 3778 unquam
4414 3696 4556 3781 pla·

2593 3801 2739 3847 cere
2783 3779 3078 3845 studeam
3125 3781 3237 3845 det
3279 3781 3446 3845 mihi
3487 3781 3676 3847 Iesus
3733 3781 4056 3847 Christus.

2766 3867 2955 3950 Rogo
2998 3866 3165 3931 mihi
3207 3866 3531 3933 condones
3587 3867 3759 3950 quod
3815 3869 3909 3934 sic
3954 3879 4167 3933 tecum
4214 3868 4556 3934 incondite

2594 3952 2900 4036 garriam.
2980 3953 3198 4017 Etiam
3268 3952 3444 4035 apud
3513 3962 3576 4018 te
3632 3953 3863 4019 lubens
3913 3973 4307 4037 peccassem,
4355 3977 4397 4020 a
4432 3975 4556 4038 000

2593 4060 2853 4122 semper
2909 4049 3214 4119 exspecto
3266 4049 3607 4120 paternam
3673 4040 4148 4106 correctionem
4211 4051 4285 4106 et
4329 4039 4556 4107 admo-

2592 4126 2929 4189 nitionem.
3006 4125 3152 4188 Non
3212 4125 3364 4190 licet
3413 4125 3574 4190 haec
3617 4135 3888 4191 exarata
3931 4126 4253 4210 relegere:
4319 4128 4418 4193 ita
4467 4124 4560 4191 di-

2595 4212 2882 4294 stringor
2949 4212 3126 4276 curis
3190 4222 3254 4274 et
3319 4213 3619 4295 negotiis.
3698 4211 3876 4293 Quia
3939 4233 4176 4296 parum
4222 4213 4556 4279 habebam

2800 4449 2860 4516 5)
2906 4450 3120 4504 Causae
3154 4458 3334 4506 tamen
3362 4451 3552 4506 variae
3585 4453 3758 4513 fuisse
3792 4452 4060 4507 videntur.
4119 4451 4324 4508 Saltem
4344 4454 4559 4509 concio-

2594 4525 2814 4573 natores
2865 4520 3143 4574 lutherani
3192 4523 3253 4574 in
3304 4537 3409 4574 sua
3460 4523 3721 4575 relatione
3763 4538 3815 4575 a.
3868 4520 3998 4576 1563
4049 4525 4372 4590 conscripta
4426 4523 4560 4578 haee

2595 4590 2819 4643 habent.-
2868 4589 3209 4642 Valerandus
3255 4592 3329 4643 ist
3372 4590 3543 4643 durch
3588 4590 3715 4644 raht
3757 4591 3969 4646 Calvini
4018 4604 4139 4644 vom
4188 4592 4559 4662 Predigampt

2595 4658 2872 4726 abgesetzt
2907 4659 3147 4726 worden,
3182 4659 3409 4712 darumb
3446 4676 3505 4712 er
3539 4659 3775 4713 darnach
3810 4660 3891 4713 bis
3927 4678 3994 4712 an
4033 4662 4147 4714 sein
4184 4661 4296 4713 end
4325 4661 4558 4715 Calvino

2595 4726 2749 4778 desto
2802 4727 3012 4780 seinder
3069 4745 3331 4796 gewesen.
3407 4728 3703 4782 Gleichwol
3756 4729 3932 4782 haben
3989 4730 4090 4780 wir
4141 4729 4283 4782 nach
4340 4729 4558 4784 Calvini

2596 4795 2852 4847 abscheid
2902 4813 3009 4849 von
3058 4798 3289 4850 etlichen
3328 4814 3623 4850 vernemen
3658 4799 3783 4850 dass
3822 4797 4164 4850 Valerandus
4201 4815 4356 4852 were
4394 4814 4557 4867 ange-

2596 4866 2747 4932 klagt
2787 4865 3006 4918 worden
3051 4866 3132 4917 als
3180 4865 3330 4918 hetto
3378 4884 3438 4919 er
3483 4867 3582 4919 mit
3630 4867 3752 4919 dem
3799 4868 4083 4934 gemeinen
4119 4867 4409 4921 Allmosen
4446 4866 4558 4921 und

2595 4934 2697 4986 mit
2744 4933 2971 4988 etlicher
3016 4935 3197 4987 001001·
3232 4935 3373 4987 Lcut
3418 4935 3713 5006 hauszzins,
3759 4935 3934 4988 denen
3978 4951 4039 4988 er
4073 4934 4162 4988 die
4200 4936 4429 4990 Heuser
4464 4938 4557 4990 be-

2596 5002 2767 5138 eitzllt,
2806 5003 3138 5138 ἶὲξωπϋοὴ
3190 5004 3494 5073 gehandelt.
3585 5003 3779 5070 (Frkf.
3823 5003 3941 5060 Rez.
3998 5004 4209 5059 Hamil.
4254 5004 4351 5060 11.
4410 5004 4556 5061 Bet'l·

2801 5141 2861 5204 6)
2900 5141 3059 5195 Peste
3091 5142 3386 5195 exstinctus
3458 5157 3559 5195 uae
3591 5147 3718 5196 tunc
3749 5142 4130 5210 grassabatur.

2803 5209 2858 5277 ⁷)
2901 5210 3207 5264 Perucellus
3242 5215 3370 5263 tunc
3445 5212 3726 5265 esaliensis
3775 5213 3873 5280 qui
3905 5217 4087 5267 tamen
4121 5211 4413 5266 vocationi
4445 5226 4561 5266 non

2596 5279 2991 5346 obtemperavit.
3068 5279 3150 5344 cf.
3182 5278 3402 5332 Rima·
3434 5280 3557 5337 hist.
3594 5280 3660 5334 ae
3702 5253 3873 5335 vesal.
3906 5282 4029 5341 ωσι.
4067 5280 4461 5349 dissipatione,
4497 5281 4561 5334 in

2598 5346 2766 5413 Frkf.
2809 5348 2927 5402 Rel.
2964 5347 3175 5403 Hamil.
3211 5348 3257 5400 Ι.
3296 5345 3398 5400 278
3432 5363 3506 5402 ss.
3698 5394 3701 5396 ,
