4850 6200
356 392 469 456 ³3⁷

354 585 652 672 promptu
693 584 798 644 est
837 578 1193 661 responsio,
1238 577 1481 644 multos
1522 598 1668 644 esse
1707 577 1784 643 in
1824 575 2122 644 Saxonia
2154 594 2289 640 non

355 670 565 738 minus
609 662 1019 731 turbulentos
1059 683 1256 747 quam
1301 683 1552 731 crassos
1595 664 1914 739 homines,
1969 660 2090 727 tibi
2132 660 2291 727 satis

356 773 489 823 esse
543 751 602 817 si
660 770 812 816 cum
869 748 1168 833 Philippo
1236 755 1304 814 et
1359 750 1682 816 similibus
1745 749 2014 815 sentias.
2117 746 2292 813 Nam

353 844 454 910 hic
503 835 661 903 licet
725 835 957 902 timide
1025 841 1311 900 mentem
1382 856 1569 901 suam
1638 834 1919 903 occultet
1936 886 1951 912 ,
2024 853 2293 917 prorsus

353 938 568 994 tamen
627 930 854 988 noster
909 928 1037 987 est:
1104 919 1372 1003 pudebit
1394 972 1409 1000 ,
1477 923 1707 1005 opinor
1723 973 1740 1000 ,
1808 941 1920 987 eos
1998 920 2112 1003 qui
2173 917 2295 984 tibi

352 1009 608 1081 molesti
651 1020 810 1073 sunt
866 1008 1142 1073 ulterius
1194 1008 1499 1083 iactare“,
1558 1022 1680 1074 etc.
1806 1004 2167 1073 Consilium
2229 1012 2296 1069 et

353 1096 666 1167 iudicium
734 1095 815 1159 D.
889 1091 1140 1159 Calvisi
1209 1112 1337 1160 nou
1413 1105 1790 1171 contemno,
1857 1093 1992 1158 imo
2072 1091 2294 1176 magni

353 1185 530 1251 facio.
643 1182 737 1246 At
796 1201 998 1263 quum
1061 1180 1132 1243 in
1197 1200 1309 1244 ore
1374 1179 1657 1246 duorum
1720 1179 1828 1244 vel
1890 1178 2097 1244 trium
2162 1184 2297 1242 stat

355 1288 544 1337 omne
628 1265 900 1331 verbum
920 1316 936 1340 ,
1002 1272 1200 1349 atque
1275 1266 1472 1331 istam
1541 1274 1829 1331 vestram
1904 1263 2296 1348 Tigurinum

354 1354 690 1423 ecclesiam
755 1371 1013 1434 semper
1066 1350 1335 1434 plurimi
1400 1351 1557 1429 feci,
1622 1361 1813 1417 tuum
1878 1368 2133 1435 quoque
2192 1349 2296 1413 in-

351 1440 600 1528 primis,
645 1437 881 1503 deindo
924 1436 1215 1501 omnium
1262 1446 1528 1503 tuorum
1564 1458 1779 1522 symm
1833 1445 2084 1502 starum
2127 1433 2296 1500 iudi-

354 1531 521 1594 cium
566 1531 638 1590 et
670 1522 1012 1590 consilium
1036 1532 1184 1605 peto
1225 1522 1296 1588 in
1327 1523 1452 1589 hac
1496 1532 1698 1608 parte,
1743 1523 1768 1587 i
1813 1542 1941 1606 que
1977 1541 2108 1587 non
2152 1541 2298 1585 meo

353 1620 613 1681 tantum
655 1609 772 1676 sed
815 1609 1112 1674 omnium
1156 1619 1456 1675 nostrum
1511 1609 1792 1687 nomine,
1853 1627 2064 1691 neque
2120 1606 2296 1673 enim

353 1698 609 1766 minimi
655 1694 961 1779 ponderis
1017 1695 1146 1760 erit
1203 1694 1378 1779 apud
1437 1715 1559 1761 nos
1613 1704 1910 1760 vestrum
1963 1692 2295 1769 iudicium,

355 1805 557 1870 quum
612 1802 745 1847 non
789 1779 1166 1847 dubitamus
1211 1803 1328 1847 vos
1381 1781 1491 1866 agi
1531 1781 1770 1865 spiritu
1824 1779 1970 1845 Dei.
2070 1778 2299 1861 Itaque

353 1893 468 1956 per
513 1866 797 1935 eundem
840 1866 1163 1950 spiritum,
1209 1867 1320 1950 qui
1366 1868 1711 1933 coniunxit
1756 1887 1893 1945 nos,
1941 1872 2137 1948 atque
2180 1885 2299 1947 per

353 1968 761 2024 servatorem
827 1961 1124 2018 nostrum
1183 1952 1407 2018 Iesum
1474 1951 1818 2020 Christum
1861 1970 2167 2034 rogamus
2221 1958 2300 2014 ut

353 2039 716 2126 dignemini
759 2038 947 2104 nobis
990 2038 1357 2122 significare
1414 2048 1711 2105 vestrum
1775 2037 2093 2103 iudicium
2111 2085 2127 2111 ,
2187 2035 2299 2118 qui

353 2128 534 2195 vobis
558 2124 867 2211 probetur
892 2124 1221 2208 praedicta
1239 2124 1573 2202 confessio,
1619 2126 2012 2209 Augustana
2034 2120 2297 2198 scilicet,

352 2225 542 2298 atque
634 2210 744 2276 uid
791 2209 978 2276 nobis
1021 2210 1108 2275 sit
1152 2209 1482 2294 agendum
1526 2210 1597 2275 in
1643 2210 1768 2276 hac
1813 2219 2019 2294 parte,
2062 2227 2298 2274 consu-

350 2300 502 2375 lere,
549 2299 574 2362 i
620 2319 744 2380 que
794 2316 993 2380 quam
1046 2296 1384 2363 celerrime
1435 2298 1578 2361 fieri
1637 2297 1906 2379 poterit,
1965 2315 2093 2378 quo
2145 2292 2302 2357 huic

349 2394 614 2451 nostrae
637 2383 914 2448 afflictae
937 2382 1247 2448 ecclesiae
1290 2381 1541 2448 labenti
1583 2383 1651 2448 in
1698 2389 1990 2465 tempore
2035 2400 2298 2446 succur-

349 2479 534 2537 ratur
593 2491 668 2536 ac
711 2467 1071 2546 medeatur,
1131 2469 1353 2551 sicque
1409 2470 1541 2547 fiet,
1598 2474 1673 2533 ut
1724 2487 1844 2533 nos
1905 2465 2084 2533 vobis
2140 2465 2300 2530 satis

351 2557 690 2623 devinctos
749 2554 1183 2620 devinctiores
1235 2553 1539 2620 reddatis.
1640 2553 1910 2633 Valete,
1982 2560 2297 2636 perpetuo

348 2643 588 2708 felices.
649 2639 875 2716 Orate,
920 2661 1178 2723 quaeso,
1222 2661 1341 2723 pro
1383 2640 1830 2706 incolumitate
1855 2639 2052 2704 huius
2096 2636 2298 2703 eccle-

350 2730 512 2796 siae:
563 2748 686 2793 nos
745 2746 1002 2809 quoque
1048 2727 1336 2792 vicissim
1393 2747 1509 2809 pro
1552 2724 1736 2791 vobis
1792 2724 2095 2790 omnibus
2152 2743 2298 2788 ora-

349 2815 579 2880 bimus.
672 2813 1001 2878 Dominus
1043 2810 1228 2878 Deus
1274 2821 1339 2877 te
1375 2833 1508 2877 una
1550 2832 1696 2878 cum
1745 2811 1875 2876 tuis
1918 2808 2297 2894 symmystis

350 2897 654 2965 omnibus
700 2898 812 2963 diu
876 2897 1271 2964 incolumem
1338 2898 1646 2963 ecclesiae
1710 2918 1867 2962 suae
1931 2904 2151 2961 servet
2214 2892 2298 2958 ad

347 2985 608 3051 laudem
671 2996 740 3050 et
782 2983 1057 3069 gloriam
1098 2984 1492 3050 sanctissimi
1537 2982 1822 3049 nominis
1864 2983 1982 3048 sui.
2059 2982 2293 3046 Amen.

349 3072 757 3157 Argentinae
814 3074 887 3135 10
931 3070 1314 3138 Decembris
1367 3073 1546 3135 1554.

1294 3208 1476 3273 Tuus
1521 3206 1618 3273 tui
1660 3205 2171 3273 studiosissimus

1381 3310 1661 3377 Ioannes
1708 3310 2090 3376 Garnerius.

1123 3605 1529 3614 μ

1231 3804 1431 3876 2059.

341 3960 735 4030 KNOXUS
795 3962 913 4027 ET
981 3958 1797 4028 WHITTINGHAMUS
1857 3958 2292 4026 GALVINO.

513 4134 851 4200 Enarrant
948 4134 1220 4215 formam
1305 4133 1836 4199 caeremoniarm
1928 4134 2144 4216 qualis
2222 4135 2291 4200 in

339 4220 497 4289 libro
541 4220 901 4305 Anylorum
938 4219 1226 4303 lituryioo
1256 4220 1654 4302 praescripta
1707 4225 1812 4298 eet,
1870 4220 2102 4286 seilicet
2153 4239 2295 4285 eam

340 4312 412 4373 d
439 4308 839 4390 papisticam
870 4308 1377 4390 perstrinqmes.

344 4493 626 4560 (Genera
661 4496 718 4548 in
754 4492 1098 4548 Bibliotheca
1141 4493 1313 4547 civica
1346 4494 1595 4563 exposita
1641 4499 1726 4547 est
1760 4495 1861 4547 sub
1909 4495 2070 4549 vitro.
2157 4493 2291 4549 Sub·

845 4564 1167 4633 scriptiones
1203 4562 1571 4633 autographae
1606 4567 1778 4628 sunt.)

342 4732 627 4803 Summa
701 4735 944 4819 pietate
1000 4756 1076 4800 ac
1134 4733 1500 4800 eruditione
1559 4734 1920 4818 praestanti
1986 4734 2130 4800 viro
2204 4733 2290 4799 D.

579 4820 814 4887 Ioanni
862 4819 1138 4886 Calvino
1182 4818 1488 4906 theologo
1531 4820 2066 4903 praeclarissimo.

1792 4922 2119 4990 Genevae.

518 5112 742 5196 Quum
789 5123 927 5180 tam
973 5113 1176 5180 variis
1220 5134 1295 5180 ac
1337 5111 1708 5197 multiiugis
1762 5110 2292 5194 occupationibus

341 5200 659 5280 obrueris,
707 5199 1060 5267 lectissime
1079 5201 1200 5278 vir,
1247 5220 1408 5284 quas
1430 5198 1730 5264 homines
1762 5199 2001 5282 partim
2046 5197 2289 5282 singuli

341 5287 591 5374 partim
624 5285 1080 5353 universitatis
1115 5284 1511 5353 christianae
1545 5305 1739 5352 causa
1768 5284 1884 5350 tibi
1920 5284 2286 5368 imponunt,

556 5384 779 5444 odoini
806 5403 993 5458 opera.
1079 5388 1190 5444 Vol.
1226 5386 1356 5444 XV.

1977 438 1982 447 ‚
2026 390 2188 452 1564
2232 384 2643 455 DEOEMB.

4222 391 4356 458 338

2393 595 2529 641 non
2571 574 2903 642 immerito
2947 574 3276 641 mirantur
3335 596 3564 642 omnes
3620 582 3686 641 te
3740 597 3948 642 unum
4006 596 4197 660 posse
4252 584 4363 644 tot

2394 670 2661 760 tamque
2735 658 3088 744 praeclaris
3166 662 3591 728 monimentis
3672 682 3909 728 vacare
3987 684 4154 746 quae
4234 670 4361 731 tuo

2391 766 2658 813 nomme
2700 745 3002 825 eduntur,
3065 768 3357 831 quaeque
3402 746 3581 813 edita
3637 760 3808 813 sunt.
3910 748 4018 814 Ex
4072 769 4358 833 quorum

2392 853 2670 899 numero
2727 852 2927 916 quum
2989 852 3111 917 ego
3171 853 3277 898 me
3345 853 3488 899 esse
3551 834 3890 916 profiteor,
3949 834 4123 899 haud
4199 856 4353 902 raro

2394 918 2658 1002 quidem
2751 938 2975 983 eorum
3077 918 3484 1002 reprehendo
3564 919 4125 1002 importunitatem
4146 968 4162 995 ,
4238 923 4355 1006 qui

2398 1006 2691 1089 privatas
2747 1004 3042 1087 publicis,
3102 1002 3492 1070 domesticas
3546 1006 3834 1070 rationes
3899 1007 4349 1074 communibus

2398 1099 2843 1175 anteponunt,
2909 1110 3146 1172 parum
3202 1091 3461 1156 interea
3526 1090 4124 1156 animadvertentes
4192 1091 4352 1158 dum
4448 1104 4451 1109 “

2397 1177 2520 1242 sibi
2578 1177 2854 1260 quisque
2907 1176 3288 1243 satisfacere
3347 1176 3550 1260 cupit,
3609 1186 3930 1261 quantum
3985 1177 4350 1261 impediant

2400 1263 2695 1328 omnium
2738 1262 3110 1328 utilitatem.
3212 1262 3360 1328 Hac
3402 1283 3562 1345 ergo
3607 1283 3798 1345 saepe
3842 1262 4095 1328 ratione
4138 1261 4352 1329 deter-

2399 1350 2583 1426 ritus,
2621 1346 2801 1413 haud
2838 1357 3105 1424 temere,
3152 1369 3363 1431 neque
3387 1346 3650 1432 quidvis
3694 1347 3777 1413 ad
3822 1356 3886 1412 te
3931 1347 4350 1414 scribendum

2398 1434 2646 1518 putavi,
2693 1454 2773 1498 ne
2814 1453 3013 1516 quam
3057 1433 3203 1499 aliis
3259 1434 3516 1518 culpam
3564 1433 3753 1500 amici
3797 1433 3936 1498 fere
3979 1433 4076 1498 tui
4128 1455 4354 1501 omnes

2400 1520 2850 1604 impingimus,
2894 1518 3063 1584 mihi
3104 1520 3246 1602 ipse
3282 1520 3684 1586 asciscerem.
3739 1519 3932 1585 Nunc
3953 1541 4108 1585 vero
4152 1541 4357 1603 quum

2400 1626 2508 1672 res
2588 1606 2675 1671 sit
2745 1605 2963 1671 oblata
3017 1604 3369 1684 eiusmodi,
3431 1626 3599 1688 quae
3654 1614 3722 1671 et
3778 1614 4002 1670 nostra
4060 1607 4356 1671 omnium

2399 1692 2643 1757 mirum
2686 1691 2757 1755 in
2800 1690 3066 1757 modum
3102 1691 3368 1756 intersit
3407 1690 3577 1756 etad
3624 1690 3946 1774 publicam
3984 1691 4356 1775 tranquilli·

2401 1788 2607 1842 tatem
2667 1777 3010 1861 permagni
3072 1777 3341 1851 referat,
3421 1776 3687 1842 subacto
3767 1786 3881 1843 tuo
3944 1777 4209 1861 ingenio
4279 1797 4356 1843 ac

2398 1863 2629 1929 limato
2672 1861 2910 1929 iudicio
2950 1862 3325 1946 ponderari,
3385 1884 3512 1927 non
3558 1862 3743 1948 potui
3798 1861 4040 1944 absque
4098 1884 4357 1929 summo

2400 1949 2650 2033 flagitio
2720 1948 2997 2015 reticere
3068 1947 3238 2033 quod
3315 1947 3554 2032 alioqui
3621 1947 3958 2033 scripsisse
4021 1969 4155 2013 non
4216 1958 4358 2013 tam

2398 2035 2634 2100 fuisset
2676 2036 3135 2103 necessarium.
3170 2040 3215 2113 ¹)

2403 2341 2592 2397 2059.
2623 2344 2678 2409 1)
2724 2341 2793 2398 Ut
2830 2343 3110 2413 sequentia
3132 2342 3324 2396 melius
3358 2341 3629 2409 intelligas
3663 2342 3790 2396 ubet
3822 2339 4091 2395 nonnulla
4126 2356 4192 2395 ec
4226 2340 4361 2395 aliis

2398 2413 2647 2478 fontibus
2692 2413 2911 2467 collecta
2955 2411 3170 2479 afferre.
3245 2411 3317 2476 (A
3365 2410 3531 2463 brieff
3569 2410 3814 2464 discours
3849 2410 3929 2461 off
3967 2409 4063 2462 the
4108 2409 4355 2465 troubles

2402 2482 2650 2550 begonne
2696 2490 2755 2534 at
2802 2479 3131 2533 Franckford
3185 2480 3240 2532 in
3289 2478 3561 2543 Germany
3606 2496 3652 2531 a.
3692 2479 3757 2532 D.
3806 2476 3943 2532 1554
3991 2479 4206 2533 sbowte
4258 2478 4355 2531 the

2401 2550 2588 2604 Booke
2632 2550 2711 2603 off
2749 2565 2994 2603 common
3040 2565 3243 2619 prayer
3277 2556 3379 2602 etc.
3421 2545 3570 2602 1575.
3615 2563 3863 2602 recusum
3900 2545 4080 2601 Laud.
4118 2545 4269 2600 1846.
4304 2544 4355 2600 8.

2403 2634 2433 2672 e
2504 2634 2573 2673 uo
2608 2618 2876 2672 nonnulla
2909 2633 3065 2671 επεν
3105 2625 3163 2671 ta
3196 2617 3336 2684 leyen
3366 2616 3429 2672 in
3450 2614 3671 2670 Knemis·
3691 2615 3827 2684 Ορμ.
3864 2615 3944 2669 ed.
3968 2615 4170 2684 Lainq.
4210 2614 4358 2669 Tam.

2401 2687 2426 2741 1
2490 2686 2755 2769 ..Εάἑηὰ
2810 2684 2956 2740 1855.
3019 2634 3102 2752 ΟΞ
3150 2684 3392 2746 M’Gn'e,
3450 2684 3537 2738 the
3583 2684 3678 2750 life
3711 2684 3779 2750 ot*
3804 2682 3863 2737 J.
3900 2682 4087 2738 Knoae.
4162 2683 4271 2736 Ed.
4308 2681 4362 2736 Β.

2403 2754 2611 2809 Edant.
2649 2753 2801 2809 1814.
2836 2756 2881 2809 I.
2923 2752 3021 2808 143
3056 2769 3113 2807 se
3148 2771 3200 2823 q.
3236 2760 3287 2809 et
3326 2753 3392 2807 F.
3413 2753 3686 2817 Bromios,
3723 2751 3780 2806 J.
3808 2750 3995 2815 Knoae,
4034 2751 4184 2817 Rbf.
4211 2749 4359 2818 1862,

2398 2844 2455 2894 p.
2497 2823 2598 2878 109
2634 2830 2759 2895 eq).
2795 2852 2863 2865 --
2902 2822 3013 2877 Die
3063 2821 3097 2875 2
3137 2864 3149 2877 .
3200 2821 3362 2877 Iunii
3396 2820 3530 2875 1554
3589 2819 4055 2886 Ramosurdiam
4096 2825 4363 2875 venerunt

2402 2893 2560 2947 Edm.
2594 2894 2807 2959 Sutton‚
2857 2891 2939 2946 W.
2978 2891 3258 2958 Williams,
3309 2891 3392 2946 W.
3429 2890 3825 2959 whittingham
3872 2889 3978 2943 and
4013 2889 4144 2943 Tho.
4181 2888 4359 2943 Wood

2404 2962 2540 3015 with
2574 2962 2720 3015 their
2754 2961 3080 3032 companies,
3100 2960 3401 3030 Astylon-um
3414 2960 3591 3028 primi
3604 2960 3703 3029 qui
3732 2959 3815 3013 ibi
3827 2963 4165 3012 mansenmt.
4212 2957 4359 3012 Ante

2400 3046 2493 3085 eos
2534 3031 2833 3085 adamat
2883 3029 3149 3084 Pallasne
3193 3045 3316 3085 eum
3360 3030 3478 3083 ωδε
3522 3027 3800 3082 exsulibus
3834 3024 4016 3081 Gallis
4061 3030 4152 3081 cui
4194 3028 4358 3081 etiam

2401 3100 2653 3168 templum
2689 3115 2995 3156 concessum
3027 3100 3228 3166 fuerat.
3302 3096 3567 3152 Eiusdem
3612 3096 3796 3166 templi
3838 3111 3974 3150 usas
4009 3094 4207 3165 Anatis
4236 3110 4359 3164 per-

2399 3170 2606 3223 missus
2656 3169 2838 3237 (prid.
2897 3168 3037 3222 Idus
3089 3166 3254 3231 Iulii)
3308 3168 3449 3235 ipsis
3500 3165 3682 3221 Gallis
3736 3164 4203 3231 intercedentibus,
4255 3164 4361 3219 hac

2400 3244 2581 3294 tamen
2626 3239 2736 3308 leqe
2776 3245 2838 3292 ut
2881 3238 3076 3292 horum
3119 3237 3403 3291 doctrinas
3437 3242 3487 3290 et
3520 3237 3873 3290 caeremoniis
3906 3248 4020 3288 sess
4052 3231 4357 3299 conforma·

2397 3309 2725 3429 ἨἪΘἚ
2768 3307 2898 3430 {¹²⁰5
2944 3305 3135 3388 ‘³¹¹¹²¹‘¹⁰
3168 3305 3411 3428 teget,
3448 3304 3722 3427 'tm
3742 3303 3989 3427 οὲῗιῖὶέἷὲἒ
4002 3301 4357 3438 0βῖνὲἶῖῗὲ

2464 3391 2512 3430 ιε
2616 3416 2629 3429 .
2801 3415 2813 3430 .
2853 3390 3165 3441 emmeram
3286 3389 3434 3428 noro

2397 3446 2558 3499 canti
2603 3392 2910 3508 (Maiam)
2946 3446 3071 3497 item
3115 3441 3384 3496 Haddom‘
3425 3447 3476 3495 et
3524 3441 3752 3502 Levero,
3798 3440 3962 3493 alteri
4003 3437 4362 3509 Aryentoratt‘

2398 3514 2562 3597 alteri
2614 3512 2805 3567 illan-ici
2846 3511 3084 3581 timenti,
3138 3525 3331 3581 eosque
3374 3524 3407 3564 r
3476 3515 3646 3602 arun‘t
3689 3514 3753 3562 ut
3786 3509 4154 3603 ’vniat'sterium
4202 3506 4358 3573 apud

2397 3573 4357 3725 ‘.†3.‡.5⁰⁹:zz1²;a”‘1·1.55.22?2..3⁹5.2..t.refiget-..atita

2397 3734 2455 3773 se
2501 3724 2659 3774 contu
2683 3720 2728 3773 it
2772 3735 2841 3771 m.
2891 3715 3132 3772 octobre.
3218 3715 3438 3771 Interea
3487 3713 4018 3779 Franeofordtenses
4054 3714 4355 3781 populares

2397 3803 2529 3842 suos
2580 3786 2936 3869 Arqentorati
2982 3791 3033 3839 et
3091 3784 3281 3840 Turia·
3329 3788 3719 3840 commorantes
3769 3783 4139 3836 invitaverant
4188 3786 4250 3837 ut
4300 3795 4358 3836 ss

2395 3858 2537 3925 ipsis
2570 3856 2948 3925 adimerent,
2984 3855 3084 3976 sti
3114 3860 3293 3908 tamen
3311 3868 3475 3924 quum
3492 3852 3658 3906 aliam
3685 3853 3973 3932 litun-qiam.
3988 3866 4155 3932 quam·
4178 3850 4355 3930 anah}

2394 3925 2800 4058 2222ssssss
2817 3925 2896 4047 34·
2909 3919 4356 4071 teat.⁸⁶.22⁰⁶332555.⁸.25⁹,2235.2.²²2.‘’zssffw

2391 4067 2493 4134 qia
2528 4064 2587 4117 in
2623 4062 2809 4117 eadem
2842 4066 3016 4115 essent
3050 4065 3108 4114 at
3147 4075 3211 4113 ue
3243 4067 3442 4116 coetera
3476 4060 3744 4128 opimone.
3810 4056 4053 4111 Exstant
4089 4056 4155 4111 de
4188 4072 4252 4112 ea
4287 4070 4347 4110 re

2395 4133 2653 4200 epistolae
2698 4135 2916 4184 mutuae
2957 4145 3027 4182 m.
3135 4144 3216 4182 ov.
3261 4134 3309 4182 et
3356 4126 3491 4183 Dec.
3537 4128 3786 4195 scriptae.
3870 4124 3995 4180 Iam
4043 4126 4123 4180 sic
4170 4127 4349 4193 perqit

2395 4203 2652 4255 narratio
2683 4200 2745 4253 in
2779 4200 2918 4253 libro
2950 4214 3017 4254 su
3089 4213 3127 4251 a
3154 4199 3337 4266 primo
3371 4197 3487 4250 loco
3519 4195 3772 4250 laudato.-
3815 4195 3896 4247 At
3929 4194 4116 4262 length
4153 4194 4198 4246 it
4233 4209 4347 4246 vas

2396 4269 2597 4339 agreed
2642 4269 2765 4350 that
2806 4268 2902 4321 the
2922 4284 3012 4348 ,or
3052 4283 3114 4321 er
3154 4265 3216 4320 of
3254 4265 3474 4320 Genevs
3508 4263 3743 4347 (vyhiche
3779 4279 3893 4316 was
3927 4262 4057 4316 then
4109 4259 4348 4315 ali-endis

2395 4338 2616 4461 {tw
2632 4355 2762 4460 4¹1¹..
2776 4336 3067 4475 &53:¹¹2
3088 4335 3195 4457 2¹:5¹
3221 4350 3395 4457 ..t-‘3¹25
3418 4349 3629 4456 3332?
3640 4332 3837 4471 ,353⁰
3849 4329 4317 4453 13οεῖἷὲοέἒῖ

2394 4476 2534 4529 from
2570 4474 2944 4545 superstition.
3016 4473 3127 4526 But
3160 4472 3390 4525 Meister
3423 4471 3587 4525 Knox
3631 4470 3825 4536 beinge
3870 4468 4075 4537 spoken
4116 4471 4249 4520 unto
4284 4483 4345 4520 as

2396 4545 2521 4599 well
2555 4551 2615 4598 to
2649 4549 2750 4613 put
2782 4543 2905 4595 that
2934 4542 3112 4595 order
3145 4542 3203 4593 in
3239 4540 3474 4610 practice
3510 4555 3568 4592 ss
3604 4543 3663 4592 to
3698 4538 3946 4591 minister
3979 4536 4074 4589 the
4109 4550 4345 4588 commu·

2395 4614 2543 4678 nion,
2593 4611 2809 4666 refused
2854 4615 2913 4664 to
2948 4609 3019 4663 do
3066 4610 3241 4663 either
3274 4609 3369 4662 the
3416 4625 3520 4662 one
3555 4625 3619 4662 or
3664 4607 3758 4661 the
3804 4607 3989 4659 other:
4044 4604 4238 4657 affin-mi

2393 4682 2518 4735 that
2551 4680 2638 4735 sor
2671 4680 2847 4734 menie
2882 4678 3309 4733 consideratione
3344 4678 3412 4732 he
3448 4677 3638 4730 coulde
3672 4681 3771 4729 not
3802 4679 4057 4727 consents
4092 4672 4214 4725 that
4249 4680 4272 4725 t
4312 4689 4347 4726 e

2394 4766 2543 4803 same
2585 4749 2745 4803 order
2781 4748 2973 4802 shulde
3008 4749 3077 4800 be
3113 4746 3381 4816 practised
3418 4747 3505 4799 till
3540 4745 3633 4798 the
3668 4743 3855 4796 lerned
3891 4757 4012 4796 men
4047 4740 4110 4794 os
4128 4741 4342 4795 Straus-

2393 4821 2495 4872 bro
2569 4819 2625 4888 h,
2670 4818 2881 4881 anick,
2919 4817 3129 4870 Emden
3167 4821 3269 4870 etc.
3315 4831 3461 4868 were
3513 4814 3669 4867 made
3722 4813 3894 4882 privy.
3964 4809 4195 4863 Neither
4246 4815 4345 4880 yet

2393 4836 2607 4942 wotffie
2641 4887 2711 4941 he
2746 4887 2993 4941 minister
3026 4885 3122 4938 the
3157 4885 3498 4940 communion
3532 4884 3609 4953 by
3644 4881 3738 4934 the
3760 4879 3941 4934 Booke
3970 4878 4032 4932 os
4044 4878 4340 4947 Englsnde,

2391 4957 2480 5011 for
2513 4956 2637 5010 that
2669 4956 2827 5009 there
2851 4971 2998 5009 were
3032 4954 3217 5035 things
3251 4956 3305 5007 in
3342 4953 3389 5005 it
3421 4951 3611 5022 placed
3648 4951 3729 5017 (as
3763 4949 3833 5002 he
3868 4947 4042 5007 saied)
4068 4947 4190 5001 onel
4263 4949 4342 5018 by

2393 5032 2635 5078 wat-rant
2669 5024 2731 5078 of
2758 5023 2925 5077 man’s
2960 5022 3254 5077 authoritie
3288 5021 3396 5074 and
3433 5037 3502 5074 no
3536 5017 3796 5088 grownde
3830 5019 3884 5071 in
3912 5015 4109 5072 Godd’s
4208 5017 4345 5070 orde

2390 5094 2477 5148 for
2515 5094 2607 5147 the
2642 5110 2805 5158 same,
2842 5093 2949 5147 and
2984 5092 3093 5145 had
3127 5091 3240 5144 also
3277 5107 3311 5145 a
3344 5090 3502 5158 longe
3538 5100 3682 5159 tyme
3709 5102 3870 5155 verye
3903 5085 4347 5155 superstitiously

2391 5164 2448 5217 in
2485 5163 2580 5216 the
2616 5163 2793 5216 Messe
2828 5162 2936 5232 byn
2974 5160 3239 5229 wickedly
3285 5158 3503 5211 abnsed.
3578 5156 3685 5210 But
3718 5156 3801 5226 yff
3829 5155 3896 5207 he
3931 5154 4103 5224 migth
4140 5164 4237 5210 not
4271 5156 4344 5208 be

2391 5231 2627 5286 suffered
2661 5237 2720 5285 to
2738 5232 2986 5284 minister
3019 5230 3113 5282 the
3136 5233 3465 5282 sacramente
3483 5225 3801 5292 accordinge
3836 5230 3895 5278 to
3918 5224 4003 5277 his
4027 5224 4347 5278 conscience

2391 5300 2461 5354 he
2496 5301 2629 5355 then
2672 5300 2962 5369 requested
2998 5300 3120 5352 that
3152 5313 3300 5351 some
3336 5298 3494 5350 other
3529 5294 3703 5364 might
3737 5294 3987 5347 minister
4020 5292 4114 5347 the
4162 5308 4365 5348 sacra--

3854 5377 3924 5432 22
